|j|☆Gurrasnurra5
|j|☆erik311
|t:|1750797960
|gametype|doubles
|player|p1|Gurrasnurra5|wattson|
|player|p2|erik311|elesa-masters|
|teamsize|p1|6
|teamsize|p2|6
|gen|9
|tier|[Gen 9] VGC 2025 Reg I
|rated|Tournament battle
|rule|Species Clause: Limit one of each Pokémon
|rule|Item Clause: Limit 1 of each item
|raw|<div class="infobox"><details class="readmore" open><summary><strong>2 custom rules:</strong></summary> Force Open Team Sheets, !Open Team Sheets</details></div>
|clearpoke
|poke|p1|Koraidon, L50|
|poke|p1|Whimsicott, L50, M|
|poke|p1|Chi-Yu, L50|
|poke|p1|Calyrex-Shadow, L50|
|poke|p1|Smeargle, L50, M|
|poke|p1|Rillaboom, L50, F|
|poke|p2|Miraidon, L50|
|poke|p2|Lunala, L50|
|poke|p2|Incineroar, L50, M|
|poke|p2|Ursaluna, L50, M|
|poke|p2|Urshifu-*, L50, M|
|poke|p2|Whimsicott, L50, F|
|teampreview|4
|showteam|p1|Koraidon||LifeOrb|OrichalcumPulse|Protect,FlameCharge,FlareBlitz,CloseCombat||||||50|,,,,,Fire]Whimsicott||CovertCloak|Prankster|LightScreen,Tailwind,Encore,Moonblast|||M|||50|,,,,,Dark]Chi-Yu||ChoiceScarf|BeadsofRuin|Overheat,HeatWave,DarkPulse,Snarl||||||50|,,,,,Ghost]Calyrex-Shadow||SpookyPlate|AsOneSpectrier|Protect,AstralBarrage,Psychic,NastyPlot||||||50|,,,,,Dark]Smeargle||FocusSash|Moody|Spore,FollowMe,Decorate,FakeOut|||M|||50|,,,,,Grass]Rillaboom||AssaultVest|GrassySurge|WoodHammer,GrassyGlide,Uturn,FakeOut|||F|||50|,,,,,Fire
|showteam|p2|Miraidon||ChoiceSpecs|HadronEngine|DazzlingGleam,ElectroDrift,DracoMeteor,VoltSwitch||||||50|,,,,,Fairy]Lunala||ElectricSeed|ShadowShield|MoongeistBeam,Moonblast,WideGuard,TrickRoom||||||50|,,,,,Fairy]Incineroar||AssaultVest|Intimidate|FlareBlitz,KnockOff,Uturn,FakeOut|||M|||50|,,,,,Bug]Ursaluna||FlameOrb|Guts|Facade,HeadlongRush,Earthquake,Protect|||M|||50|,,,,,Ghost]Urshifu-Rapid-Strike||ChoiceBand|UnseenFist|SurgingStrikes,CloseCombat,Uturn,AquaJet|||M|||50|,,,,,Ghost]Whimsicott||CovertCloak|Prankster|Moonblast,Encore,LightScreen,Tailwind|||F|||50|,,,,,Water
|inactive|Battle timer is ON: inactive players will automatically lose when time's up. (requested by erik311)
|c|☆Gurrasnurra5|glhf!
|c|☆erik311|glhf
|inactive|Gurrasnurra5 has 60 seconds left.
|inactive|erik311 has 60 seconds left.
|
|t:|1750798003
|start
|switch|p1a: Rillaboom|Rillaboom, L50, F|100/100
|switch|p1b: Koraidon|Koraidon, L50|100/100
|switch|p2a: Lunala|Lunala, L50|100/100
|switch|p2b: Incineroar|Incineroar, L50, M|100/100
|-weather|SunnyDay|[from] ability: Orichalcum Pulse|[of] p1b: Koraidon
|-activate|p1b: Koraidon|Orichalcum Pulse|[source]
|-fieldstart|move: Grassy Terrain|[from] ability: Grassy Surge|[of] p1a: Rillaboom
|-ability|p2b: Incineroar|Intimidate|boost
|-unboost|p1a: Rillaboom|atk|1
|-unboost|p1b: Koraidon|atk|1
|turn|1
|
|t:|1750798024
|move|p2b: Incineroar|Fake Out|p1b: Koraidon
|-damage|p1b: Koraidon|89/100
|cant|p1b: Koraidon|flinch
|move|p1a: Rillaboom|Wood Hammer|p2a: Lunala
|-damage|p2a: Lunala|84/100
|-damage|p1a: Rillaboom|95/100|[from] Recoil
|move|p2a: Lunala|Trick Room|p2a: Lunala
|-fieldstart|move: Trick Room|[of] p2a: Lunala
|
|-weather|SunnyDay|[upkeep]
|-heal|p1a: Rillaboom|100/100|[from] Grassy Terrain
|-heal|p2a: Lunala|90/100|[from] Grassy Terrain
|-heal|p1b: Koraidon|95/100|[from] Grassy Terrain
|upkeep
|turn|2
|
|t:|1750798043
|move|p1b: Koraidon|Protect|p1b: Koraidon
|-singleturn|p1b: Koraidon|Protect
|move|p2b: Incineroar|Flare Blitz|p1a: Rillaboom
|-supereffective|p1a: Rillaboom
|-damage|p1a: Rillaboom|0 fnt
|faint|p1a: Rillaboom
|-damage|p2b: Incineroar|67/100|[from] Recoil
|move|p2a: Lunala|Moongeist Beam|p1b: Koraidon
|-activate|p1b: Koraidon|move: Protect
|
|-weather|SunnyDay|[upkeep]
|-heal|p2b: Incineroar|73/100|[from] Grassy Terrain
|-heal|p2a: Lunala|97/100|[from] Grassy Terrain
|-heal|p1b: Koraidon|100/100|[from] Grassy Terrain
|upkeep
|
|t:|1750798055
|switch|p1a: Calyrex|Calyrex-Shadow, L50|100/100
|-ability|p1a: Calyrex|As One
|-ability|p1a: Calyrex|Unnerve
|turn|3
|
|t:|1750798073
|-terastallize|p2a: Lunala|Fairy
|-terastallize|p1a: Calyrex|Dark
|move|p2b: Incineroar|U-turn|p1b: Koraidon
|-resisted|p1b: Koraidon
|-damage|p1b: Koraidon|91/100
|
|t:|1750798078
|switch|p2b: Ursaluna|Ursaluna, L50, M|100/100|[from] U-turn
|move|p2a: Lunala|Moongeist Beam|p1b: Koraidon
|-damage|p1b: Koraidon|33/100
|move|p1b: Koraidon|Close Combat|p2b: Ursaluna
|-supereffective|p2b: Ursaluna
|-damage|p2b: Ursaluna|0 fnt
|-unboost|p1b: Koraidon|def|1
|-unboost|p1b: Koraidon|spd|1
|faint|p2b: Ursaluna
|-damage|p1b: Koraidon|24/100|[from] item: Life Orb
|move|p1a: Calyrex|Astral Barrage|p2a: Lunala
|-damage|p2a: Lunala|35/100
|
|-weather|SunnyDay|[upkeep]
|-heal|p2a: Lunala|41/100|[from] Grassy Terrain
|-heal|p1b: Koraidon|30/100|[from] Grassy Terrain
|upkeep
|j| imgoldshark07
|
|t:|1750798087
|switch|p2b: Incineroar|Incineroar, L50, M|73/100
|-ability|p2b: Incineroar|Intimidate|boost
|-unboost|p1a: Calyrex|atk|1
|-unboost|p1b: Koraidon|atk|1
|turn|4
|
|t:|1750798097
|switch|p1b: Chi-Yu|Chi-Yu, L50|100/100
|-ability|p1b: Chi-Yu|Beads of Ruin
|move|p1a: Calyrex|Protect|p1a: Calyrex
|-singleturn|p1a: Calyrex|Protect
|move|p2b: Incineroar|Knock Off|p1b: Chi-Yu
|-resisted|p1b: Chi-Yu
|-damage|p1b: Chi-Yu|68/100
|-enditem|p1b: Chi-Yu|Choice Scarf|[from] move: Knock Off|[of] p2b: Incineroar
|move|p2a: Lunala|Moonblast|p1a: Calyrex
|-activate|p1a: Calyrex|move: Protect
|
|-weather|SunnyDay|[upkeep]
|-heal|p2b: Incineroar|79/100|[from] Grassy Terrain
|-heal|p2a: Lunala|47/100|[from] Grassy Terrain
|-heal|p1b: Chi-Yu|75/100|[from] Grassy Terrain
|upkeep
|turn|5
|j| mysticmarshtomp
|
|t:|1750798113
|switch|p1a: Koraidon|Koraidon, L50|30/100
|-activate|p1a: Koraidon|ability: Orichalcum Pulse
|move|p2b: Incineroar|Flare Blitz|p1b: Chi-Yu
|-resisted|p1b: Chi-Yu
|-damage|p1b: Chi-Yu|5/100
|-damage|p2b: Incineroar|64/100|[from] Recoil
|move|p2a: Lunala|Moonblast|p1a: Koraidon
|-supereffective|p1a: Koraidon
|-crit|p1a: Koraidon
|-damage|p1a: Koraidon|0 fnt
|faint|p1a: Koraidon
|move|p1b: Chi-Yu|Heat Wave|p2a: Lunala|[spread] p2a,p2b
|-resisted|p2b: Incineroar
|-damage|p2a: Lunala|0 fnt
|-damage|p2b: Incineroar|37/100
|faint|p2a: Lunala
|
|-weather|none
|-heal|p2b: Incineroar|43/100|[from] Grassy Terrain
|-heal|p1b: Chi-Yu|11/100|[from] Grassy Terrain
|-fieldend|move: Trick Room
|-fieldend|move: Grassy Terrain
|upkeep
|
|t:|1750798127
|switch|p1a: Calyrex|Calyrex-Shadow, L50, tera:Dark|100/100
|switch|p2a: Miraidon|Miraidon, L50|100/100
|-ability|p1a: Calyrex|As One
|-ability|p1a: Calyrex|Unnerve
|-fieldstart|move: Electric Terrain|[from] ability: Hadron Engine|[of] p2a: Miraidon
|turn|6
|j| St. Jude tour prep
|inactive|Gurrasnurra5 has 30 seconds left.
|
|t:|1750798159
|move|p1a: Calyrex|Astral Barrage|p2a: Miraidon|[spread] p2a,p2b
|-resisted|p2b: Incineroar
|-damage|p2a: Miraidon|33/100
|-damage|p2b: Incineroar|17/100
|move|p2a: Miraidon|Dazzling Gleam|p1b: Chi-Yu|[spread] p1a,p1b
|-supereffective|p1a: Calyrex
|-damage|p1a: Calyrex|0 fnt
|-damage|p1b: Chi-Yu|0 fnt
|faint|p1a: Calyrex
|faint|p1b: Chi-Yu
|
|win|erik311
|n|☆Gurrasnurra5|gurrasnurra5
|n|☆erik311|erik311
|n| imgoldshark07|imgoldshark07
|n| mysticmarshtomp|mysticmarshtomp
|n| St. Jude tour prep|stjudetourprep
|l|☆Gurrasnurra5
|player|p1|
|l| St. Jude tour prep
|c|☆erik311|gg
|l|☆erik311
|player|p2|
|j|☆erik311
|player|p2|erik311|elesa-masters|
|l|☆erik311
|player|p2|
|j|☆erik311
|player|p2|erik311|elesa-masters|
