|j|☆LH8xWDCorbst
|j|☆EPeaceVGC
|t:|1750787787
|gametype|doubles
|player|p1|LH8xWDCorbst|red|1327
|player|p2|EPeaceVGC|1|1404
|teamsize|p1|6
|teamsize|p2|4
|gen|9
|tier|[Gen 9] VGC 2025 Reg I
|rated|
|rule|Species Clause: Limit one of each Pokémon
|rule|Item Clause: Limit 1 of each item
|clearpoke
|poke|p1|Calyrex-Ice, L50|
|poke|p1|Miraidon, L50|
|poke|p1|Farigiraf, L50, M|
|poke|p1|Ogerpon-Wellspring, L50, F|
|poke|p1|Volcarona, L50, M|
|poke|p1|Iron Hands, L50|
|poke|p2|Lunala, L50|
|poke|p2|Indeedee-F, L50, F|
|poke|p2|Calyrex-Ice, L50|
|poke|p2|Incineroar, L50, M|
|teampreview|4
|inactive|Battle timer is ON: inactive players will automatically lose when time's up. (requested by EPeaceVGC)
|inactive|LH8xWDCorbst has 60 seconds left.
|
|t:|1750787844
|start
|switch|p1a: Dream|Ogerpon-Wellspring, L50, F|100/100
|switch|p1b: Dragon|Miraidon, L50|100/100
|switch|p2a: Indeedee|Indeedee-F, L50, F|100/100
|switch|p2b: Calyrex|Calyrex-Ice, L50|100/100
|-ability|p2b: Calyrex|As One
|-ability|p2b: Calyrex|Unnerve
|-fieldstart|move: Electric Terrain|[from] ability: Hadron Engine|[of] p1b: Dragon
|-fieldstart|move: Psychic Terrain|[from] ability: Psychic Surge|[of] p2a: Indeedee
|turn|1
|
|t:|1750787862
|move|p2a: Indeedee|Follow Me|p2a: Indeedee
|-singleturn|p2a: Indeedee|move: Follow Me
|move|p1b: Dragon|Draco Meteor|p2a: Indeedee
|-damage|p2a: Indeedee|8/100
|-unboost|p1b: Dragon|spa|2
|move|p1a: Dream|Ivy Cudgel|p2a: Indeedee|[anim] Ivy Cudgel Water
|-damage|p2a: Indeedee|0 fnt
|faint|p2a: Indeedee
|move|p2b: Calyrex|Trick Room|p2b: Calyrex
|-fieldstart|move: Trick Room|[of] p2b: Calyrex
|
|upkeep
|
|t:|1750787875
|switch|p2a: Lunala|Lunala, L50|100/100
|-enditem|p2a: Lunala|Psychic Seed
|-boost|p2a: Lunala|spd|1|[from] item: Psychic Seed
|turn|2
|inactive|LH8xWDCorbst has 30 seconds left.
|
|t:|1750787900
|move|p2b: Calyrex|Glacial Lance|p1a: Dream|[spread] p1a,p1b
|-supereffective|p1b: Dragon
|-crit|p1b: Dragon
|-damage|p1a: Dream|29/100
|-damage|p1b: Dragon|0 fnt
|faint|p1b: Dragon
|-ability|p2b: Calyrex|Chilling Neigh|boost
|-boost|p2b: Calyrex|atk|1
|move|p2a: Lunala|Expanding Force|p1a: Dream
|-damage|p1a: Dream|0 fnt
|faint|p1a: Dream
|
|upkeep
|
|t:|1750787908
|switch|p1a: White Knight|Calyrex-Ice, L50|100/100
|switch|p1b: Fire Bug|Volcarona, L50, M|100/100
|-ability|p1a: White Knight|As One
|-ability|p1a: White Knight|Unnerve
|turn|3
|
|t:|1750787935
|-terastallize|p2b: Calyrex|Fire
|-terastallize|p1a: White Knight|Fire
|move|p2b: Calyrex|Glacial Lance|p1a: White Knight|[spread] p1a,p1b
|-resisted|p1a: White Knight
|-resisted|p1b: Fire Bug
|-damage|p1a: White Knight|75/100
|-damage|p1b: Fire Bug|63/100
|move|p1a: White Knight|High Horsepower|p2a: Lunala
|-damage|p2a: Lunala|84/100
|move|p2a: Lunala|Moongeist Beam|p1a: White Knight
|-damage|p1a: White Knight|35/100
|move|p1b: Fire Bug|Fiery Dance|p2b: Calyrex
|-resisted|p2b: Calyrex
|-damage|p2b: Calyrex|89/100
|-boost|p1b: Fire Bug|spa|1
|
|upkeep
|turn|4
|
|t:|1750787959
|move|p2b: Calyrex|Protect|p2b: Calyrex
|-singleturn|p2b: Calyrex|Protect
|move|p1a: White Knight|Glacial Lance|p2b: Calyrex|[spread] p2a
|-activate|p2b: Calyrex|move: Protect
|-damage|p2a: Lunala|44/100
|move|p2a: Lunala|Expanding Force|p1b: Fire Bug|[spread] p1a,p1b
|-damage|p1a: White Knight|0 fnt
|-damage|p1b: Fire Bug|4/100
|faint|p1a: White Knight
|move|p1b: Fire Bug|Struggle Bug|p2b: Calyrex|[spread] p2a
|-activate|p2b: Calyrex|move: Protect
|-damage|p2a: Lunala|33/100
|-unboost|p2a: Lunala|spa|1
|
|upkeep
|turn|5
|c|☆LH8xWDCorbst|Ggwp
|-message|LH8xWDCorbst forfeited.
|
|win|EPeaceVGC
|raw|LH8xWDCorbst's rating: 1327 &rarr; <strong>1311</strong><br />(-16 for losing)
|raw|EPeaceVGC's rating: 1404 &rarr; <strong>1420</strong><br />(+16 for winning)
