|j|☆entrail$
|j|☆Richard123456789
|t:|1750814088
|gametype|doubles
|player|p1|entrail$|lady|1254
|player|p2|Richard123456789|harlequin|1220
|teamsize|p1|6
|teamsize|p2|6
|gen|9
|tier|[Gen 9] VGC 2025 Reg I
|rated|
|rule|Species Clause: Limit one of each Pokémon
|rule|Item Clause: Limit 1 of each item
|clearpoke
|poke|p1|Ho-Oh, L50|
|poke|p1|Kyogre, L50|
|poke|p1|Tornadus, L50, M|
|poke|p1|Urshifu-*, L50, F|
|poke|p1|Ogerpon-Cornerstone, L50, F|
|poke|p1|Archaludon, L50, F|
|poke|p2|Koraidon, L50|
|poke|p2|Zamazenta-*, L50|
|poke|p2|Lilligant-Hisui, L50, F|
|poke|p2|Zapdos-Galar, L50|
|poke|p2|Iron Valiant, L50|
|poke|p2|Scrafty, L50, M|
|teampreview|4
|inactive|Battle timer is ON: inactive players will automatically lose when time's up. (requested by Richard123456789)
|inactive|Richard123456789 has 60 seconds left.
|l|☆entrail$
|inactive|entrail$ disconnected and has a minute to reconnect!
|player|p1|
|j|☆entrail$
|inactive|entrail$ reconnected.
|player|p1|entrail$|lady|
|
|t:|1750814147
|start
|switch|p1a: Thornton|Tornadus, L50, M|100/100
|switch|p1b: Ooh|Ho-Oh, L50, shiny|100/100
|switch|p2a: Zamazenta|Zamazenta-Crowned, L50|100/100
|switch|p2b: Zapdos|Zapdos-Galar, L50|100/100
|-ability|p2a: Zamazenta|Dauntless Shield|boost
|-boost|p2a: Zamazenta|def|1
|turn|1
|inactive|Richard123456789 has 30 seconds left.
|
|t:|1750814173
|-terastallize|p1b: Ooh|Ground
|move|p2a: Zamazenta|Protect|p2a: Zamazenta
|-singleturn|p2a: Zamazenta|Protect
|move|p1a: Thornton|Tailwind|p1a: Thornton
|-sidestart|p1: entrail$|move: Tailwind
|move|p1b: Ooh|Earthquake|p2b: Zapdos|[spread] 
|-activate|p2a: Zamazenta|move: Protect
|-immune|p1a: Thornton
|-immune|p2b: Zapdos
|move|p2b: Zapdos|Tailwind|p2b: Zapdos
|-sidestart|p2: Richard123456789|move: Tailwind
|
|upkeep
|turn|2
|
|t:|1750814197
|switch|p2b: Scrafty|Scrafty, L50, M|100/100
|-ability|p2b: Scrafty|Intimidate|boost
|-unboost|p1a: Thornton|atk|1
|-fail|p1b: Ooh|unboost|[from] item: Clear Amulet|[of] p1b: Ooh
|move|p2a: Zamazenta|Wide Guard|p2a: Zamazenta
|-singleturn|p2a: Zamazenta|Wide Guard
|move|p1a: Thornton|Taunt|p2a: Zamazenta
|-start|p2a: Zamazenta|move: Taunt
|move|p1b: Ooh|Earthquake|p2b: Scrafty|[spread] 
|-activate|p2a: Zamazenta|move: Wide Guard
|-activate|p2b: Scrafty|move: Wide Guard
|-immune|p1a: Thornton
|
|upkeep
|turn|3
|
|t:|1750814218
|move|p2b: Scrafty|Fake Out|p1b: Ooh
|-damage|p1b: Ooh|93/100
|move|p2a: Zamazenta|Body Press|p1b: Ooh
|-damage|p1b: Ooh|39/100
|move|p1a: Thornton|Bleakwind Storm|p2a: Zamazenta|[spread] p2a
|-miss|p1a: Thornton|p2b: Scrafty
|-damage|p2a: Zamazenta|75/100
|-unboost|p2a: Zamazenta|spe|1
|cant|p1b: Ooh|flinch
|
|upkeep
|turn|4
|
|t:|1750814241
|switch|p2b: Zapdos|Zapdos-Galar, L50|100/100
|move|p1a: Thornton|Protect|p1a: Thornton
|-singleturn|p1a: Thornton|Protect
|move|p1b: Ooh|Earthquake|p2a: Zamazenta|[spread] p2a
|-activate|p1a: Thornton|move: Protect
|-immune|p2b: Zapdos
|-supereffective|p2a: Zamazenta
|-damage|p2a: Zamazenta|47/100
|move|p2a: Zamazenta|Body Press|p1b: Ooh
|-damage|p1b: Ooh|0 fnt
|faint|p1b: Ooh
|
|-sideend|p1: entrail$|move: Tailwind
|-sideend|p2: Richard123456789|move: Tailwind
|upkeep
|
|t:|1750814259
|switch|p1b: King 2 a God?|Urshifu, L50, F|100/100
|turn|5
|inactive|Richard123456789 has 30 seconds left.
|
|t:|1750814285
|-terastallize|p2a: Zamazenta|Water
|move|p1a: Thornton|Taunt|p2b: Zapdos
|-start|p2b: Zapdos|move: Taunt
|cant|p2b: Zapdos|move: Taunt|Tailwind
|move|p1b: King 2 a God?|Close Combat|p2a: Zamazenta
|-damage|p2a: Zamazenta|19/100
|-unboost|p1b: King 2 a God?|def|1
|-unboost|p1b: King 2 a God?|spd|1
|move|p2a: Zamazenta|Body Press|p1b: King 2 a God?
|-supereffective|p1b: King 2 a God?
|-enditem|p1b: King 2 a God?|Focus Sash
|-damage|p1b: King 2 a God?|1/100
|
|-end|p2a: Zamazenta|move: Taunt
|upkeep
|turn|6
|inactive|entrail$ has 30 seconds left.
|inactive|Richard123456789 has 30 seconds left.
|inactive|Richard123456789 has 20 seconds left.
|inactive|Richard123456789 has 15 seconds left.
|
|t:|1750814326
|switch|p2a: Scrafty|Scrafty, L50, M|100/100
|-ability|p2a: Scrafty|Intimidate|boost
|-unboost|p1a: Thornton|atk|1
|-unboost|p1b: King 2 a God?|atk|1
|move|p1b: King 2 a God?|Sucker Punch||[still]
|-fail|p1b: King 2 a God?
|move|p1a: Thornton|Tailwind|p1a: Thornton
|-sidestart|p1: entrail$|move: Tailwind
|move|p2b: Zapdos|Acrobatics|p1b: King 2 a God?
|-supereffective|p1b: King 2 a God?
|-damage|p1b: King 2 a God?|0 fnt
|faint|p1b: King 2 a God?
|
|upkeep
|
|t:|1750814339
|switch|p1b: Baleine|Kyogre, L50|100/100
|-weather|RainDance|[from] ability: Drizzle|[of] p1b: Baleine
|turn|7
|inactive|Richard123456789 has 30 seconds left.
|
|t:|1750814369
|switch|p2b: Zamazenta|Zamazenta-Crowned, L50, tera:Water|19/100
|move|p1b: Baleine|Protect|p1b: Baleine
|-singleturn|p1b: Baleine|Protect
|move|p2a: Scrafty|Fake Out|p1b: Baleine
|-activate|p1b: Baleine|move: Protect
|move|p1a: Thornton|Bleakwind Storm|p2a: Scrafty|[spread] p2a,p2b
|-supereffective|p2a: Scrafty
|-damage|p2a: Scrafty|47/100
|-damage|p2b: Zamazenta|0 fnt
|-unboost|p2a: Scrafty|spe|1
|faint|p2b: Zamazenta
|
|-weather|RainDance|[upkeep]
|-heal|p2a: Scrafty|53/100|[from] item: Leftovers
|upkeep
|inactive|Richard123456789 has 30 seconds left.
|
|t:|1750814395
|switch|p2b: Koraidon|Koraidon, L50|100/100
|-weather|SunnyDay|[from] ability: Orichalcum Pulse|[of] p2b: Koraidon
|-activate|p2b: Koraidon|Orichalcum Pulse|[source]
|turn|8
|
|t:|1750814413
|move|p2a: Scrafty|Helping Hand|p2b: Koraidon
|-singleturn|p2b: Koraidon|Helping Hand|[of] p2a: Scrafty
|move|p1a: Thornton|Bleakwind Storm|p2b: Koraidon|[spread] p2a,p2b
|-supereffective|p2a: Scrafty
|-supereffective|p2b: Koraidon
|-damage|p2a: Scrafty|0 fnt
|-damage|p2b: Koraidon|63/100
|faint|p2a: Scrafty
|move|p1b: Baleine|Thunder|p2b: Koraidon|[miss]
|-miss|p1b: Baleine|p2b: Koraidon
|move|p2b: Koraidon|Collision Course|p1b: Baleine
|-damage|p1b: Baleine|0 fnt
|faint|p1b: Baleine
|
|-weather|SunnyDay|[upkeep]
|upkeep
|
|t:|1750814427
|switch|p2a: Zapdos|Zapdos-Galar, L50|100/100
|turn|9
|
|t:|1750814435
|move|p1a: Thornton|Taunt|p2a: Zapdos
|-start|p2a: Zapdos|move: Taunt
|move|p2a: Zapdos|Acrobatics|p1a: Thornton
|-damage|p1a: Thornton|73/100
|move|p2b: Koraidon|Flare Blitz|p1a: Thornton
|-damage|p1a: Thornton|0 fnt
|faint|p1a: Thornton
|-damage|p2b: Koraidon|41/100|[from] Recoil
|
|win|Richard123456789
|raw|entrail$'s rating: 1254 &rarr; <strong>1227</strong><br />(-27 for losing)
|raw|Richard123456789's rating: 1220 &rarr; <strong>1247</strong><br />(+27 for winning)
|l|☆entrail$
|player|p1|
|l|☆Richard123456789
|player|p2|
