|j|☆ihopeafairmatch
|j|☆JoeyFromFullHouse
|t:|1750856464
|gametype|doubles
|player|p1|ihopeafairmatch|ghetsis|1437
|player|p2|JoeyFromFullHouse|fisherman-gen4|1410
|teamsize|p1|6
|teamsize|p2|6
|gen|9
|tier|[Gen 9] VGC 2025 Reg I
|rated|
|rule|Species Clause: Limit one of each Pokémon
|rule|Item Clause: Limit 1 of each item
|clearpoke
|poke|p1|Kyogre, L50|
|poke|p1|Solgaleo, L50|
|poke|p1|Indeedee-F, L50, F|
|poke|p1|Tornadus, L50, M|
|poke|p1|Basculegion, L50, M|
|poke|p1|Chesnaught, L50, F|
|poke|p2|Rillaboom, L50, F|
|poke|p2|Calyrex-Shadow, L50|
|poke|p2|Zamazenta-*, L50|
|poke|p2|Incineroar, L50, F|
|poke|p2|Raging Bolt, L50|
|poke|p2|Ogerpon-Hearthflame, L50, F|
|teampreview|4
|inactive|Battle timer is ON: inactive players will automatically lose when time's up. (requested by JoeyFromFullHouse)
|inactive|ihopeafairmatch also wants the timer to be on.
|inactive|ihopeafairmatch has 60 seconds left.
|
|t:|1750856501
|start
|switch|p1a: Basculegion|Basculegion, L50, M|100/100
|switch|p1b: Kyogre|Kyogre, L50|100/100
|switch|p2a: Raging Bolt|Raging Bolt, L50|100/100
|switch|p2b: Zamazenta|Zamazenta-Crowned, L50|100/100
|-ability|p2b: Zamazenta|Dauntless Shield|boost
|-boost|p2b: Zamazenta|def|1
|-weather|RainDance|[from] ability: Drizzle|[of] p1b: Kyogre
|-enditem|p2a: Raging Bolt|Booster Energy
|-activate|p2a: Raging Bolt|ability: Protosynthesis|[fromitem]
|-start|p2a: Raging Bolt|protosynthesisspa
|turn|1
|
|t:|1750856522
|switch|p1b: Indeedee|Indeedee-F, L50, F|100/100
|-fieldstart|move: Psychic Terrain|[from] ability: Psychic Surge|[of] p1b: Indeedee
|-terastallize|p1a: Basculegion|Water
|move|p2b: Zamazenta|Wide Guard|p2b: Zamazenta
|-singleturn|p2b: Zamazenta|Wide Guard
|move|p1a: Basculegion|Wave Crash|p2b: Zamazenta
|-damage|p2b: Zamazenta|22/100
|-damage|p1a: Basculegion|80/100|[from] Recoil
|move|p2a: Raging Bolt|Thunderbolt|p1a: Basculegion
|-supereffective|p1a: Basculegion
|-damage|p1a: Basculegion|0 fnt
|faint|p1a: Basculegion
|
|-weather|RainDance|[upkeep]
|upkeep
|
|t:|1750856545
|switch|p1a: Solgaleo|Solgaleo, L50|100/100
|turn|2
|
|t:|1750856562
|switch|p2b: Rillaboom|Rillaboom, L50, F|100/100
|-fieldstart|move: Grassy Terrain|[from] ability: Grassy Surge|[of] p2b: Rillaboom
|move|p1a: Solgaleo|Protect|p1a: Solgaleo
|-singleturn|p1a: Solgaleo|Protect
|move|p2a: Raging Bolt|Protect|p2a: Raging Bolt
|-singleturn|p2a: Raging Bolt|Protect
|move|p1b: Indeedee|Trick Room|p1b: Indeedee
|-fieldstart|move: Trick Room|[of] p1b: Indeedee
|
|-weather|RainDance|[upkeep]
|upkeep
|turn|3
|
|t:|1750856586
|move|p2b: Rillaboom|Fake Out|p1a: Solgaleo
|-resisted|p1a: Solgaleo
|-crit|p1a: Solgaleo
|-damage|p1a: Solgaleo|92/100
|move|p2a: Raging Bolt|Thunderbolt|p1a: Solgaleo
|-crit|p1a: Solgaleo
|-damage|p1a: Solgaleo|11/100
|move|p1b: Indeedee|Skill Swap|p1a: Solgaleo
|-activate|p1b: Indeedee|move: Skill Swap|||[of] p1a: Solgaleo
|-fieldstart|move: Psychic Terrain|[from] ability: Psychic Surge|[of] p1a: Solgaleo
|cant|p1a: Solgaleo|flinch
|
|-weather|RainDance|[upkeep]
|upkeep
|turn|4
|
|t:|1750856612
|move|p1b: Indeedee|Follow Me|p1b: Indeedee
|-singleturn|p1b: Indeedee|move: Follow Me
|move|p2a: Raging Bolt|Thunderbolt|p1b: Indeedee
|-damage|p1b: Indeedee|41/100
|move|p2b: Rillaboom|U-turn|p1b: Indeedee
|-supereffective|p1b: Indeedee
|-damage|p1b: Indeedee|0 fnt
|faint|p1b: Indeedee
|
|t:|1750856620
|switch|p2b: Zamazenta|Zamazenta-Crowned, L50|22/100|[from] U-turn
|move|p1a: Solgaleo|Psychic Fangs|p2a: Raging Bolt
|-damage|p2a: Raging Bolt|35/100
|-damage|p1a: Solgaleo|2/100|[from] item: Life Orb
|
|-weather|RainDance|[upkeep]
|upkeep
|
|t:|1750856624
|switch|p1b: Kyogre|Kyogre, L50|100/100
|turn|5
|-message|ihopeafairmatch forfeited.
|
|win|JoeyFromFullHouse
|raw|ihopeafairmatch's rating: 1437 &rarr; <strong>1415</strong><br />(-22 for losing)
|raw|JoeyFromFullHouse's rating: 1410 &rarr; <strong>1432</strong><br />(+22 for winning)
|l|☆ihopeafairmatch
|player|p1|
|l|☆JoeyFromFullHouse
|player|p2|
