|j|☆reptar1995
|j|☆Redhoundoom
|t:|1750743767
|gametype|doubles
|player|p1|reptar1995|1|1355
|player|p2|Redhoundoom|266|1396
|teamsize|p1|6
|teamsize|p2|6
|gen|9
|tier|[Gen 9] VGC 2025 Reg I
|rated|
|rule|Species Clause: Limit one of each Pokémon
|rule|Item Clause: Limit 1 of each item
|clearpoke
|poke|p1|Groudon, L50|
|poke|p1|Ho-Oh, L50|
|poke|p1|Incineroar, L50, M|
|poke|p1|Raging Bolt, L50|
|poke|p1|Flutter Mane, L50|
|poke|p1|Scream Tail, L50|
|poke|p2|Incineroar, L50, M|
|poke|p2|Calyrex-Shadow, L50|
|poke|p2|Dondozo, L50, F|
|poke|p2|Tatsugiri, L50, M|
|poke|p2|Zamazenta-*, L50|
|poke|p2|Rillaboom, L50, M|
|teampreview|4
|inactive|Battle timer is ON: inactive players will automatically lose when time's up. (requested by Redhoundoom)
|inactive|reptar1995 also wants the timer to be on.
|inactive|Redhoundoom has 60 seconds left.
|inactive|Redhoundoom has 30 seconds left.
|inactive|Redhoundoom has 20 seconds left.
|inactive|Redhoundoom has 15 seconds left.
|
|t:|1750743845
|start
|switch|p1a: Ho-Oh|Ho-Oh, L50|100/100
|switch|p1b: Flutter Mane|Flutter Mane, L50|100/100
|switch|p2a: Dondito|Dondozo, L50, F|100/100
|switch|p2b: 🤓|Calyrex-Shadow, L50|100/100
|-ability|p2b: 🤓|As One
|-ability|p2b: 🤓|Unnerve
|turn|1
|inactive|Redhoundoom has 30 seconds left.
|inactive|Redhoundoom has 20 seconds left.
|
|t:|1750743881
|move|p2a: Dondito|Protect|p2a: Dondito
|-singleturn|p2a: Dondito|Protect
|move|p2b: 🤓|Astral Barrage|p1b: Flutter Mane|[spread] p1a,p1b
|-supereffective|p1b: Flutter Mane
|-damage|p1a: Ho-Oh|67/100
|-enditem|p1b: Flutter Mane|Focus Sash
|-damage|p1b: Flutter Mane|1/100
|move|p1b: Flutter Mane|Thunderbolt|p2a: Dondito
|-activate|p2a: Dondito|move: Protect
|move|p1a: Ho-Oh|Tailwind|p1a: Ho-Oh
|-sidestart|p1: reptar1995|move: Tailwind
|
|upkeep
|turn|2
|inactive|Redhoundoom has 30 seconds left.
|inactive|Redhoundoom has 20 seconds left.
|
|t:|1750743916
|-terastallize|p2b: 🤓|Ghost
|move|p1b: Flutter Mane|Shadow Ball|p2b: 🤓
|-supereffective|p2b: 🤓
|-damage|p2b: 🤓|12/100
|move|p2b: 🤓|Astral Barrage|p1a: Ho-Oh|[spread] p1a,p1b
|-supereffective|p1b: Flutter Mane
|-damage|p1a: Ho-Oh|24/100
|-damage|p1b: Flutter Mane|0 fnt
|faint|p1b: Flutter Mane
|-end|p1b: Flutter Mane|Protosynthesis|[silent]
|-ability|p2b: 🤓|Grim Neigh|boost
|-boost|p2b: 🤓|spa|1
|move|p1a: Ho-Oh|Safeguard|p1a: Ho-Oh
|-sidestart|p1: reptar1995|Safeguard
|move|p2a: Dondito|Yawn|p1a: Ho-Oh
|-activate|p1a: Ho-Oh|move: Safeguard
|
|upkeep
|
|t:|1750743934
|switch|p1b: Scream Tail|Scream Tail, L50|100/100
|turn|3
|
|t:|1750743952
|switch|p1a: Groudon|Groudon, L50|100/100
|-weather|SunnyDay|[from] ability: Drought|[of] p1a: Groudon
|-activate|p1b: Scream Tail|ability: Protosynthesis
|-start|p1b: Scream Tail|protosynthesisspe
|switch|p2a: Zentai|Zamazenta-Crowned, L50|100/100
|-ability|p2a: Zentai|Dauntless Shield|boost
|-boost|p2a: Zentai|def|1
|move|p1b: Scream Tail|Disable|p2b: 🤓
|-start|p2b: 🤓|Disable|Astral Barrage
|cant|p2b: 🤓|Disable|Astral Barrage
|
|-weather|SunnyDay|[upkeep]
|upkeep
|turn|4
|inactive|reptar1995 has 30 seconds left.
|inactive|Redhoundoom has 30 seconds left.
|inactive|Redhoundoom has 20 seconds left.
|
|t:|1750743989
|move|p2b: 🤓|Protect|p2b: 🤓
|-singleturn|p2b: 🤓|Protect
|move|p2a: Zentai|Protect|p2a: Zentai
|-singleturn|p2a: Zentai|Protect
|move|p1b: Scream Tail|Encore|p2b: 🤓
|-activate|p2b: 🤓|move: Protect
|move|p1a: Groudon|Heat Crash|p2a: Zentai
|-activate|p2a: Zentai|move: Protect
|
|-weather|SunnyDay|[upkeep]
|-sideend|p1: reptar1995|move: Tailwind
|upkeep
|turn|5
|inactive|Redhoundoom has 30 seconds left.
|
|t:|1750744023
|switch|p1a: Ho-Oh|Ho-Oh, L50|58/100
|move|p1b: Scream Tail|Encore|p2b: 🤓
|-start|p2b: 🤓|Encore
|move|p2b: 🤓|Protect||[still]
|-fail|p2b: 🤓
|move|p2a: Zentai|Heavy Slam|p1b: Scream Tail
|-supereffective|p1b: Scream Tail
|-damage|p1b: Scream Tail|19/100
|-damage|p2a: Zentai|84/100|[from] item: Rocky Helmet|[of] p1b: Scream Tail
|
|-weather|SunnyDay|[upkeep]
|upkeep
|turn|6
|inactive|reptar1995 has 30 seconds left.
|inactive|Redhoundoom has 30 seconds left.
|inactive|Redhoundoom has 20 seconds left.
|inactive|Redhoundoom has 15 seconds left.
|
|t:|1750744063
|move|p2b: 🤓|Protect|p2b: 🤓
|-singleturn|p2b: 🤓|Protect
|move|p1b: Scream Tail|Disable|p2a: Zentai
|-start|p2a: Zentai|Disable|Heavy Slam
|move|p2a: Zentai|Body Press|p1b: Scream Tail
|-resisted|p1b: Scream Tail
|-damage|p1b: Scream Tail|6/100
|-damage|p2a: Zentai|67/100|[from] item: Rocky Helmet|[of] p1b: Scream Tail
|move|p1a: Ho-Oh|Flare Blitz|p2a: Zentai
|-supereffective|p2a: Zentai
|-damage|p2a: Zentai|13/100
|-damage|p1a: Ho-Oh|41/100|[from] Recoil
|
|-weather|SunnyDay|[upkeep]
|-end|p2b: 🤓|Disable
|-sideend|p1: reptar1995|Safeguard
|upkeep
|turn|7
|inactive|Redhoundoom has 30 seconds left.
|
|t:|1750744096
|switch|p2b: HomerMmmm|Tatsugiri, L50, M|100/100
|move|p1b: Scream Tail|Disable||[still]
|-fail|p1b: Scream Tail
|move|p2a: Zentai|Body Press|p1b: Scream Tail
|-resisted|p1b: Scream Tail
|-crit|p1b: Scream Tail
|-damage|p1b: Scream Tail|0 fnt
|-damage|p2a: Zentai|0 fnt|[from] item: Rocky Helmet|[of] p1b: Scream Tail
|faint|p1b: Scream Tail
|-end|p1b: Scream Tail|Protosynthesis|[silent]
|faint|p2a: Zentai
|move|p1a: Ho-Oh|Tailwind|p1a: Ho-Oh
|-sidestart|p1: reptar1995|move: Tailwind
|
|-weather|none
|upkeep
|
|t:|1750744115
|switch|p1b: Groudon|Groudon, L50|100/100
|switch|p2a: Dondito|Dondozo, L50, F|100/100
|-weather|SunnyDay|[from] ability: Drought|[of] p1b: Groudon
|-activate|p2b: HomerMmmm|ability: Commander|[of] p2a: Dondito
|-boost|p2a: Dondito|atk|2
|-boost|p2a: Dondito|spa|2
|-boost|p2a: Dondito|spe|2
|-boost|p2a: Dondito|def|2
|-boost|p2a: Dondito|spd|2
|turn|8
|
|t:|1750744133
|move|p1b: Groudon|Thunder Punch|p2a: Dondito
|-supereffective|p2a: Dondito
|-damage|p2a: Dondito|72/100
|move|p1a: Ho-Oh|Safeguard|p1a: Ho-Oh
|-sidestart|p1: reptar1995|Safeguard
|move|p2a: Dondito|Order Up|p1a: Ho-Oh
|-damage|p1a: Ho-Oh|13/100
|-boost|p2a: Dondito|atk|1
|
|-weather|SunnyDay|[upkeep]
|-heal|p2a: Dondito|78/100|[from] item: Leftovers
|upkeep
|turn|9
|
|t:|1750744151
|move|p1b: Groudon|Thunder Punch|p2a: Dondito
|-supereffective|p2a: Dondito
|-damage|p2a: Dondito|47/100
|move|p1a: Ho-Oh|Flare Blitz|p2a: Dondito
|-resisted|p2a: Dondito
|-damage|p2a: Dondito|33/100
|-damage|p1a: Ho-Oh|8/100|[from] Recoil
|move|p2a: Dondito|Order Up|p1a: Ho-Oh
|-damage|p1a: Ho-Oh|0 fnt
|faint|p1a: Ho-Oh
|-boost|p2a: Dondito|atk|1
|
|-weather|SunnyDay|[upkeep]
|-heal|p2a: Dondito|40/100|[from] item: Leftovers
|upkeep
|turn|10
|
|t:|1750744162
|move|p2a: Dondito|Protect|p2a: Dondito
|-singleturn|p2a: Dondito|Protect
|move|p1b: Groudon|Thunder Punch|p2a: Dondito
|-activate|p2a: Dondito|move: Protect
|
|-weather|SunnyDay|[upkeep]
|-heal|p2a: Dondito|46/100|[from] item: Leftovers
|-sideend|p1: reptar1995|move: Tailwind
|upkeep
|turn|11
|
|t:|1750744166
|move|p1b: Groudon|Thunder Punch|p2a: Dondito
|-supereffective|p2a: Dondito
|-damage|p2a: Dondito|18/100
|move|p2a: Dondito|Waterfall|p1b: Groudon
|-supereffective|p1b: Groudon
|-damage|p1b: Groudon|17/100
|
|-weather|SunnyDay|[upkeep]
|-heal|p2a: Dondito|24/100|[from] item: Leftovers
|upkeep
|turn|12
|l|☆reptar1995
|inactive|reptar1995 disconnected and has a minute to reconnect!
|player|p1|
|inactive|reptar1995 has 30 seconds left.
|inactive|reptar1995 has 20 seconds left.
|inactive|reptar1995 has 15 seconds left.
|inactive|reptar1995 has 10 seconds left.
|inactive|reptar1995 has 5 seconds left.
|-message|reptar1995 lost due to inactivity.
|
|win|Redhoundoom
|raw|reptar1995's rating: 1355 &rarr; <strong>1337</strong><br />(-18 for losing)
|raw|Redhoundoom's rating: 1396 &rarr; <strong>1414</strong><br />(+18 for winning)
