|j|☆jayshirona
|j|☆Gexi01
|t:|1750752553
|gametype|doubles
|player|p1|jayshirona|101|1202
|player|p2|Gexi01|266|1210
|teamsize|p1|6
|teamsize|p2|6
|gen|9
|tier|[Gen 9] VGC 2025 Reg I
|rated|
|rule|Species Clause: Limit one of each Pokémon
|rule|Item Clause: Limit 1 of each item
|clearpoke
|poke|p1|Iron Treads, L50|
|poke|p1|Miraidon, L50|
|poke|p1|Farigiraf, L50, F|
|poke|p1|Urshifu-*, L50, M|
|poke|p1|Zamazenta-*, L50|
|poke|p1|Incineroar, L50, F|
|poke|p2|Koraidon, L50|
|poke|p2|Typhlosion-Hisui, L50, F|
|poke|p2|Lugia, L50|
|poke|p2|Regieleki, L50|
|poke|p2|Incineroar, L50, M|
|poke|p2|Flutter Mane, L50|
|teampreview|4
|inactive|Battle timer is ON: inactive players will automatically lose when time's up. (requested by jayshirona)
|inactive|jayshirona has 60 seconds left.
|
|t:|1750752595
|start
|switch|p1a: Incineroar|Incineroar, L50, F|100/100
|switch|p1b: Zamazenta|Zamazenta-Crowned, L50|100/100
|switch|p2a: Regieleki|Regieleki, L50|100/100
|switch|p2b: Typhlosion|Typhlosion-Hisui, L50, F|100/100
|-item|p1a: Incineroar|Rocky Helmet|[from] ability: Frisk|[of] p2b: Typhlosion
|-item|p1b: Zamazenta|Rusted Shield|[from] ability: Frisk|[of] p2b: Typhlosion
|-ability|p1b: Zamazenta|Dauntless Shield|boost
|-boost|p1b: Zamazenta|def|1
|-ability|p1a: Incineroar|Intimidate|boost
|-unboost|p2a: Regieleki|atk|1
|-unboost|p2b: Typhlosion|atk|1
|turn|1
|inactive|jayshirona has 30 seconds left.
|inactive|Gexi01 has 30 seconds left.
|inactive|Gexi01 has 20 seconds left.
|inactive|Gexi01 has 15 seconds left.
|inactive|Gexi01 has 10 seconds left.
|
|t:|1750752642
|-terastallize|p1b: Zamazenta|Water
|move|p2a: Regieleki|Protect|p2a: Regieleki
|-singleturn|p2a: Regieleki|Protect
|move|p2b: Typhlosion|Shadow Ball|p1b: Zamazenta
|-damage|p1b: Zamazenta|73/100
|move|p1b: Zamazenta|Body Press|p2a: Regieleki
|-activate|p2a: Regieleki|move: Protect
|move|p1a: Incineroar|Knock Off|p2b: Typhlosion
|-supereffective|p2b: Typhlosion
|-damage|p2b: Typhlosion|0 fnt
|-enditem|p2b: Typhlosion|Choice Scarf|[from] move: Knock Off|[of] p1a: Incineroar
|faint|p2b: Typhlosion
|
|upkeep
|
|t:|1750752660
|switch|p2b: Koraidon|Koraidon, L50|100/100
|-weather|SunnyDay|[from] ability: Orichalcum Pulse|[of] p2b: Koraidon
|-activate|p2b: Koraidon|Orichalcum Pulse|[source]
|turn|2
|inactive|jayshirona has 30 seconds left.
|
|t:|1750752688
|switch|p1b: Miraidon|Miraidon, L50|100/100
|-fieldstart|move: Electric Terrain|[from] ability: Hadron Engine|[of] p1b: Miraidon
|move|p2a: Regieleki|Thunderbolt|p1b: Miraidon
|-resisted|p1b: Miraidon
|-damage|p1b: Miraidon|81/100
|move|p2b: Koraidon|Close Combat|p1a: Incineroar
|-supereffective|p1a: Incineroar
|-crit|p1a: Incineroar
|-damage|p1a: Incineroar|0 fnt
|-unboost|p2b: Koraidon|def|1
|-unboost|p2b: Koraidon|spd|1
|-damage|p2b: Koraidon|84/100|[from] item: Rocky Helmet|[of] p1a: Incineroar
|faint|p1a: Incineroar
|-damage|p2b: Koraidon|74/100|[from] item: Life Orb
|
|-weather|SunnyDay|[upkeep]
|upkeep
|
|t:|1750752698
|switch|p1a: Iron Treads|Iron Treads, L50|100/100
|-activate|p1a: Iron Treads|ability: Quark Drive
|-start|p1a: Iron Treads|quarkdrivespe
|turn|3
|inactive|jayshirona has 30 seconds left.
|
|t:|1750752725
|move|p2a: Regieleki|Electroweb|p1a: Iron Treads|[spread] p1b
|-immune|p1a: Iron Treads
|-resisted|p1b: Miraidon
|-damage|p1b: Miraidon|73/100
|-unboost|p1b: Miraidon|spe|1
|move|p1a: Iron Treads|Rock Slide|p2a: Regieleki|[spread] p2a,p2b
|-resisted|p2b: Koraidon
|-damage|p2a: Regieleki|54/100
|-damage|p2b: Koraidon|57/100
|cant|p2b: Koraidon|flinch
|move|p1b: Miraidon|Volt Switch|p2b: Koraidon
|-resisted|p2b: Koraidon
|-damage|p2b: Koraidon|0 fnt
|faint|p2b: Koraidon
|
|t:|1750752738
|switch|p1b: Zamazenta|Zamazenta-Crowned, L50, tera:Water|73/100|[from] Volt Switch
|
|-weather|SunnyDay|[upkeep]
|upkeep
|
|t:|1750752742
|switch|p2b: Flutter Mane|Flutter Mane, L50|100/100
|-activate|p2b: Flutter Mane|ability: Protosynthesis
|-start|p2b: Flutter Mane|protosynthesisspe
|turn|4
|
|t:|1750752756
|-end|p1a: Iron Treads|Quark Drive|[silent]
|switch|p1a: Miraidon|Miraidon, L50|73/100
|-activate|p1a: Miraidon|ability: Hadron Engine
|move|p1b: Zamazenta|Protect|p1b: Zamazenta
|-singleturn|p1b: Zamazenta|Protect
|move|p2b: Flutter Mane|Shadow Ball|p1a: Miraidon
|-damage|p1a: Miraidon|37/100
|move|p2a: Regieleki|Thunderbolt|p1b: Zamazenta
|-activate|p1b: Zamazenta|move: Protect
|
|-weather|SunnyDay|[upkeep]
|upkeep
|turn|5
|inactive|jayshirona has 30 seconds left.
|inactive|jayshirona has 20 seconds left.
|inactive|jayshirona has 15 seconds left.
|
|t:|1750752798
|switch|p1b: Iron Treads|Iron Treads, L50|100/100
|-activate|p1b: Iron Treads|ability: Quark Drive
|-start|p1b: Iron Treads|quarkdrivespe
|move|p2b: Flutter Mane|Moonblast|p1a: Miraidon
|-supereffective|p1a: Miraidon
|-damage|p1a: Miraidon|0 fnt
|faint|p1a: Miraidon
|move|p2a: Regieleki|Thunderbolt|p1b: Iron Treads
|-immune|p1b: Iron Treads
|
|-weather|SunnyDay|[upkeep]
|upkeep
|
|t:|1750752807
|switch|p1a: Zamazenta|Zamazenta-Crowned, L50, tera:Water|73/100
|turn|6
|inactive|jayshirona has 30 seconds left.
|
|t:|1750752840
|move|p2b: Flutter Mane|Protect|p2b: Flutter Mane
|-singleturn|p2b: Flutter Mane|Protect
|move|p2a: Regieleki|Protect|p2a: Regieleki
|-singleturn|p2a: Regieleki|Protect
|move|p1a: Zamazenta|Protect|p1a: Zamazenta
|-singleturn|p1a: Zamazenta|Protect
|move|p1b: Iron Treads|Iron Head|p2b: Flutter Mane
|-activate|p2b: Flutter Mane|move: Protect
|
|-weather|none
|-end|p2b: Flutter Mane|Protosynthesis
|-fieldend|move: Electric Terrain
|-end|p1b: Iron Treads|Quark Drive
|upkeep
|turn|7
|
|t:|1750752858
|-terastallize|p2a: Regieleki|Electric
|move|p2a: Regieleki|Thunderbolt|p1a: Zamazenta
|-supereffective|p1a: Zamazenta
|-damage|p1a: Zamazenta|0 fnt
|faint|p1a: Zamazenta
|move|p2b: Flutter Mane|Shadow Ball|p1b: Iron Treads
|-damage|p1b: Iron Treads|42/100
|-unboost|p1b: Iron Treads|spd|1
|move|p1b: Iron Treads|Iron Head|p2b: Flutter Mane
|-supereffective|p2b: Flutter Mane
|-crit|p2b: Flutter Mane
|-enditem|p2b: Flutter Mane|Focus Sash
|-damage|p2b: Flutter Mane|1/100
|
|upkeep
|turn|8
|-message|jayshirona forfeited.
|
|win|Gexi01
|raw|jayshirona's rating: 1202 &rarr; <strong>1178</strong><br />(-24 for losing)
|raw|Gexi01's rating: 1210 &rarr; <strong>1234</strong><br />(+24 for winning)
|l|☆jayshirona
|player|p1|
|l|☆Gexi01
|player|p2|
