|j|☆gu7rixx
|j|☆Wummi
|t:|1750832556
|gametype|doubles
|player|p1|gu7rixx|hoopster|1249
|player|p2|Wummi|biker-gen4|1270
|teamsize|p1|6
|teamsize|p2|6
|gen|9
|tier|[Gen 9] VGC 2025 Reg I
|rated|
|rule|Species Clause: Limit one of each Pokémon
|rule|Item Clause: Limit 1 of each item
|clearpoke
|poke|p1|Kyogre, L50|
|poke|p1|Flutter Mane, L50|
|poke|p1|Smeargle, L50, M|
|poke|p1|Amoonguss, L50, M|
|poke|p1|Calyrex-Ice, L50|
|poke|p1|Incineroar, L50, M|
|poke|p2|Zoroark-Hisui, L50, F|
|poke|p2|Dialga-Origin, L50|
|poke|p2|Calyrex-Ice, L50|
|poke|p2|Incineroar, L50, M|
|poke|p2|Ursaluna, L50, M|
|poke|p2|Ogerpon-Wellspring, L50, F|
|teampreview|4
|inactive|Battle timer is ON: inactive players will automatically lose when time's up. (requested by Wummi)
Wummi rejected open team sheets.
|
|t:|1750832591
|start
|switch|p1a: Amoonguss|Amoonguss, L50, M|100/100
|switch|p1b: Kyogre|Kyogre, L50|100/100
|switch|p2a: Dialga|Dialga-Origin, L50|100/100
|switch|p2b: Calyrex|Calyrex-Ice, L50|100/100
|-ability|p2b: Calyrex|As One
|-ability|p2b: Calyrex|Unnerve
|-weather|RainDance|[from] ability: Drizzle|[of] p1b: Kyogre
|turn|1
|
|t:|1750832614
|move|p1b: Kyogre|Protect|p1b: Kyogre
|-singleturn|p1b: Kyogre|Protect
|move|p2a: Dialga|Hyper Voice|p1b: Kyogre|[spread] p1a
|-activate|p1b: Kyogre|move: Protect
|-damage|p1a: Amoonguss|76/100
|move|p1a: Amoonguss|Spore|p2b: Calyrex
|-status|p2b: Calyrex|slp|[from] move: Spore
|cant|p2b: Calyrex|slp
|
|-weather|RainDance|[upkeep]
|upkeep
|turn|2
|
|t:|1750832632
|move|p2a: Dialga|Hyper Voice|p1b: Kyogre|[spread] p1a,p1b
|-damage|p1a: Amoonguss|51/100
|-damage|p1b: Kyogre|74/100
|move|p1b: Kyogre|Water Spout|p2b: Calyrex|[spread] p2a,p2b
|-enditem|p2a: Dialga|Focus Sash
|-damage|p2a: Dialga|1/100
|-damage|p2b: Calyrex|48/100 slp
|replace|p2a: Zoroark|Zoroark-Hisui, L50, F
|-end|p2a: Zoroark|Illusion
|move|p1a: Amoonguss|Pollen Puff|p1b: Kyogre
|-heal|p1b: Kyogre|100/100
|cant|p2b: Calyrex|slp
|
|-weather|RainDance|[upkeep]
|upkeep
|turn|3
|inactive|Wummi has 30 seconds left.
|
|t:|1750832657
|move|p1a: Amoonguss|Protect|p1a: Amoonguss
|-singleturn|p1a: Amoonguss|Protect
|move|p2a: Zoroark|Bitter Malice|p1b: Kyogre
|-crit|p1b: Kyogre
|-damage|p1b: Kyogre|58/100
|-unboost|p1b: Kyogre|atk|1
|move|p1b: Kyogre|Water Spout|p2b: Calyrex|[spread] p2a,p2b
|-damage|p2a: Zoroark|0 fnt
|-damage|p2b: Calyrex|1/100 slp
|faint|p2a: Zoroark
|-curestatus|p2b: Calyrex|slp|[msg]
|move|p2b: Calyrex|Trick Room|p2b: Calyrex
|-fieldstart|move: Trick Room|[of] p2b: Calyrex
|
|-weather|RainDance|[upkeep]
|upkeep
|
|t:|1750832676
|switch|p2a: Ursaluna|Ursaluna, L50, M|100/100
|turn|4
|
|t:|1750832686
|move|p1a: Amoonguss|Rage Powder|p1a: Amoonguss
|-singleturn|p1a: Amoonguss|move: Rage Powder
|move|p2b: Calyrex|Glacial Lance|p1a: Amoonguss|[spread] p1a,p1b
|-supereffective|p1a: Amoonguss
|-resisted|p1b: Kyogre
|-damage|p1a: Amoonguss|0 fnt
|-damage|p1b: Kyogre|24/100
|faint|p1a: Amoonguss
|-ability|p2b: Calyrex|Chilling Neigh|boost
|-boost|p2b: Calyrex|atk|1
|move|p2a: Ursaluna|Facade|p1b: Kyogre
|-damage|p1b: Kyogre|0 fnt
|faint|p1b: Kyogre
|
|-weather|RainDance|[upkeep]
|-status|p2a: Ursaluna|brn|[from] item: Flame Orb
|upkeep
|
|t:|1750832699
|switch|p1a: Incineroar|Incineroar, L50, M, shiny|100/100
|switch|p1b: Calyrex|Calyrex-Ice, L50|100/100
|-ability|p1b: Calyrex|As One
|-ability|p1b: Calyrex|Unnerve
|-ability|p1a: Incineroar|Intimidate|boost
|-unboost|p2a: Ursaluna|atk|1
|-fail|p2b: Calyrex|unboost|[from] item: Clear Amulet|[of] p2b: Calyrex
|turn|5
|
|t:|1750832713
|switch|p2a: Dialga|Dialga-Origin, L50|100/100
|move|p2b: Calyrex|Protect|p2b: Calyrex
|-singleturn|p2b: Calyrex|Protect
|move|p1a: Incineroar|Fake Out|p2a: Dialga
|-resisted|p2a: Dialga
|-damage|p2a: Dialga|95/100
|move|p1b: Calyrex|Glacial Lance|p2b: Calyrex|[spread] p2a
|-activate|p2b: Calyrex|move: Protect
|-damage|p2a: Dialga|57/100
|
|-weather|none
|upkeep
|turn|6
|inactive|gu7rixx has 30 seconds left.
|inactive|gu7rixx has 20 seconds left.
|
|t:|1750832750
|move|p1b: Calyrex|Protect|p1b: Calyrex
|-singleturn|p1b: Calyrex|Protect
|move|p2b: Calyrex|High Horsepower|p1a: Incineroar
|-supereffective|p1a: Incineroar
|-damage|p1a: Incineroar|0 fnt
|faint|p1a: Incineroar
|-ability|p2b: Calyrex|Chilling Neigh|boost
|-boost|p2b: Calyrex|atk|1
|move|p2a: Dialga|Flash Cannon|p1b: Calyrex
|-activate|p1b: Calyrex|move: Protect
|
|upkeep
|turn|7
|
|t:|1750832763
|-terastallize|p1b: Calyrex|Fairy
|move|p2b: Calyrex|High Horsepower|p1b: Calyrex
|-damage|p1b: Calyrex|63/100
|move|p1b: Calyrex|Glacial Lance|p2a: Dialga|[spread] p2a,p2b
|-resisted|p2b: Calyrex
|-damage|p2a: Dialga|22/100
|-damage|p2b: Calyrex|0 fnt
|faint|p2b: Calyrex
|-ability|p1b: Calyrex|Chilling Neigh|boost
|-boost|p1b: Calyrex|atk|1
|move|p2a: Dialga|Flash Cannon|p1b: Calyrex
|-supereffective|p1b: Calyrex
|-damage|p1b: Calyrex|0 fnt
|faint|p1b: Calyrex
|
|win|Wummi
|raw|gu7rixx's rating: 1249 &rarr; <strong>1226</strong><br />(-23 for losing)
|raw|Wummi's rating: 1270 &rarr; <strong>1293</strong><br />(+23 for winning)
|l|☆gu7rixx
|player|p1|
|l|☆Wummi
|player|p2|
