|j|☆je8
|j|☆GRIFFY98
|t:|1750727134
|gametype|doubles
|player|p1|je8|266|1615
|player|p2|GRIFFY98|workerice|1605
|teamsize|p1|6
|teamsize|p2|6
|gen|9
|tier|[Gen 9] VGC 2025 Reg I
|rated|
|rule|Species Clause: Limit one of each Pokémon
|rule|Item Clause: Limit 1 of each item
|clearpoke
|poke|p1|Zacian-*, L50|
|poke|p1|Calyrex-Shadow, L50|
|poke|p1|Tornadus, L50, M|
|poke|p1|Urshifu-*, L50, F|
|poke|p1|Umbreon, L50, F|
|poke|p1|Farigiraf, L50, F|
|poke|p2|Dondozo, L50, M|
|poke|p2|Tatsugiri, L50, M|
|poke|p2|Calyrex-Shadow, L50|
|poke|p2|Ogerpon-Hearthflame, L50, F|
|poke|p2|Landorus, L50, M|
|poke|p2|Zamazenta-*, L50|
|teampreview|4
|inactive|Battle timer is ON: inactive players will automatically lose when time's up. (requested by GRIFFY98)
|inactive|je8 has 60 seconds left.
|inactive|je8 has 30 seconds left.
|inactive|je8 has 20 seconds left.
|inactive|je8 has 15 seconds left.
|inactive|je8 has 10 seconds left.
|inactive|je8 has 5 seconds left.
|
|t:|1750727224
|start
|switch|p1a: Calyrex|Calyrex-Shadow, L50|100/100
|switch|p1b: Umbreon|Umbreon, L50, F|100/100
|switch|p2a: Calyrex|Calyrex-Shadow, L50|100/100
|switch|p2b: Zamazenta|Zamazenta-Crowned, L50|100/100
|-ability|p1a: Calyrex|As One
|-ability|p1a: Calyrex|Unnerve
|-ability|p2a: Calyrex|As One
|-ability|p2a: Calyrex|Unnerve
|-ability|p2b: Zamazenta|Dauntless Shield|boost
|-boost|p2b: Zamazenta|def|1
|turn|1
|
|t:|1750727236
|-terastallize|p2a: Calyrex|Normal
|move|p1a: Calyrex|Protect|p1a: Calyrex
|-singleturn|p1a: Calyrex|Protect
|move|p2a: Calyrex|Astral Barrage|p1a: Calyrex|[spread] p1b
|-activate|p1a: Calyrex|move: Protect
|-resisted|p1b: Umbreon
|-damage|p1b: Umbreon|86/100
|move|p2b: Zamazenta|Body Press|p1b: Umbreon
|-supereffective|p1b: Umbreon
|-damage|p1b: Umbreon|0 fnt
|faint|p1b: Umbreon
|
|upkeep
|
|t:|1750727254
|switch|p1b: Zacian|Zacian-Crowned, L50|100/100
|-ability|p1b: Zacian|Intrepid Sword|boost
|-boost|p1b: Zacian|atk|1
|turn|2
|inactive|je8 has 30 seconds left.
|
|t:|1750727279
|-terastallize|p1a: Calyrex|Ghost
|move|p1a: Calyrex|Psychic|p2b: Zamazenta
|-damage|p2b: Zamazenta|57/100
|-damage|p1a: Calyrex|91/100|[from] item: Life Orb
|move|p2a: Calyrex|Astral Barrage|p1b: Zacian|[spread] p1a,p1b
|-supereffective|p1a: Calyrex
|-damage|p1a: Calyrex|0 fnt
|-damage|p1b: Zacian|51/100
|faint|p1a: Calyrex
|-ability|p2a: Calyrex|Grim Neigh|boost
|-boost|p2a: Calyrex|spa|1
|move|p1b: Zacian|Sacred Sword|p2a: Calyrex
|-supereffective|p2a: Calyrex
|-enditem|p2a: Calyrex|Focus Sash
|-damage|p2a: Calyrex|1/100
|move|p2b: Zamazenta|Heavy Slam|p1b: Zacian
|-damage|p1b: Zacian|33/100
|
|upkeep
|
|t:|1750727298
|switch|p1a: Urshifu|Urshifu-Rapid-Strike, L50, F|100/100
|turn|3
|
|t:|1750727306
|move|p1a: Urshifu|Aqua Jet|p2a: Calyrex
|-damage|p2a: Calyrex|0 fnt
|faint|p2a: Calyrex
|move|p1b: Zacian|Sacred Sword|p2b: Zamazenta
|-supereffective|p2b: Zamazenta
|-damage|p2b: Zamazenta|6/100
|move|p2b: Zamazenta|Body Press|p1b: Zacian
|-damage|p1b: Zacian|0 fnt
|faint|p1b: Zacian
|
|upkeep
|
|t:|1750727309
|switch|p2a: Dondozo|Dondozo, L50, M|100/100
|turn|4
|
|t:|1750727316
|switch|p2b: Tatsugiri|Tatsugiri, L50, M|100/100
|-activate|p2b: Tatsugiri|ability: Commander|[of] p2a: Dondozo
|-boost|p2a: Dondozo|atk|2
|-boost|p2a: Dondozo|spa|2
|-boost|p2a: Dondozo|spe|2
|-boost|p2a: Dondozo|def|2
|-boost|p2a: Dondozo|spd|2
|move|p1a: Urshifu|Aqua Jet|p2b: Tatsugiri|[miss]
|-miss|p1a: Urshifu|p2b: Tatsugiri
|move|p2a: Dondozo|Order Up|p1a: Urshifu
|-damage|p1a: Urshifu|50/100
|-boost|p2a: Dondozo|atk|1
|
|upkeep
|turn|5
|
|t:|1750727327
|move|p2a: Dondozo|Order Up|p1a: Urshifu
|-damage|p1a: Urshifu|0 fnt
|faint|p1a: Urshifu
|
|win|GRIFFY98
|raw|je8's rating: 1615 &rarr; <strong>1594</strong><br />(-21 for losing)
|raw|GRIFFY98's rating: 1605 &rarr; <strong>1626</strong><br />(+21 for winning)
|l|☆GRIFFY98
|player|p2|
|l|☆je8
|player|p1|
