|j|☆jjkko
|j|☆Jack Adamstim
|t:|1750835894
|gametype|doubles
|player|p1|jjkko|169|1572
|player|p2|Jack Adamstim|wallace|1624
|teamsize|p1|6
|teamsize|p2|6
|gen|9
|tier|[Gen 9] VGC 2025 Reg I
|rated|
|rule|Species Clause: Limit one of each Pokémon
|rule|Item Clause: Limit 1 of each item
|clearpoke
|poke|p1|Miraidon, L50|
|poke|p1|Calyrex-Ice, L50|
|poke|p1|Incineroar, L50, M|
|poke|p1|Appletun, L50, M|
|poke|p1|Urshifu-*, L50, M|
|poke|p1|Iron Moth, L50|
|poke|p2|Calyrex-Shadow, L50|
|poke|p2|Zamazenta-*, L50|
|poke|p2|Incineroar, L50, F|
|poke|p2|Whimsicott, L50, F|
|poke|p2|Raging Bolt, L50|
|poke|p2|Rillaboom, L50, F|
|teampreview|4
Jack Adamstim has agreed to open team sheets.
|inactive|Battle timer is ON: inactive players will automatically lose when time's up. (requested by jjkko)
|inactive|Jack Adamstim has 60 seconds left.
|
|t:|1750835954
|start
|switch|p1a: Incineroar|Incineroar, L50, M|100/100
|switch|p1b: Miraidon|Miraidon, L50|100/100
|switch|p2a: Rillaboom|Rillaboom, L50, F, shiny|100/100
|switch|p2b: Raging Bolt|Raging Bolt, L50|100/100
|-fieldstart|move: Electric Terrain|[from] ability: Hadron Engine|[of] p1b: Miraidon
|-fieldstart|move: Grassy Terrain|[from] ability: Grassy Surge|[of] p2a: Rillaboom
|-ability|p1a: Incineroar|Intimidate|boost
|-unboost|p2a: Rillaboom|atk|1
|-unboost|p2b: Raging Bolt|atk|1
|turn|1
|inactive|jjkko has 30 seconds left.
|inactive|jjkko has 20 seconds left.
|
|t:|1750835991
|switch|p1b: Calyrex|Calyrex-Ice, L50|100/100
|-ability|p1b: Calyrex|As One
|-ability|p1b: Calyrex|Unnerve
|move|p2a: Rillaboom|U-turn|p1b: Calyrex
|-supereffective|p1b: Calyrex
|-damage|p1b: Calyrex|81/100
|
|t:|1750836000
|switch|p2a: Zamazenta|Zamazenta-Crowned, L50|100/100|[from] U-turn
|-ability|p2a: Zamazenta|Dauntless Shield|boost
|-boost|p2a: Zamazenta|def|1
|move|p2b: Raging Bolt|Thunderbolt|p1a: Incineroar
|-damage|p1a: Incineroar|70/100
|move|p1a: Incineroar|Knock Off|p2b: Raging Bolt
|-damage|p2b: Raging Bolt|73/100
|-enditem|p2b: Raging Bolt|Magnet|[from] move: Knock Off|[of] p1a: Incineroar
|
|-heal|p2b: Raging Bolt|79/100|[from] Grassy Terrain
|-heal|p1a: Incineroar|76/100|[from] Grassy Terrain
|-heal|p1b: Calyrex|87/100|[from] Grassy Terrain
|upkeep
|turn|2
|
|t:|1750836018
|switch|p1a: Iron Moth|Iron Moth, L50|100/100
|move|p2a: Zamazenta|Wide Guard|p2a: Zamazenta
|-singleturn|p2a: Zamazenta|Wide Guard
|move|p2b: Raging Bolt|Thunderbolt|p1b: Calyrex
|-damage|p1b: Calyrex|56/100
|-status|p1b: Calyrex|par
|move|p1b: Calyrex|High Horsepower|p2b: Raging Bolt
|-supereffective|p2b: Raging Bolt
|-damage|p2b: Raging Bolt|16/100
|
|-heal|p2b: Raging Bolt|22/100|[from] Grassy Terrain
|-heal|p1b: Calyrex|62/100 par|[from] Grassy Terrain
|upkeep
|turn|3
|inactive|jjkko has 30 seconds left.
|inactive|Jack Adamstim has 30 seconds left.
|
|t:|1750836046
|-terastallize|p2a: Zamazenta|Dragon
|move|p2b: Raging Bolt|Thunderclap|p1a: Iron Moth
|-damage|p1a: Iron Moth|67/100
|move|p1a: Iron Moth|Flamethrower|p2a: Zamazenta
|-resisted|p2a: Zamazenta
|-damage|p2a: Zamazenta|85/100
|move|p2a: Zamazenta|Body Press|p1b: Calyrex
|-damage|p1b: Calyrex|20/100 par
|move|p1b: Calyrex|High Horsepower|p2b: Raging Bolt
|-supereffective|p2b: Raging Bolt
|-damage|p2b: Raging Bolt|0 fnt
|faint|p2b: Raging Bolt
|-end|p2b: Raging Bolt|Protosynthesis|[silent]
|-ability|p1b: Calyrex|Chilling Neigh|boost
|-boost|p1b: Calyrex|atk|1
|
|-heal|p1a: Iron Moth|73/100|[from] Grassy Terrain
|-heal|p2a: Zamazenta|91/100|[from] Grassy Terrain
|-heal|p1b: Calyrex|26/100 par|[from] Grassy Terrain
|upkeep
|
|t:|1750836057
|switch|p2b: Calyrex|Calyrex-Shadow, L50|100/100
|-ability|p2b: Calyrex|As One
|-ability|p2b: Calyrex|Unnerve
|turn|4
|
|t:|1750836064
|move|p1a: Iron Moth|Protect|p1a: Iron Moth
|-singleturn|p1a: Iron Moth|Protect
|move|p2b: Calyrex|Astral Barrage|p1a: Iron Moth|[spread] p1b
|-activate|p1a: Iron Moth|move: Protect
|-supereffective|p1b: Calyrex
|-damage|p1b: Calyrex|0 fnt
|faint|p1b: Calyrex
|-ability|p2b: Calyrex|Grim Neigh|boost
|-boost|p2b: Calyrex|spa|1
|move|p2a: Zamazenta|Body Press|p1a: Iron Moth
|-activate|p1a: Iron Moth|move: Protect
|
|-heal|p1a: Iron Moth|79/100|[from] Grassy Terrain
|-heal|p2a: Zamazenta|97/100|[from] Grassy Terrain
|upkeep
|
|t:|1750836067
|switch|p1b: Miraidon|Miraidon, L50|100/100
|-fieldstart|move: Electric Terrain|[from] ability: Hadron Engine|[of] p1b: Miraidon
|-activate|p1a: Iron Moth|ability: Quark Drive
|-start|p1a: Iron Moth|quarkdrivespe
|turn|5
|
|t:|1750836081
|switch|p2a: Rillaboom|Rillaboom, L50, F, shiny|100/100
|-fieldstart|move: Grassy Terrain|[from] ability: Grassy Surge|[of] p2a: Rillaboom
|-end|p1a: Iron Moth|Quark Drive
|move|p2b: Calyrex|Astral Barrage|p1b: Miraidon|[spread] p1a,p1b
|-damage|p1a: Iron Moth|3/100
|-damage|p1b: Miraidon|33/100
|move|p1b: Miraidon|Dazzling Gleam|p2b: Calyrex|[spread] p2a,p2b
|-damage|p2a: Rillaboom|82/100
|-damage|p2b: Calyrex|68/100
|move|p1a: Iron Moth|Acid Spray|p2a: Rillaboom
|-supereffective|p2a: Rillaboom
|-damage|p2a: Rillaboom|54/100
|-unboost|p2a: Rillaboom|spd|2
|
|-heal|p2b: Calyrex|74/100|[from] Grassy Terrain
|-heal|p1b: Miraidon|39/100|[from] Grassy Terrain
|-heal|p1a: Iron Moth|9/100|[from] Grassy Terrain
|-heal|p2a: Rillaboom|60/100|[from] Grassy Terrain
|upkeep
|turn|6
|inactive|Jack Adamstim has 30 seconds left.
|
|t:|1750836107
|switch|p1b: Incineroar|Incineroar, L50, M|76/100
|-ability|p1b: Incineroar|Intimidate|boost
|-unboost|p2a: Rillaboom|atk|1
|-unboost|p2b: Calyrex|atk|1
|move|p1a: Iron Moth|Protect|p1a: Iron Moth
|-singleturn|p1a: Iron Moth|Protect
|move|p2b: Calyrex|Astral Barrage|p1a: Iron Moth|[spread] p1b
|-activate|p1a: Iron Moth|move: Protect
|-resisted|p1b: Incineroar
|-damage|p1b: Incineroar|55/100
|move|p2a: Rillaboom|U-turn|p1b: Incineroar
|-damage|p1b: Incineroar|40/100
|
|t:|1750836119
|switch|p2a: Zamazenta|Zamazenta-Crowned, L50, tera:Dragon|97/100|[from] U-turn
|
|-heal|p2b: Calyrex|81/100|[from] Grassy Terrain
|-heal|p1a: Iron Moth|15/100|[from] Grassy Terrain
|-heal|p2a: Zamazenta|100/100|[from] Grassy Terrain
|-heal|p1b: Incineroar|46/100|[from] Grassy Terrain
|upkeep
|turn|7
|
|t:|1750836137
|switch|p1b: Miraidon|Miraidon, L50|39/100
|-fieldstart|move: Electric Terrain|[from] ability: Hadron Engine|[of] p1b: Miraidon
|-activate|p1a: Iron Moth|ability: Quark Drive
|-start|p1a: Iron Moth|quarkdrivespe
|move|p2b: Calyrex|Protect|p2b: Calyrex
|-singleturn|p2b: Calyrex|Protect
|move|p1a: Iron Moth|Meteor Beam||[still]
|-prepare|p1a: Iron Moth|Meteor Beam
|-boost|p1a: Iron Moth|spa|1
|-enditem|p1a: Iron Moth|Power Herb
|-anim|p1a: Iron Moth|Meteor Beam|p2b: Calyrex
|-activate|p2b: Calyrex|move: Protect
|move|p2a: Zamazenta|Body Press|p1b: Miraidon
|-damage|p1b: Miraidon|0 fnt
|faint|p1b: Miraidon
|
|upkeep
|
|t:|1750836145
|switch|p1b: Incineroar|Incineroar, L50, M|46/100
|-ability|p1b: Incineroar|Intimidate|boost
|-unboost|p2a: Zamazenta|atk|1
|-unboost|p2b: Calyrex|atk|1
|turn|8
|-message|jjkko forfeited.
|
|win|Jack Adamstim
|raw|jjkko's rating: 1572 &rarr; <strong>1555</strong><br />(-17 for losing)
|raw|Jack Adamstim's rating: 1624 &rarr; <strong>1641</strong><br />(+17 for winning)
|l|☆jjkko
|player|p1|
|l|☆Jack Adamstim
|player|p2|
