|j|☆Lupe_King
|j|☆ShellyV25
|t:|1750788990
|gametype|doubles
|player|p1|Lupe_King|gentleman-gen4dp|1211
|player|p2|ShellyV25|hilbert|1152
|teamsize|p1|6
|teamsize|p2|6
|gen|9
|tier|[Gen 9] VGC 2025 Reg I
|rated|
|rule|Species Clause: Limit one of each Pokémon
|rule|Item Clause: Limit 1 of each item
|clearpoke
|poke|p1|Articuno-Galar, L50|
|poke|p1|Grimmsnarl, L50, M|
|poke|p1|Miraidon, L50|
|poke|p1|Zacian-*, L50|
|poke|p1|Toxapex, L50, M|
|poke|p1|Sneasler, L50, M|
|poke|p2|Calyrex-Shadow, L50|
|poke|p2|Chi-Yu, L50|
|poke|p2|Weezing-Galar, L50, M|
|poke|p2|Brute Bonnet, L50|
|poke|p2|Walking Wake, L50|
|poke|p2|Koraidon, L50|
|teampreview|4
Lupe_King rejected open team sheets.
|
|t:|1750789036
|start
|switch|p1a: Zacian|Zacian-Crowned, L50|100/100
|switch|p1b: Grimmsnarl|Grimmsnarl, L50, M|100/100
|switch|p2a: Koraidon|Koraidon, L50|100/100
|switch|p2b: Weezing|Weezing-Galar, L50, M, shiny|100/100
|-ability|p2b: Weezing|Neutralizing Gas
|-block|p2a: Koraidon|item: Ability Shield
|-weather|SunnyDay|[from] ability: Orichalcum Pulse|[of] p2a: Koraidon
|-activate|p2a: Koraidon|Orichalcum Pulse|[source]
|turn|1
|
|t:|1750789069
|-terastallize|p2b: Weezing|Water
|move|p1a: Zacian|Behemoth Blade|p2b: Weezing
|-resisted|p2b: Weezing
|-damage|p2b: Weezing|78/100
|move|p2a: Koraidon|Flame Charge|p1a: Zacian
|-supereffective|p1a: Zacian
|-damage|p1a: Zacian|43/100
|-boost|p2a: Koraidon|spe|1
|move|p2b: Weezing|Taunt|p1b: Grimmsnarl
|-start|p1b: Grimmsnarl|move: Taunt
|cant|p1b: Grimmsnarl|move: Taunt|Thunder Wave
|
|-weather|SunnyDay|[upkeep]
|upkeep
|turn|2
|
|t:|1750789136
|switch|p1b: Toxaflex|Toxapex, L50, M|100/100
|-terastallize|p1a: Zacian|Fairy
|move|p2a: Koraidon|Flare Blitz|p1a: Zacian
|-damage|p1a: Zacian|0 fnt
|faint|p1a: Zacian
|-damage|p2a: Koraidon|88/100|[from] Recoil
|move|p2b: Weezing|Strange Steam|p1b: Toxaflex
|-resisted|p1b: Toxaflex
|-damage|p1b: Toxaflex|91/100
|
|-weather|SunnyDay|[upkeep]
|-heal|p1b: Toxaflex|97/100|[from] item: Leftovers
|upkeep
|
|t:|1750789160
|switch|p1a: Miraidon|Miraidon, L50|100/100
|turn|3
|
|t:|1750789181
|move|p2a: Koraidon|Collision Course|p1a: Miraidon
|-damage|p1a: Miraidon|28/100
|move|p1a: Miraidon|Draco Meteor|p2b: Weezing
|-damage|p2b: Weezing|0 fnt
|-unboost|p1a: Miraidon|spa|2
|faint|p2b: Weezing
|-end|p2b: Weezing|ability: Neutralizing Gas
|-fieldstart|move: Electric Terrain|[from] ability: Hadron Engine|[of] p1a: Miraidon
|move|p1b: Toxaflex|Toxic|p2a: Koraidon
|-status|p2a: Koraidon|tox
|
|-weather|SunnyDay|[upkeep]
|-heal|p1b: Toxaflex|100/100|[from] item: Leftovers
|-damage|p2a: Koraidon|82/100 tox|[from] psn
|upkeep
|
|t:|1750789198
|switch|p2b: Calyrex|Calyrex-Shadow, L50|100/100
|-ability|p2b: Calyrex|As One
|-ability|p2b: Calyrex|Unnerve
|turn|4
|
|t:|1750789218
|switch|p1a: Grimmsnarl|Grimmsnarl, L50, M|100/100
|move|p2a: Koraidon|Collision Course|p1a: Grimmsnarl
|-damage|p1a: Grimmsnarl|33/100
|move|p2b: Calyrex|Psychic|p1b: Toxaflex
|-supereffective|p1b: Toxaflex
|-damage|p1b: Toxaflex|0 fnt
|faint|p1b: Toxaflex
|-ability|p2b: Calyrex|Grim Neigh|boost
|-boost|p2b: Calyrex|spa|1
|-damage|p2b: Calyrex|91/100|[from] item: Life Orb
|
|-weather|SunnyDay|[upkeep]
|-damage|p2a: Koraidon|70/100 tox|[from] psn
|upkeep
|
|t:|1750789231
|switch|p1b: Miraidon|Miraidon, L50|28/100
|-activate|p1b: Miraidon|ability: Hadron Engine
|turn|5
|
|t:|1750789250
|move|p2a: Koraidon|Collision Course|p1b: Miraidon
|-damage|p1b: Miraidon|0 fnt
|faint|p1b: Miraidon
|move|p2b: Calyrex|Astral Barrage|p1a: Grimmsnarl
|-resisted|p1a: Grimmsnarl
|-damage|p1a: Grimmsnarl|0 fnt
|faint|p1a: Grimmsnarl
|-damage|p2b: Calyrex|81/100|[from] item: Life Orb
|
|win|ShellyV25
|raw|Lupe_King's rating: 1211 &rarr; <strong>1182</strong><br />(-29 for losing)
|raw|ShellyV25's rating: 1152 &rarr; <strong>1181</strong><br />(+29 for winning)
|l|☆Lupe_King
|player|p1|
