|j|☆21Kieran
|j|☆TheRealSaffy
|t:|1750727119
|gametype|doubles
|player|p1|21Kieran|hau-masters|
|player|p2|TheRealSaffy|n|
|teamsize|p1|6
|teamsize|p2|6
|gen|9
|tier|[Gen 9] VGC 2025 Reg I
|rated|Tournament battle
|rule|Species Clause: Limit one of each Pokémon
|rule|Item Clause: Limit 1 of each item
|raw|<div class="infobox"><details class="readmore" open><summary><strong>2 custom rules:</strong></summary> Force Open Team Sheets, !Open Team Sheets</details></div>
|clearpoke
|poke|p1|Miraidon, L50|
|poke|p1|Terapagos, L50, M|
|poke|p1|Urshifu-*, L50, F|
|poke|p1|Incineroar, L50, M|
|poke|p1|Sinistcha, L50|
|poke|p1|Landorus, L50, M|
|poke|p2|Zamazenta-*, L50|
|poke|p2|Calyrex-Shadow, L50|
|poke|p2|Bruxish, L50, M|
|poke|p2|Indeedee, L50, M|
|poke|p2|Hydrapple, L50, F|
|poke|p2|Iron Bundle, L50|
|teampreview|4
|showteam|p1|Miraidon||AssaultVest|HadronEngine|ElectroDrift,VoltSwitch,DracoMeteor,Snarl||||||50|,,,,,Electric]Terapagos||ElectricSeed|TeraShift|TeraStarstorm,EarthPower,CalmMind,Protect|||M|||50|,,,,,Stellar]Urshifu-Rapid-Strike||ChoiceScarf|UnseenFist|SurgingStrikes,CloseCombat,RainDance,Uturn|||F|||50|,,,,,Water]Incineroar||RockyHelmet|Intimidate|FakeOut,PartingShot,KnockOff,FlareBlitz|||M|||50|,,,,,Ghost]Sinistcha||FocusSash|Hospitality|ShadowBall,RagePowder,LifeDew,Protect||||||50|,,,,,Fire]Landorus||LifeOrb|SheerForce|EarthPower,SludgeBomb,Protect,SandsearStorm|||M|||50|,,,,,Poison
|showteam|p2|Zamazenta-Crowned||RustedShield|DauntlessShield|IronDefense,behemothbash,BodyPress,WideGuard||||||50|,,,,,Fighting]Calyrex-Shadow||WeaknessPolicy|AsOneSpectrier|AstralBarrage,DarkPulse,DrainingKiss||||||50|,,,,,Fire]Bruxish||PsychicSeed|Dazzling|FlipTurn,Crunch,AquaJet,Liquidation|||M|||50|,,,,,Water]Indeedee||SitrusBerry|PsychicSurge|ExpandingForce,EnergyBall,DrainingKiss,FakeOut|||M|||50|,,,,,Psychic]Hydrapple||RedCard|Regenerator|FickleBeam,TeraBlast,GigaDrain,Recover|||F|||50|,,,,,Fire]Iron Bundle||BoosterEnergy|QuarkDrive|FreezeDry,HydroPump,Blizzard,AirCutter||||||50|,,,,,Ice
|inactive|Battle timer is ON: inactive players will automatically lose when time's up. (requested by TheRealSaffy)
|
|t:|1750727140
|start
|switch|p1a: Terapagos|Terapagos, L50, M|100/100
|switch|p1b: Miraidon|Miraidon, L50|100/100
|switch|p2a: Calyrex|Calyrex-Shadow, L50|100/100
|switch|p2b: Bruxish|Bruxish, L50, M|100/100
|-activate|p1a: Terapagos|ability: Tera Shift
|detailschange|p1a: Terapagos|Terapagos-Terastal, L50, M
|-heal|p1a: Terapagos|100/100|[silent]
|-ability|p2a: Calyrex|As One
|-ability|p2a: Calyrex|Unnerve
|-fieldstart|move: Electric Terrain|[from] ability: Hadron Engine|[of] p1b: Miraidon
|-enditem|p1a: Terapagos|Electric Seed
|-boost|p1a: Terapagos|def|1|[from] item: Electric Seed
|turn|1
|
|t:|1750727159
|-terastallize|p2a: Calyrex|Fire
|move|p2b: Bruxish|Aqua Jet|p2a: Calyrex
|-supereffective|p2a: Calyrex
|-damage|p2a: Calyrex|59/100
|-enditem|p2a: Calyrex|Weakness Policy
|-boost|p2a: Calyrex|atk|2|[from] item: Weakness Policy
|-boost|p2a: Calyrex|spa|2|[from] item: Weakness Policy
|move|p2a: Calyrex|Astral Barrage|p1b: Miraidon|[spread] p1b
|-immune|p1a: Terapagos
|-damage|p1b: Miraidon|41/100
|move|p1b: Miraidon|Electro Drift|p2a: Calyrex
|-damage|p2a: Calyrex|0 fnt
|faint|p2a: Calyrex
|move|p1a: Terapagos|Calm Mind|p1a: Terapagos
|-boost|p1a: Terapagos|spa|1
|-boost|p1a: Terapagos|spd|1
|
|upkeep
|
|t:|1750727171
|switch|p2a: Zamazenta|Zamazenta-Crowned, L50|100/100
|-ability|p2a: Zamazenta|Dauntless Shield|boost
|-boost|p2a: Zamazenta|def|1
|turn|2
|
|t:|1750727179
|move|p2a: Zamazenta|Wide Guard|p2a: Zamazenta
|-singleturn|p2a: Zamazenta|Wide Guard
|move|p1b: Miraidon|Volt Switch|p2a: Zamazenta
|-crit|p2a: Zamazenta
|-damage|p2a: Zamazenta|23/100
|
|t:|1750727184
|switch|p1b: Incineroar|Incineroar, L50, M, shiny|100/100|[from] Volt Switch
|-ability|p1b: Incineroar|Intimidate|boost
|-unboost|p2a: Zamazenta|atk|1
|-unboost|p2b: Bruxish|atk|1
|move|p2b: Bruxish|Crunch|p1b: Incineroar
|-resisted|p1b: Incineroar
|-damage|p1b: Incineroar|96/100
|-damage|p2b: Bruxish|84/100|[from] item: Rocky Helmet|[of] p1b: Incineroar
|move|p1a: Terapagos|Calm Mind|p1a: Terapagos
|-boost|p1a: Terapagos|spa|1
|-boost|p1a: Terapagos|spd|1
|
|upkeep
|turn|3
|
|t:|1750727200
|switch|p1b: Sinistcha|Sinistcha, L50|100/100
|move|p2a: Zamazenta|Body Press|p1b: Sinistcha
|-immune|p1b: Sinistcha
|move|p2b: Bruxish|Liquidation|p1b: Sinistcha
|-resisted|p1b: Sinistcha
|-damage|p1b: Sinistcha|90/100
|move|p1a: Terapagos|Calm Mind|p1a: Terapagos
|-boost|p1a: Terapagos|spa|1
|-boost|p1a: Terapagos|spd|1
|
|upkeep
|turn|4
|
|t:|1750727221
|switch|p1b: Incineroar|Incineroar, L50, M, shiny|96/100
|-ability|p1b: Incineroar|Intimidate|boost
|-unboost|p2a: Zamazenta|atk|1
|-unboost|p2b: Bruxish|atk|1
|move|p2a: Zamazenta|Body Press|p1a: Terapagos
|-activate|p1a: Terapagos|ability: Tera Shell
|-resisted|p1a: Terapagos
|-crit|p1a: Terapagos
|-damage|p1a: Terapagos|71/100
|move|p2b: Bruxish|Crunch|p1b: Incineroar
|-resisted|p1b: Incineroar
|-damage|p1b: Incineroar|92/100
|-damage|p2b: Bruxish|67/100|[from] item: Rocky Helmet|[of] p1b: Incineroar
|move|p1a: Terapagos|Calm Mind|p1a: Terapagos
|-boost|p1a: Terapagos|spa|1
|-boost|p1a: Terapagos|spd|1
|
|upkeep
|turn|5
|
|t:|1750727246
|switch|p1b: Sinistcha|Sinistcha, L50|90/100
|-heal|p1a: Terapagos|96/100|[from] ability: Hospitality|[of] p1b: Sinistcha
|-terastallize|p1a: Terapagos|Stellar
|detailschange|p1a: Terapagos|Terapagos-Stellar, L50, M, tera:Stellar
|-heal|p1a: Terapagos|97/100|[silent]
|-ability|p1a: Terapagos|Teraform Zero
|-fieldend|move: Electric Terrain
|move|p2a: Zamazenta|Iron Defense|p2a: Zamazenta
|-boost|p2a: Zamazenta|def|2
|move|p2b: Bruxish|Crunch|p1a: Terapagos
|-damage|p1a: Terapagos|94/100
|move|p1a: Terapagos|Tera Starstorm|p2b: Bruxish|[spread] p2a,p2b
|-damage|p2a: Zamazenta|0 fnt
|-damage|p2b: Bruxish|0 fnt
|faint|p2a: Zamazenta
|faint|p2b: Bruxish
|
|upkeep
|
|t:|1750727260
|switch|p2b: Indeedee|Indeedee, L50, M|100/100
|-fieldstart|move: Psychic Terrain|[from] ability: Psychic Surge|[of] p2b: Indeedee
|turn|6
|
|t:|1750727264
|switch|p1b: Miraidon|Miraidon, L50|41/100
|-fieldstart|move: Electric Terrain|[from] ability: Hadron Engine|[of] p1b: Miraidon
|move|p2b: Indeedee|Expanding Force|p1a: Terapagos
|-damage|p1a: Terapagos|86/100
|move|p1a: Terapagos|Tera Starstorm|p2b: Indeedee
|-damage|p2b: Indeedee|0 fnt
|faint|p2b: Indeedee
|
|win|21Kieran
|n|☆21Kieran|21kieran
|n|☆TheRealSaffy|therealsaffy
