|j|☆heero vgc
|j|☆unbecomingduck
|html|<table width="100%"><tr><td align="left">heero vgc</td><td align="right">unbecomingduck</tr><tr><td align="left"><i class="fa fa-circle-o"></i> <i class="fa fa-circle-o"></i> </td><td align="right"><i class="fa fa-circle-o"></i> <i class="fa fa-circle-o"></i> </tr></table>
|uhtml|bestof|<h2><strong>Game 1</strong> of <a href="/game-bestof3-gen9vgc2025regi-2390609278">a best-of-3</a></h2>
|t:|1750735784
|gametype|doubles
|player|p1|heero vgc|blue|
|player|p2|unbecomingduck|266|
|teamsize|p1|6
|teamsize|p2|6
|gen|9
|tier|[Gen 9] VGC 2025 Reg I
|rule|Species Clause: Limit one of each Pokémon
|rule|Item Clause: Limit 1 of each item
|raw|<div class="infobox"><details class="readmore" open><summary><strong>1 custom rule:</strong></summary> Best of = 3</details></div>
|clearpoke
|poke|p1|Koraidon, L50|
|poke|p1|Reshiram, L50|
|poke|p1|Clefable, L50, M|
|poke|p1|Dudunsparce-*, L50, M|
|poke|p1|Cresselia, L50, F|
|poke|p1|Victreebel, L50, F|
|poke|p2|Lunala, L50|
|poke|p2|Dialga, L50|
|poke|p2|Great Tusk, L50|
|poke|p2|Incineroar, L50, F|
|poke|p2|Cyclizar, L50, F|
|poke|p2|Cloyster, L50, M|
|teampreview|4
unbecomingduck has agreed to open team sheets.
heero vgc has agreed to open team sheets.
|showteam|p1|Koraidon||ChoiceBand|OrichalcumPulse|CloseCombat,FlareBlitz,Uturn,ShadowClaw||||||50|,,,,,Fire]Reshiram||ChoiceSpecs|Turboblaze|BlueFlare,HeatWave,DracoMeteor,EarthPower||||||50|,,,,,Fire]Clefable||SitrusBerry|MagicGuard|Moonblast,FollowMe,ThunderWave,Protect|||M|||50|,,,,,Water]Dudunsparce||Leftovers|SereneGrace|Boomburst,ShadowBall,CalmMind,Roost|||M|||50|,,,,,Fairy]Cresselia||KasibBerry|Levitate|Psychic,IcyWind,ThunderWave,Protect|||F|||50|,,,,,Fairy]Victreebel||FocusSash|Chlorophyll|SolarBeam,SludgeBomb,TeraBlast,SleepPowder|||F|||50|,,,,,Ground
|showteam|p2|Lunala||PowerHerb|ShadowShield|Moonlight,MeteorBeam,TrickRoom,MoongeistBeam||||||50|,,,,,Ghost]Dialga||ChopleBerry|Telepathy|DracoMeteor,TrickRoom,Protect,IceBeam||||||50|,,,,,Water]Great Tusk||ChoiceBand|Protosynthesis|CloseCombat,HeadlongRush,IceSpinner,RockSlide||||||50|,,,,,Ground]Incineroar||SafetyGoggles|Intimidate|FakeOut,KnockOff,FlareBlitz,PartingShot|||F|||50|,,,,,Steel]Cyclizar||ChoiceScarf|Regenerator|ShedTail,BreakingSwipe,TeraBlast,IceSpinner|||F|||50|,,,,,Fairy]Cloyster||WideLens|SkillLink|IcicleSpear,RockBlast,ShellSmash,Protect|||M|||50|,,,,,Rock
|
|t:|1750735866
|start
|switch|p1a: Koraidon|Koraidon, L50|100/100
|switch|p1b: Victreebel|Victreebel, L50, F|100/100
|switch|p2a: Incineroar|Incineroar, L50, F|100/100
|switch|p2b: Cyclizar|Cyclizar, L50, F|100/100
|-weather|SunnyDay|[from] ability: Orichalcum Pulse|[of] p1a: Koraidon
|-activate|p1a: Koraidon|Orichalcum Pulse|[source]
|-ability|p2a: Incineroar|Intimidate|boost
|-unboost|p1a: Koraidon|atk|1
|-unboost|p1b: Victreebel|atk|1
|turn|1
|c|☆unbecomingduck|glhf
|
|t:|1750735896
|switch|p1b: Clefable|Clefable, L50, M|100/100
|-terastallize|p2b: Cyclizar|Fairy
|-terastallize|p1a: Koraidon|Fire
|move|p2a: Incineroar|Fake Out|p1b: Clefable
|-damage|p1b: Clefable|89/100
|move|p2b: Cyclizar|Tera Blast|p1a: Koraidon|[anim] Tera Blast Fairy
|-resisted|p1a: Koraidon
|-damage|p1a: Koraidon|87/100
|move|p1a: Koraidon|U-turn|p2b: Cyclizar
|-resisted|p2b: Cyclizar
|-damage|p2b: Cyclizar|75/100
|
|t:|1750735916
|switch|p1a: Victreebel|Victreebel, L50, F|100/100|[from] U-turn
|
|-weather|SunnyDay|[upkeep]
|upkeep
|turn|2
|
|t:|1750735939
|move|p1b: Clefable|Follow Me|p1b: Clefable
|-singleturn|p1b: Clefable|move: Follow Me
|move|p1a: Victreebel|Sludge Bomb|p2b: Cyclizar
|-supereffective|p2b: Cyclizar
|-damage|p2b: Cyclizar|0 fnt
|faint|p2b: Cyclizar
|move|p2a: Incineroar|Flare Blitz|p1b: Clefable
|-damage|p1b: Clefable|23/100
|-enditem|p1b: Clefable|Sitrus Berry|[eat]
|-heal|p1b: Clefable|48/100|[from] item: Sitrus Berry
|-damage|p2a: Incineroar|79/100|[from] Recoil
|
|-weather|SunnyDay|[upkeep]
|upkeep
|
|t:|1750735944
|switch|p2b: Lunala|Lunala, L50|100/100
|turn|3
|
|t:|1750735967
|move|p1b: Clefable|Protect|p1b: Clefable
|-singleturn|p1b: Clefable|Protect
|move|p1a: Victreebel|Sleep Powder|p2b: Lunala
|-status|p2b: Lunala|slp|[from] move: Sleep Powder
|move|p2a: Incineroar|Parting Shot|p1a: Victreebel
|-unboost|p1a: Victreebel|atk|1
|-unboost|p1a: Victreebel|spa|1
|
|t:|1750735971
|switch|p2a: Cloyster|Cloyster, L50, M|100/100|[from] Parting Shot
|cant|p2b: Lunala|slp
|
|-weather|SunnyDay|[upkeep]
|upkeep
|turn|4
|
|t:|1750735994
|switch|p2a: Incineroar|Incineroar, L50, F|79/100
|-ability|p2a: Incineroar|Intimidate|boost
|-unboost|p1a: Victreebel|atk|1
|-unboost|p1b: Clefable|atk|1
|move|p1a: Victreebel|Sleep Powder|p2a: Incineroar
|-activate|p2a: Incineroar|item: Safety Goggles|Sleep Powder
|move|p1b: Clefable|Moonblast|p2b: Lunala
|-damage|p2b: Lunala|93/100 slp
|-curestatus|p2b: Lunala|slp|[msg]
|move|p2b: Lunala|Trick Room|p2b: Lunala
|-fieldstart|move: Trick Room|[of] p2b: Lunala
|
|-weather|SunnyDay|[upkeep]
|upkeep
|turn|5
|
|t:|1750736021
|move|p2a: Incineroar|Fake Out|p1a: Victreebel
|-damage|p1a: Victreebel|84/100
|move|p1b: Clefable|Follow Me|p1b: Clefable
|-singleturn|p1b: Clefable|move: Follow Me
|move|p2b: Lunala|Meteor Beam||[still]
|-prepare|p2b: Lunala|Meteor Beam
|-boost|p2b: Lunala|spa|1
|-enditem|p2b: Lunala|Power Herb
|-anim|p2b: Lunala|Meteor Beam|p1b: Clefable
|-damage|p1b: Clefable|4/100
|cant|p1a: Victreebel|flinch
|
|-weather|none
|upkeep
|turn|6
|
|t:|1750736039
|move|p1b: Clefable|Protect|p1b: Clefable
|-singleturn|p1b: Clefable|Protect
|move|p2a: Incineroar|Flare Blitz|p1a: Victreebel
|-supereffective|p1a: Victreebel
|-damage|p1a: Victreebel|0 fnt
|faint|p1a: Victreebel
|-damage|p2a: Incineroar|57/100|[from] Recoil
|move|p2b: Lunala|Moongeist Beam|p1b: Clefable
|-activate|p1b: Clefable|move: Protect
|
|upkeep
|
|t:|1750736045
|switch|p1a: Cresselia|Cresselia, L50, F|100/100
|turn|7
|
|t:|1750736060
|move|p2a: Incineroar|Knock Off|p1b: Clefable
|-resisted|p1b: Clefable
|-damage|p1b: Clefable|0 fnt
|faint|p1b: Clefable
|move|p2b: Lunala|Moongeist Beam|p1a: Cresselia
|-supereffective|p1a: Cresselia
|-enditem|p1a: Cresselia|Kasib Berry|[eat]
|-enditem|p1a: Cresselia|Kasib Berry|[weaken]
|-damage|p1a: Cresselia|62/100
|move|p1a: Cresselia|Thunder Wave|p2b: Lunala
|-status|p2b: Lunala|par
|
|upkeep
|
|t:|1750736068
|switch|p1b: Koraidon|Koraidon, L50, tera:Fire|87/100
|-weather|SunnyDay|[from] ability: Orichalcum Pulse|[of] p1b: Koraidon
|-activate|p1b: Koraidon|Orichalcum Pulse|[source]
|turn|8
|
|t:|1750736077
|move|p1a: Cresselia|Protect|p1a: Cresselia
|-singleturn|p1a: Cresselia|Protect
|move|p2b: Lunala|Moongeist Beam|p1b: Koraidon
|-damage|p1b: Koraidon|25/100
|move|p2a: Incineroar|Parting Shot|p1b: Koraidon
|-unboost|p1b: Koraidon|atk|1
|-unboost|p1b: Koraidon|spa|1
|
|t:|1750736079
|switch|p2a: Cloyster|Cloyster, L50, M|100/100|[from] Parting Shot
|move|p1b: Koraidon|Flare Blitz|p2b: Lunala
|-damage|p2b: Lunala|0 fnt
|faint|p2b: Lunala
|-damage|p1b: Koraidon|0 fnt|[from] Recoil
|faint|p1b: Koraidon
|
|-weather|SunnyDay|[upkeep]
|-fieldend|move: Trick Room
|upkeep
|
|t:|1750736082
|switch|p2b: Incineroar|Incineroar, L50, F|57/100
|-ability|p2b: Incineroar|Intimidate|boost
|-unboost|p1a: Cresselia|atk|1
|turn|9
|
|t:|1750736091
|move|p1a: Cresselia|Icy Wind|p2a: Cloyster|[spread] p2a,p2b
|-resisted|p2a: Cloyster
|-resisted|p2b: Incineroar
|-damage|p2a: Cloyster|97/100
|-damage|p2b: Incineroar|54/100
|-unboost|p2a: Cloyster|spe|1
|-unboost|p2b: Incineroar|spe|1
|move|p2a: Cloyster|Icicle Spear|p1a: Cresselia
|-damage|p1a: Cresselia|55/100
|-damage|p1a: Cresselia|48/100
|-damage|p1a: Cresselia|39/100
|-damage|p1a: Cresselia|32/100
|-damage|p1a: Cresselia|24/100
|-hitcount|p1a: Cresselia|5
|move|p2b: Incineroar|Flare Blitz|p1a: Cresselia
|-damage|p1a: Cresselia|0 fnt
|faint|p1a: Cresselia
|-damage|p2b: Incineroar|45/100|[from] Recoil
|
|win|unbecomingduck
|c|☆unbecomingduck|gg
|inactive|heero vgc has 30 seconds to confirm battle start!
|inactive|unbecomingduck has 30 seconds to confirm battle start!
||heero vgc is ready for game 2.
||unbecomingduck is ready for game 2.
|uhtml|next|Next: <a href="/battle-gen9vgc2025regi-2390611522"><strong>Game 2 of 3</strong></a>
|l|☆unbecomingduck
|player|p2|
|j|☆unbecomingduck
|player|p2|unbecomingduck|266|
