|j|☆Sir Quag VIII
|j|☆Wiglett7
|t:|1750865480
|gametype|doubles
|player|p1|Sir Quag VIII|101|1162
|player|p2|Wiglett7|emmet|1193
|teamsize|p1|6
|teamsize|p2|6
|gen|9
|tier|[Gen 9] VGC 2025 Reg I
|rated|
|rule|Species Clause: Limit one of each Pokémon
|rule|Item Clause: Limit 1 of each item
|clearpoke
|poke|p1|Reshiram, L50|
|poke|p1|Palkia-Origin, L50|
|poke|p1|Stonjourner, L50, F|
|poke|p1|Moltres, L50|
|poke|p1|Ninetales, L50, M|
|poke|p1|Comfey, L50, F|
|poke|p2|Calyrex-Ice, L50|
|poke|p2|Alcremie-Rainbow-Swirl, L50, F|
|poke|p2|Farigiraf, L50, F|
|poke|p2|Miraidon, L50|
|poke|p2|Incineroar, L50, F|
|poke|p2|Iron Treads, L50|
|teampreview|4
|inactive|Battle timer is ON: inactive players will automatically lose when time's up. (requested by Sir Quag VIII)
Wiglett7 has agreed to open team sheets.
|inactive|Sir Quag VIII has 60 seconds left.
|
|t:|1750865530
|start
|switch|p1a: Moltres|Moltres, L50|100/100
|switch|p1b: Reshiram|Reshiram, L50|100/100
|switch|p2a: Miraidon|Miraidon, L50|100/100
|switch|p2b: Iron Treads|Iron Treads, L50|100/100
|-fieldstart|move: Electric Terrain|[from] ability: Hadron Engine|[of] p2a: Miraidon
|-activate|p2b: Iron Treads|ability: Quark Drive
|-start|p2b: Iron Treads|quarkdrivespe
|-ability|p1b: Reshiram|Turboblaze
|turn|1
|inactive|Sir Quag VIII has 30 seconds left.
|inactive|Sir Quag VIII has 20 seconds left.
|inactive|Sir Quag VIII has 15 seconds left.
|inactive|Sir Quag VIII has 10 seconds left.
|
|t:|1750865576
|-terastallize|p1a: Moltres|Ground
|move|p1b: Reshiram|Protect|p1b: Reshiram
|-singleturn|p1b: Reshiram|Protect
|move|p2b: Iron Treads|High Horsepower|p1b: Reshiram
|-activate|p1b: Reshiram|move: Protect
|move|p1a: Moltres|Heat Wave|p2b: Iron Treads|[spread] p2a,p2b
|-resisted|p2a: Miraidon
|-supereffective|p2b: Iron Treads
|-damage|p2a: Miraidon|85/100
|-damage|p2b: Iron Treads|0 fnt
|-status|p2a: Miraidon|brn
|faint|p2b: Iron Treads
|-end|p2b: Iron Treads|Quark Drive|[silent]
|move|p2a: Miraidon|Electro Drift|p1a: Moltres
|-immune|p1a: Moltres
|
|-damage|p2a: Miraidon|79/100 brn|[from] brn
|upkeep
|
|t:|1750865586
|switch|p2b: Apocalypse.|Calyrex-Ice, L50|100/100
|-ability|p2b: Apocalypse.|As One
|-ability|p2b: Apocalypse.|Unnerve
|turn|2
|
|t:|1750865605
|switch|p2a: Harbinger|Alcremie-Rainbow-Swirl, L50, F|100/100
|-terastallize|p2b: Apocalypse.|Water
|move|p1a: Moltres|Heat Wave|p2a: Harbinger|[spread] p2a
|-miss|p1a: Moltres|p2b: Apocalypse.
|-damage|p2a: Harbinger|67/100
|move|p1b: Reshiram|Draco Meteor|p2b: Apocalypse.
|-damage|p2b: Apocalypse.|32/100
|-unboost|p1b: Reshiram|spa|2
|-damage|p1b: Reshiram|91/100|[from] item: Life Orb
|move|p2b: Apocalypse.|Trick Room|p2b: Apocalypse.
|-fieldstart|move: Trick Room|[of] p2b: Apocalypse.
|
|upkeep
|turn|3
|
|t:|1750865624
|switch|p1a: Stonjourner|Stonjourner, L50, F, shiny|100/100
|move|p1b: Reshiram|Protect|p1b: Reshiram
|-singleturn|p1b: Reshiram|Protect
|move|p2a: Harbinger|Decorate|p2b: Apocalypse.
|-boost|p2b: Apocalypse.|atk|2
|-boost|p2b: Apocalypse.|spa|2
|move|p2b: Apocalypse.|Glacial Lance|p1b: Reshiram|[spread] p1a
|-activate|p1b: Reshiram|move: Protect
|-damage|p1a: Stonjourner|26/100
|
|upkeep
|turn|4
|
|t:|1750865642
|move|p1a: Stonjourner|Wide Guard|p1a: Stonjourner
|-singleturn|p1a: Stonjourner|Wide Guard
|move|p2a: Harbinger|Decorate|p2b: Apocalypse.
|-boost|p2b: Apocalypse.|atk|2
|-boost|p2b: Apocalypse.|spa|2
|move|p2b: Apocalypse.|Glacial Lance|p1b: Reshiram|[spread] 
|-activate|p1a: Stonjourner|move: Wide Guard
|-activate|p1b: Reshiram|move: Wide Guard
|move|p1b: Reshiram|Draco Meteor|p2b: Apocalypse.
|-damage|p2b: Apocalypse.|0 fnt
|-unboost|p1b: Reshiram|spa|2
|faint|p2b: Apocalypse.
|-damage|p1b: Reshiram|81/100|[from] item: Life Orb
|
|upkeep
|
|t:|1750865644
|switch|p2b: Miraidon|Miraidon, L50|79/100 brn
|-activate|p2b: Miraidon|ability: Hadron Engine
|turn|5
|inactive|Sir Quag VIII has 30 seconds left.
|
|t:|1750865676
|move|p2a: Harbinger|Decorate|p2b: Miraidon
|-boost|p2b: Miraidon|atk|2
|-boost|p2b: Miraidon|spa|2
|move|p1a: Stonjourner|Body Press|p2b: Miraidon
|-crit|p2b: Miraidon
|-damage|p2b: Miraidon|37/100 brn
|move|p1b: Reshiram|Draco Meteor|p2b: Miraidon|[miss]
|-miss|p1b: Reshiram|p2b: Miraidon
|move|p2b: Miraidon|Dazzling Gleam|p1b: Reshiram|[spread] p1a,p1b
|-damage|p1a: Stonjourner|0 fnt
|-damage|p1b: Reshiram|15/100
|faint|p1a: Stonjourner
|
|-damage|p2b: Miraidon|31/100 brn|[from] brn
|-fieldend|move: Electric Terrain
|upkeep
|
|t:|1750865695
|switch|p1a: Moltres|Moltres, L50, tera:Ground|100/100
|turn|6
|
|t:|1750865717
|move|p2a: Harbinger|Light Screen|p2a: Harbinger
|-sidestart|p2: Wiglett7|move: Light Screen
|move|p1b: Reshiram|Draco Meteor|p2b: Miraidon|[miss]
|-miss|p1b: Reshiram|p2b: Miraidon
|move|p2b: Miraidon|Dazzling Gleam|p1a: Moltres|[spread] p1a,p1b
|-damage|p1a: Moltres|23/100
|-damage|p1b: Reshiram|0 fnt
|faint|p1b: Reshiram
|move|p1a: Moltres|Heat Wave|p2b: Miraidon|[spread] p2a,p2b
|-resisted|p2b: Miraidon
|-damage|p2a: Harbinger|45/100
|-damage|p2b: Miraidon|20/100 brn
|-enditem|p2a: Harbinger|Sitrus Berry|[eat]
|-heal|p2a: Harbinger|70/100|[from] item: Sitrus Berry
|
|-damage|p2b: Miraidon|15/100 brn|[from] brn
|-fieldend|move: Trick Room
|upkeep
|
|t:|1750865731
|switch|p1b: Ninetales|Ninetales, L50, M, shiny|100/100
|-weather|SunnyDay|[from] ability: Drought|[of] p1b: Ninetales
|turn|7
|
|t:|1750865739
|move|p1b: Ninetales|Helping Hand|p1a: Moltres
|-singleturn|p1a: Moltres|Helping Hand|[of] p1b: Ninetales
|move|p1a: Moltres|Heat Wave|p2b: Miraidon|[spread] p2b
|-miss|p1a: Moltres|p2a: Harbinger
|-resisted|p2b: Miraidon
|-damage|p2b: Miraidon|0 fnt
|faint|p2b: Miraidon
|move|p2a: Harbinger|Alluring Voice|p1b: Ninetales
|-resisted|p1b: Ninetales
|-damage|p1b: Ninetales|87/100
|
|-weather|SunnyDay|[upkeep]
|upkeep
|turn|8
|-message|Wiglett7 forfeited.
|
|win|Sir Quag VIII
|raw|Sir Quag VIII's rating: 1162 &rarr; <strong>1189</strong><br />(+27 for winning)
|raw|Wiglett7's rating: 1193 &rarr; <strong>1166</strong><br />(-27 for losing)
|l|☆Wiglett7
|player|p2|
|l|☆Sir Quag VIII
|player|p1|
