|j|☆WiFiRequired
|j|☆we moveing
|t:|1750830249
|gametype|doubles
|player|p1|WiFiRequired|steven|1174
|player|p2|we moveing|266|1170
|teamsize|p1|6
|teamsize|p2|6
|gen|9
|tier|[Gen 9] VGC 2025 Reg I
|rated|
|rule|Species Clause: Limit one of each Pokémon
|rule|Item Clause: Limit 1 of each item
|clearpoke
|poke|p1|Metagross, L50|
|poke|p1|Kyogre, L50|
|poke|p1|Urshifu-*, L50, F|
|poke|p1|Zoroark-Hisui, L50, M|
|poke|p1|Landorus, L50, M|
|poke|p1|Salamence, L50, M|
|poke|p2|Koraidon, L50|
|poke|p2|Walking Wake, L50|
|poke|p2|Incineroar, L50, M|
|poke|p2|Scovillain, L50, F|
|poke|p2|Ursaluna, L50, F|
|poke|p2|Zamazenta-*, L50|
|teampreview|4
|
|t:|1750830288
|start
|switch|p1a: Kyogre|Kyogre, L50|100/100
|switch|p1b: Salamence|Salamence, L50, M|100/100
|switch|p2a: Walking Wake|Walking Wake, L50|100/100
|switch|p2b: Zamazenta|Zamazenta-Crowned, L50|100/100
|-ability|p1b: Salamence|Intimidate|boost
|-unboost|p2a: Walking Wake|atk|1
|-unboost|p2b: Zamazenta|atk|1
|-ability|p2b: Zamazenta|Dauntless Shield|boost
|-boost|p2b: Zamazenta|def|1
|-weather|RainDance|[from] ability: Drizzle|[of] p1a: Kyogre
|turn|1
|
|t:|1750830312
|move|p1b: Salamence|Draco Meteor|p2a: Walking Wake
|-supereffective|p2a: Walking Wake
|-damage|p2a: Walking Wake|29/100
|-unboost|p1b: Salamence|spa|2
|-enditem|p1b: Salamence|Eject Pack
|
|t:|1750830325
|switch|p1b: Ferrum|Metagross, L50, shiny|100/100
|move|p2b: Zamazenta|Body Press|p1a: Kyogre
|-damage|p1a: Kyogre|38/100
|move|p2a: Walking Wake|Draco Meteor|p1b: Ferrum
|-resisted|p1b: Ferrum
|-damage|p1b: Ferrum|78/100
|-unboost|p2a: Walking Wake|spa|2
|move|p1a: Kyogre|Thunder|p2b: Zamazenta
|-damage|p2b: Zamazenta|67/100
|-status|p2b: Zamazenta|par
|
|-weather|RainDance|[upkeep]
|upkeep
|turn|2
|
|t:|1750830360
|move|p2a: Walking Wake|Snarl|p1b: Ferrum|[spread] p1a,p1b
|-supereffective|p1b: Ferrum
|-damage|p1a: Kyogre|34/100
|-damage|p1b: Ferrum|67/100
|-unboost|p1a: Kyogre|spa|1
|move|p1a: Kyogre|Thunder|p2a: Walking Wake
|-damage|p2a: Walking Wake|11/100
|move|p1b: Ferrum|Psychic Fangs|p2b: Zamazenta
|-damage|p2b: Zamazenta|47/100 par
|move|p2b: Zamazenta|Body Press|p1b: Ferrum
|-damage|p1b: Ferrum|9/100
|
|-weather|RainDance|[upkeep]
|upkeep
|turn|3
|
|t:|1750830417
|move|p2a: Walking Wake|Snarl|p1b: Ferrum|[spread] p1a,p1b
|-supereffective|p1b: Ferrum
|-damage|p1a: Kyogre|29/100
|-damage|p1b: Ferrum|0 fnt
|-unboost|p1a: Kyogre|spa|1
|faint|p1b: Ferrum
|move|p1a: Kyogre|Thunder|p2a: Walking Wake
|-damage|p2a: Walking Wake|0 fnt
|faint|p2a: Walking Wake
|-end|p2a: Walking Wake|Protosynthesis|[silent]
|cant|p2b: Zamazenta|par
|
|-weather|RainDance|[upkeep]
|upkeep
|
|t:|1750830434
|switch|p2a: Koraidon|Koraidon, L50|100/100
|switch|p1b: Urshifu|Urshifu, L50, F|100/100
|-weather|SunnyDay|[from] ability: Orichalcum Pulse|[of] p2a: Koraidon
|-activate|p2a: Koraidon|Orichalcum Pulse|[source]
|turn|4
|
|t:|1750830447
|switch|p1a: Salamence|Salamence, L50, M|100/100
|-ability|p1a: Salamence|Intimidate|boost
|-fail|p2a: Koraidon|unboost|[from] item: Clear Amulet|[of] p2a: Koraidon
|-unboost|p2b: Zamazenta|atk|1
|-terastallize|p2a: Koraidon|Fire
|move|p1b: Urshifu|Close Combat|p2b: Zamazenta
|-supereffective|p2b: Zamazenta
|-damage|p2b: Zamazenta|0 fnt
|-unboost|p1b: Urshifu|def|1
|-unboost|p1b: Urshifu|spd|1
|faint|p2b: Zamazenta
|move|p2a: Koraidon|Flame Charge|p1b: Urshifu
|-damage|p1b: Urshifu|0 fnt
|-boost|p2a: Koraidon|spe|1
|faint|p1b: Urshifu
|
|-weather|SunnyDay|[upkeep]
|upkeep
|
|t:|1750830463
|switch|p1b: Kyogre|Kyogre, L50|29/100
|switch|p2b: Scovillain|Scovillain, L50, F|100/100
|-weather|RainDance|[from] ability: Drizzle|[of] p1b: Kyogre
|turn|5
|
|t:|1750830487
|move|p1b: Kyogre|Protect|p1b: Kyogre
|-singleturn|p1b: Kyogre|Protect
|move|p2a: Koraidon|Flare Blitz|p1b: Kyogre
|-activate|p1b: Kyogre|move: Protect
|move|p1a: Salamence|Hurricane|p2b: Scovillain
|-supereffective|p2b: Scovillain
|-enditem|p2b: Scovillain|Focus Sash
|-damage|p2b: Scovillain|1/100
|move|p2b: Scovillain|Spicy Extract|p2a: Koraidon
|-fail|p2a: Koraidon|unboost|[from] item: Clear Amulet|[of] p2a: Koraidon
|-boost|p2a: Koraidon|atk|2
|
|-weather|RainDance|[upkeep]
|upkeep
|turn|6
|
|t:|1750830534
|move|p2b: Scovillain|Rage Powder|p2b: Scovillain
|-singleturn|p2b: Scovillain|move: Rage Powder
|move|p2a: Koraidon|Flare Blitz|p1a: Salamence
|-resisted|p1a: Salamence
|-damage|p1a: Salamence|59/100
|-damage|p2a: Koraidon|87/100|[from] Recoil
|move|p1a: Salamence|Hurricane|p2b: Scovillain
|-supereffective|p2b: Scovillain
|-damage|p2b: Scovillain|0 fnt
|faint|p2b: Scovillain
|move|p1b: Kyogre|Origin Pulse|p2a: Koraidon|[miss]
|-miss|p1b: Kyogre|p2a: Koraidon
|
|-weather|RainDance|[upkeep]
|upkeep
|turn|7
|
|t:|1750830551
|move|p2a: Koraidon|Protect|p2a: Koraidon
|-singleturn|p2a: Koraidon|Protect
|move|p1a: Salamence|Hurricane|p2a: Koraidon
|-activate|p2a: Koraidon|move: Protect
|move|p1b: Kyogre|Origin Pulse|p2a: Koraidon
|-activate|p2a: Koraidon|move: Protect
|
|-weather|RainDance|[upkeep]
|upkeep
|turn|8
|
|t:|1750830565
|move|p2a: Koraidon|Flare Blitz|p1b: Kyogre
|-resisted|p1b: Kyogre
|-damage|p1b: Kyogre|0 fnt
|faint|p1b: Kyogre
|-damage|p2a: Koraidon|76/100|[from] Recoil
|move|p1a: Salamence|Hurricane|p2a: Koraidon
|-crit|p2a: Koraidon
|-damage|p2a: Koraidon|0 fnt
|faint|p2a: Koraidon
|
|win|WiFiRequired
|raw|WiFiRequired's rating: 1174 &rarr; <strong>1199</strong><br />(+25 for winning)
|raw|we moveing's rating: 1170 &rarr; <strong>1145</strong><br />(-25 for losing)
|c|☆WiFiRequired|gg
|l|☆WiFiRequired
|player|p1|
