|j|☆zebraschinge
|j|☆Mameon
|t:|1750847384
|gametype|doubles
|player|p1|zebraschinge|102|1330
|player|p2|Mameon|red|1337
|teamsize|p1|6
|teamsize|p2|6
|gen|9
|tier|[Gen 9] VGC 2025 Reg I
|rated|
|rule|Species Clause: Limit one of each Pokémon
|rule|Item Clause: Limit 1 of each item
|clearpoke
|poke|p1|Miraidon, L50|
|poke|p1|Grimmsnarl, L50, M|
|poke|p1|Calyrex-Ice, L50|
|poke|p1|Farigiraf, L50, F|
|poke|p1|Tornadus, L50, M|
|poke|p1|Diglett, L50, M|
|poke|p2|Calyrex-Ice, L50|
|poke|p2|Scraggy, L50, F|
|poke|p2|Miraidon, L50|
|poke|p2|Farigiraf, L50, M|
|poke|p2|Iron Treads, L50|
|poke|p2|Iron Hands, L50|
|teampreview|4
|inactive|Battle timer is ON: inactive players will automatically lose when time's up. (requested by zebraschinge)
|inactive|Mameon has 60 seconds left.
|
|t:|1750847420
|start
|switch|p1a: Diglett|Diglett, L50, M|100/100
|switch|p1b: Farigiraf|Farigiraf, L50, F|100/100
|switch|p2a: Calyrex|Calyrex-Ice, L50|100/100
|switch|p2b: Scraggy|Scraggy, L50, F|100/100
|-ability|p2a: Calyrex|As One
|-ability|p2a: Calyrex|Unnerve
|-ability|p2b: Scraggy|Intimidate|boost
|-unboost|p1a: Diglett|atk|1
|-unboost|p1b: Farigiraf|atk|1
|turn|1
|inactive|zebraschinge has 30 seconds left.
|
|t:|1750847449
|move|p1a: Diglett|Endeavor|p2a: Calyrex
|-damage|p2a: Calyrex|34/100
|move|p1b: Farigiraf|Shadow Ball|p2a: Calyrex
|-supereffective|p2a: Calyrex
|-damage|p2a: Calyrex|5/100
|move|p2b: Scraggy|Foul Play|p1b: Farigiraf
|-supereffective|p1b: Farigiraf
|-damage|p1b: Farigiraf|69/100
|move|p2a: Calyrex|Trick Room|p2a: Calyrex
|-fieldstart|move: Trick Room|[of] p2a: Calyrex
|
|upkeep
|turn|2
|inactive|zebraschinge has 30 seconds left.
|inactive|Mameon has 30 seconds left.
|
|t:|1750847476
|move|p1a: Diglett|Sucker Punch|p2a: Calyrex
|-supereffective|p2a: Calyrex
|-damage|p2a: Calyrex|0 fnt
|faint|p2a: Calyrex
|move|p2b: Scraggy|Endeavor|p1a: Diglett
|-immune|p1a: Diglett
|move|p1b: Farigiraf|Tera Blast|p2b: Scraggy
|-damage|p2b: Scraggy|70/100
|
|upkeep
|
|t:|1750847487
|switch|p2a: Farigiraf|Farigiraf, L50, M|100/100
|turn|3
|
|t:|1750847503
|move|p2b: Scraggy|Foul Play|p1b: Farigiraf
|-supereffective|p1b: Farigiraf
|-damage|p1b: Farigiraf|39/100
|-enditem|p1b: Farigiraf|Sitrus Berry|[eat]
|-heal|p1b: Farigiraf|63/100|[from] item: Sitrus Berry
|move|p2a: Farigiraf|Foul Play|p1b: Farigiraf
|-supereffective|p1b: Farigiraf
|-damage|p1b: Farigiraf|41/100
|move|p1b: Farigiraf|Tera Blast|p2b: Scraggy
|-damage|p2b: Scraggy|41/100
|move|p1a: Diglett|Endeavor|p2a: Farigiraf
|-damage|p2a: Farigiraf|32/100
|
|upkeep
|turn|4
|inactive|zebraschinge has 30 seconds left.
|inactive|Mameon has 30 seconds left.
|l|☆Mameon
|inactive|Mameon disconnected and has a minute to reconnect!
|player|p2|
|inactive|Mameon has 20 seconds left.
|inactive|Mameon has 15 seconds left.
|inactive|Mameon has 10 seconds left.
|inactive|Mameon has 5 seconds left.
|j|☆Mameon
|inactive|Mameon reconnected and has 5 seconds left.
|player|p2|Mameon|red|
|
|t:|1750847558
|move|p2b: Scraggy|Foul Play|p1a: Diglett
|-enditem|p1a: Diglett|Focus Sash
|-damage|p1a: Diglett|2/100
|move|p2a: Farigiraf|Psychic|p1b: Farigiraf
|-resisted|p1b: Farigiraf
|-damage|p1b: Farigiraf|23/100
|move|p1b: Farigiraf|Tera Blast|p2a: Farigiraf
|-damage|p2a: Farigiraf|1/100
|move|p1a: Diglett|Foul Play|p2a: Farigiraf
|-supereffective|p2a: Farigiraf
|-damage|p2a: Farigiraf|0 fnt
|faint|p2a: Farigiraf
|
|upkeep
|
|t:|1750847578
|switch|p2a: Miraidon|Miraidon, L50|100/100
|-fieldstart|move: Electric Terrain|[from] ability: Hadron Engine|[of] p2a: Miraidon
|turn|5
|
|t:|1750847595
|move|p1b: Farigiraf|Protect|p1b: Farigiraf
|-singleturn|p1b: Farigiraf|Protect
|move|p1a: Diglett|Protect|p1a: Diglett
|-singleturn|p1a: Diglett|Protect
|move|p2b: Scraggy|Foul Play|p1b: Farigiraf
|-activate|p1b: Farigiraf|move: Protect
|move|p2a: Miraidon|Dazzling Gleam|p1a: Diglett|[spread] 
|-activate|p1a: Diglett|move: Protect
|-activate|p1b: Farigiraf|move: Protect
|
|-fieldend|move: Trick Room
|upkeep
|turn|6
|
|t:|1750847617
|move|p1a: Diglett|Sucker Punch|p2a: Miraidon
|-damage|p2a: Miraidon|92/100
|move|p2a: Miraidon|Dazzling Gleam|p1b: Farigiraf|[spread] p1a,p1b
|-damage|p1a: Diglett|0 fnt
|-damage|p1b: Farigiraf|0 fnt
|faint|p1a: Diglett
|faint|p1b: Farigiraf
|move|p2b: Scraggy|Coaching|p2a: Miraidon
|-boost|p2a: Miraidon|atk|1
|-boost|p2a: Miraidon|def|1
|
|upkeep
|
|t:|1750847627
|switch|p1a: Miraidon|Miraidon, L50|100/100
|switch|p1b: Calyrex|Calyrex-Ice, L50|100/100
|-ability|p1b: Calyrex|As One
|-ability|p1b: Calyrex|Unnerve
|-activate|p1a: Miraidon|ability: Hadron Engine
|turn|7
|
|t:|1750847645
|-terastallize|p2a: Miraidon|Fairy
|move|p1a: Miraidon|Protect|p1a: Miraidon
|-singleturn|p1a: Miraidon|Protect
|move|p1b: Calyrex|Protect|p1b: Calyrex
|-singleturn|p1b: Calyrex|Protect
|move|p2a: Miraidon|Dazzling Gleam|p1b: Calyrex|[spread] 
|-activate|p1a: Miraidon|move: Protect
|-activate|p1b: Calyrex|move: Protect
|move|p2b: Scraggy|Endeavor|p1a: Miraidon
|-activate|p1a: Miraidon|move: Protect
|
|upkeep
|turn|8
|inactive|Mameon has 30 seconds left.
|l|☆Mameon
|inactive|Mameon disconnected and has a minute to reconnect!
|player|p2|
|inactive|Mameon has 20 seconds left.
|j|☆Mameon
|inactive|Mameon reconnected and has 20 seconds left.
|player|p2|Mameon|red|
|inactive|Mameon has 15 seconds left.
|inactive|Mameon has 10 seconds left.
|
|t:|1750847691
|-terastallize|p1a: Miraidon|Water
|move|p1a: Miraidon|Electro Drift|p2a: Miraidon
|-damage|p2a: Miraidon|0 fnt
|faint|p2a: Miraidon
|-damage|p1a: Miraidon|91/100|[from] item: Life Orb
|move|p2b: Scraggy|Endeavor|p1a: Miraidon
|-damage|p1a: Miraidon|29/100
|move|p1b: Calyrex|Trick Room|p1b: Calyrex
|-fieldstart|move: Trick Room|[of] p1b: Calyrex
|
|upkeep
|turn|9
|
|t:|1750847711
|move|p2b: Scraggy|Endeavor|p1a: Miraidon
|-immune|p1a: Miraidon
|move|p1b: Calyrex|Glacial Lance|p2b: Scraggy
|-damage|p2b: Scraggy|0 fnt
|faint|p2b: Scraggy
|
|win|zebraschinge
|raw|zebraschinge's rating: 1330 &rarr; <strong>1350</strong><br />(+20 for winning)
|raw|Mameon's rating: 1337 &rarr; <strong>1317</strong><br />(-20 for losing)
|l|☆zebraschinge
|player|p1|
|l|☆Mameon
|player|p2|
