|j|☆Scaramouche_UwU6
|j|☆TheDecommissioner
|t:|1750795296
|gametype|doubles
|player|p1|Scaramouche_UwU6|169|1230
|player|p2|TheDecommissioner|preschooler|1217
|teamsize|p1|6
|teamsize|p2|6
|gen|9
|tier|[Gen 9] VGC 2025 Reg I
|rated|
|rule|Species Clause: Limit one of each Pokémon
|rule|Item Clause: Limit 1 of each item
|clearpoke
|poke|p1|Gengar, L50, M|
|poke|p1|Grimmsnarl, L50, M|
|poke|p1|Calyrex-Ice, L50|
|poke|p1|Miraidon, L50|
|poke|p1|Volcarona, L50, F|
|poke|p1|Ogerpon-Wellspring, L50, F|
|poke|p2|Walking Wake, L50|
|poke|p2|Torkoal, L50, M|
|poke|p2|Indeedee-F, L50, F|
|poke|p2|Koraidon, L50|
|poke|p2|Lilligant-Hisui, L50, F|
|poke|p2|Archaludon, L50, M|
|teampreview|4
|inactive|Battle timer is ON: inactive players will automatically lose when time's up. (requested by TheDecommissioner)
|inactive|Scaramouche_UwU6 has 60 seconds left.
|
|t:|1750795337
|start
|switch|p1a: Akane *;)|Ogerpon-Wellspring, L50, F|100/100
|switch|p1b: Grin Shady|Gengar, L50, M|100/100
|switch|p2a: Koraidon|Koraidon, L50|100/100
|switch|p2b: Talking|Lilligant-Hisui, L50, F|100/100
|-weather|SunnyDay|[from] ability: Orichalcum Pulse|[of] p2a: Koraidon
|-activate|p2a: Koraidon|Orichalcum Pulse|[source]
|turn|1
|inactive|TheDecommissioner has 30 seconds left.
|
|t:|1750795367
|move|p1a: Akane *;)|Follow Me|p1a: Akane *;)
|-singleturn|p1a: Akane *;)|move: Follow Me
|move|p2b: Talking|Bullet Seed|p1a: Akane *;)
|-damage|p1a: Akane *;)|90/100
|-damage|p1a: Akane *;)|79/100
|-damage|p1a: Akane *;)|69/100
|-hitcount|p1a: Akane *;)|3
|move|p2a: Koraidon|Flare Blitz|p1a: Akane *;)
|-damage|p1a: Akane *;)|0 fnt
|faint|p1a: Akane *;)
|-damage|p2a: Koraidon|80/100|[from] Recoil
|move|p1b: Grin Shady|Will-O-Wisp|p2a: Koraidon
|-status|p2a: Koraidon|brn
|
|-weather|SunnyDay|[upkeep]
|-damage|p2a: Koraidon|74/100 brn|[from] brn
|upkeep
|
|t:|1750795382
|switch|p1a: AcheronIX|Miraidon, L50|100/100
|-fieldstart|move: Electric Terrain|[from] ability: Hadron Engine|[of] p1a: AcheronIX
|turn|2
|
|t:|1750795393
|switch|p2a: Indeedee|Indeedee-F, L50, F|100/100
|-fieldstart|move: Psychic Terrain|[from] ability: Psychic Surge|[of] p2a: Indeedee
|move|p2b: Talking|Sleep Powder|p1a: AcheronIX
|-status|p1a: AcheronIX|slp|[from] move: Sleep Powder
|cant|p1a: AcheronIX|slp
|move|p1b: Grin Shady|Sludge Bomb|p2b: Talking
|-supereffective|p2b: Talking
|-damage|p2b: Talking|0 fnt
|faint|p2b: Talking
|
|-weather|SunnyDay|[upkeep]
|upkeep
|
|t:|1750795399
|switch|p2b: FOREVERR|Torkoal, L50, M, shiny|100/100
|turn|3
|
|t:|1750795417
|move|p2b: FOREVERR|Protect|p2b: FOREVERR
|-singleturn|p2b: FOREVERR|Protect
|cant|p1a: AcheronIX|slp
|move|p1b: Grin Shady|Trick Room|p1b: Grin Shady
|-fieldstart|move: Trick Room|[of] p1b: Grin Shady
|move|p2a: Indeedee|Trick Room|p2a: Indeedee
|-fieldend|move: Trick Room
|
|-weather|SunnyDay|[upkeep]
|upkeep
|turn|4
|
|t:|1750795431
|switch|p2b: Koraidon|Koraidon, L50|74/100 brn
|-activate|p2b: Koraidon|ability: Orichalcum Pulse
|cant|p1a: AcheronIX|slp
|move|p1b: Grin Shady|Sludge Bomb|p2a: Indeedee
|-damage|p2a: Indeedee|54/100
|-status|p2a: Indeedee|psn
|move|p2a: Indeedee|Trick Room|p2a: Indeedee
|-fieldstart|move: Trick Room|[of] p2a: Indeedee
|
|-weather|SunnyDay|[upkeep]
|-damage|p2a: Indeedee|42/100 psn|[from] psn
|-damage|p2b: Koraidon|68/100 brn|[from] brn
|upkeep
|turn|5
|
|t:|1750795452
|switch|p1b: Pastellence|Grimmsnarl, L50, M, shiny|100/100
|move|p2a: Indeedee|Psychic|p1b: Pastellence
|-immune|p1b: Pastellence
|-curestatus|p1a: AcheronIX|slp|[msg]
|move|p1a: AcheronIX|Volt Switch|p2a: Indeedee
|-damage|p2a: Indeedee|0 fnt
|faint|p2a: Indeedee
|
|t:|1750795460
|switch|p1a: Grin Shady|Gengar, L50, M|100/100|[from] Volt Switch
|move|p2b: Koraidon|Dragon Claw|p1b: Pastellence
|-immune|p1b: Pastellence
|
|-weather|none
|-damage|p2b: Koraidon|63/100 brn|[from] brn
|upkeep
|
|t:|1750795463
|switch|p2a: FOREVERR|Torkoal, L50, M, shiny|100/100
|-weather|SunnyDay|[from] ability: Drought|[of] p2a: FOREVERR
|turn|6
|
|t:|1750795475
|-terastallize|p2a: FOREVERR|Fire
|move|p1b: Pastellence|Light Screen|p1b: Pastellence
|-sidestart|p1: Scaramouche_UwU6|move: Light Screen
|move|p2a: FOREVERR|Eruption|p1a: Grin Shady|[spread] p1a,p1b
|-enditem|p1a: Grin Shady|Focus Sash
|-damage|p1a: Grin Shady|1/100
|-damage|p1b: Pastellence|23/100
|move|p1a: Grin Shady|Shadow Ball|p2a: FOREVERR
|-damage|p2a: FOREVERR|43/100
|move|p2b: Koraidon|Dragon Claw|p1a: Grin Shady
|-damage|p1a: Grin Shady|0 fnt
|-start|p2b: Koraidon|Disable|Dragon Claw|[from] ability: Cursed Body|[of] p1a: Grin Shady
|faint|p1a: Grin Shady
|
|-weather|SunnyDay|[upkeep]
|-damage|p2b: Koraidon|57/100 brn|[from] brn
|-fieldend|move: Psychic Terrain
|upkeep
|
|t:|1750795486
|switch|p1a: AcheronIX|Miraidon, L50|100/100
|-fieldstart|move: Electric Terrain|[from] ability: Hadron Engine|[of] p1a: AcheronIX
|turn|7
|
|t:|1750795508
|move|p1b: Pastellence|Reflect|p1b: Pastellence
|-sidestart|p1: Scaramouche_UwU6|Reflect
|move|p2a: FOREVERR|Heat Wave|p1b: Pastellence|[spread] p1a,p1b
|-resisted|p1a: AcheronIX
|-damage|p1a: AcheronIX|80/100
|-damage|p1b: Pastellence|0 fnt
|faint|p1b: Pastellence
|move|p1a: AcheronIX|Electro Drift|p2a: FOREVERR
|-damage|p2a: FOREVERR|0 fnt
|faint|p2a: FOREVERR
|-activate|p2b: Koraidon|move: Struggle
|move|p2b: Koraidon|Struggle|p1a: AcheronIX
|-damage|p1a: AcheronIX|70/100
|-damage|p2b: Koraidon|32/100 brn|[from] recoil
|
|-weather|SunnyDay|[upkeep]
|-damage|p2b: Koraidon|26/100 brn|[from] brn
|upkeep
|turn|8
|
|t:|1750795516
|-terastallize|p1a: AcheronIX|Steel
|move|p1a: AcheronIX|Electro Drift|p2b: Koraidon
|-resisted|p2b: Koraidon
|-damage|p2b: Koraidon|0 fnt
|faint|p2b: Koraidon
|
|win|Scaramouche_UwU6
|raw|Scaramouche_UwU6's rating: 1230 &rarr; <strong>1254</strong><br />(+24 for winning)
|raw|TheDecommissioner's rating: 1217 &rarr; <strong>1193</strong><br />(-24 for losing)
|l|☆Scaramouche_UwU6
|player|p1|
|l|☆TheDecommissioner
|player|p2|
