|j|☆BRdilas
|j|☆Zakmancho
|t:|1750812285
|gametype|doubles
|player|p1|BRdilas|266|1488
|player|p2|Zakmancho|2|1501
|teamsize|p1|6
|teamsize|p2|6
|gen|9
|tier|[Gen 9] VGC 2025 Reg I
|rated|
|rule|Species Clause: Limit one of each Pokémon
|rule|Item Clause: Limit 1 of each item
|clearpoke
|poke|p1|Koraidon, L50|
|poke|p1|Armarouge, L50, F|
|poke|p1|Calyrex-Shadow, L50|
|poke|p1|Indeedee-F, L50, F|
|poke|p1|Ceruledge, L50, F|
|poke|p1|Urshifu-*, L50, F|
|poke|p2|Calyrex-Ice, L50|
|poke|p2|Miraidon, L50|
|poke|p2|Grimmsnarl, L50, M|
|poke|p2|Urshifu-*, L50, F|
|poke|p2|Incineroar, L50, F|
|poke|p2|Landorus, L50, M|
|teampreview|4
|inactive|Battle timer is ON: inactive players will automatically lose when time's up. (requested by Zakmancho)
|inactive|Zakmancho has 60 seconds left.
|
|t:|1750812337
|start
|switch|p1a: Armarouge|Armarouge, L50, F|100/100
|switch|p1b: Koraidon|Koraidon, L50|100/100
|switch|p2a: Grimmsnarl|Grimmsnarl, L50, M|100/100
|switch|p2b: Miraidon|Miraidon, L50|100/100
|-weather|SunnyDay|[from] ability: Orichalcum Pulse|[of] p1b: Koraidon
|-activate|p1b: Koraidon|Orichalcum Pulse|[source]
|-fieldstart|move: Electric Terrain|[from] ability: Hadron Engine|[of] p2b: Miraidon
|turn|1
|
|t:|1750812354
|move|p2b: Miraidon|Protect|p2b: Miraidon
|-singleturn|p2b: Miraidon|Protect
|move|p2a: Grimmsnarl|Light Screen|p2a: Grimmsnarl
|-sidestart|p2: Zakmancho|move: Light Screen
|move|p1b: Koraidon|U-turn|p1a: Armarouge
|-damage|p1a: Armarouge|71/100
|-ability|p1a: Armarouge|Weak Armor|boost
|-unboost|p1a: Armarouge|def|1
|-boost|p1a: Armarouge|spe|2
|
|t:|1750812363
|switch|p1b: Indeedee|Indeedee-F, L50, F|100/100|[from] U-turn
|-fieldstart|move: Psychic Terrain|[from] ability: Psychic Surge|[of] p1b: Indeedee
|-enditem|p1b: Indeedee|Psychic Seed
|-boost|p1b: Indeedee|spd|1|[from] item: Psychic Seed
|move|p1a: Armarouge|Heat Wave|p2a: Grimmsnarl|[spread] p2a
|-activate|p2b: Miraidon|move: Protect
|-damage|p2a: Grimmsnarl|68/100
|
|-weather|SunnyDay|[upkeep]
|upkeep
|turn|2
|inactive|Zakmancho has 30 seconds left.
|
|t:|1750812394
|move|p1b: Indeedee|Helping Hand|p1a: Armarouge
|-singleturn|p1a: Armarouge|Helping Hand|[of] p1b: Indeedee
|move|p1a: Armarouge|Heat Wave|p2b: Miraidon|[spread] p2a,p2b
|-resisted|p2b: Miraidon
|-damage|p2a: Grimmsnarl|23/100
|-damage|p2b: Miraidon|80/100
|-status|p2a: Grimmsnarl|brn
|move|p2b: Miraidon|Volt Switch|p1a: Armarouge
|-crit|p1a: Armarouge
|-damage|p1a: Armarouge|5/100
|
|t:|1750812407
|switch|p2b: Calyrex|Calyrex-Ice, L50|100/100|[from] Volt Switch
|-ability|p2b: Calyrex|As One
|-ability|p2b: Calyrex|Unnerve
|move|p2a: Grimmsnarl|Spirit Break|p1a: Armarouge
|-resisted|p1a: Armarouge
|-damage|p1a: Armarouge|0 fnt
|faint|p1a: Armarouge
|
|-weather|SunnyDay|[upkeep]
|-damage|p2a: Grimmsnarl|17/100 brn|[from] brn
|upkeep
|
|t:|1750812416
|switch|p1a: Calyrex|Calyrex-Shadow, L50|100/100
|-ability|p1a: Calyrex|As One
|-ability|p1a: Calyrex|Unnerve
|turn|3
|
|t:|1750812429
|-terastallize|p2b: Calyrex|Electric
|move|p2a: Grimmsnarl|Reflect|p2a: Grimmsnarl
|-sidestart|p2: Zakmancho|Reflect
|move|p1a: Calyrex|Astral Barrage|p2a: Grimmsnarl|[spread] p2a,p2b
|-resisted|p2a: Grimmsnarl
|-damage|p2a: Grimmsnarl|1/100 brn
|-damage|p2b: Calyrex|79/100
|move|p1b: Indeedee|Imprison|p1b: Indeedee
|-start|p1b: Indeedee|move: Imprison
|cant|p2b: Calyrex|move: Imprison|Trick Room
|
|-weather|SunnyDay|[upkeep]
|-heal|p2b: Calyrex|85/100|[from] item: Leftovers
|-damage|p2a: Grimmsnarl|0 fnt|[from] brn
|faint|p2a: Grimmsnarl
|upkeep
|
|t:|1750812443
|switch|p2a: Miraidon|Miraidon, L50|80/100
|-fieldstart|move: Electric Terrain|[from] ability: Hadron Engine|[of] p2a: Miraidon
|turn|4
|
|t:|1750812457
|-terastallize|p1a: Calyrex|Fairy
|move|p1b: Indeedee|Follow Me|p1b: Indeedee
|-singleturn|p1b: Indeedee|move: Follow Me
|move|p1a: Calyrex|Draining Kiss|p2a: Miraidon
|-supereffective|p2a: Miraidon
|-damage|p2a: Miraidon|43/100
|move|p2a: Miraidon|Electro Drift|p1b: Indeedee
|-damage|p1b: Indeedee|46/100
|move|p2b: Calyrex|Glacial Lance|p1b: Indeedee|[spread] p1a,p1b
|-damage|p1a: Calyrex|38/100
|-damage|p1b: Indeedee|0 fnt
|faint|p1b: Indeedee
|-ability|p2b: Calyrex|Chilling Neigh|boost
|-boost|p2b: Calyrex|atk|1
|
|-weather|SunnyDay|[upkeep]
|-heal|p2b: Calyrex|90/100|[from] item: Leftovers
|upkeep
|
|t:|1750812471
|switch|p1b: Koraidon|Koraidon, L50|100/100
|-activate|p1b: Koraidon|ability: Orichalcum Pulse
|turn|5
|
|t:|1750812483
|move|p2a: Miraidon|Protect|p2a: Miraidon
|-singleturn|p2a: Miraidon|Protect
|move|p1b: Koraidon|Collision Course|p2b: Calyrex
|-damage|p2b: Calyrex|67/100
|move|p1a: Calyrex|Draining Kiss|p2a: Miraidon
|-activate|p2a: Miraidon|move: Protect
|move|p2b: Calyrex|Trick Room|p2b: Calyrex
|-fieldstart|move: Trick Room|[of] p2b: Calyrex
|
|-weather|none
|-heal|p2b: Calyrex|73/100|[from] item: Leftovers
|upkeep
|turn|6
|c|☆BRdilas|gg
|-message|BRdilas forfeited.
|
|win|Zakmancho
|raw|BRdilas's rating: 1488 &rarr; <strong>1469</strong><br />(-19 for losing)
|raw|Zakmancho's rating: 1501 &rarr; <strong>1520</strong><br />(+19 for winning)
|l|☆BRdilas
|player|p1|
|l|☆Zakmancho
|player|p2|
