|j|☆plesiooo
|j|☆Sillinator
|t:|1750869913
|gametype|doubles
|player|p1|plesiooo|steven|1183
|player|p2|Sillinator|1|1193
|teamsize|p1|6
|teamsize|p2|6
|gen|9
|tier|[Gen 9] VGC 2025 Reg I
|rated|
|rule|Species Clause: Limit one of each Pokémon
|rule|Item Clause: Limit 1 of each item
|clearpoke
|poke|p1|Cresselia, L50, F|
|poke|p1|Calyrex-Ice, L50|
|poke|p1|Amoonguss, L50, F|
|poke|p1|Ursaluna-Bloodmoon, L50, M|
|poke|p1|Chi-Yu, L50|
|poke|p1|Koraidon, L50|
|poke|p2|Yanma, L50, M|
|poke|p2|Sableye, L50, M|
|poke|p2|Koraidon, L50|
|poke|p2|Lunala, L50|
|poke|p2|Urshifu-*, L50, F|
|poke|p2|Rillaboom, L50, M|
|teampreview|4
|inactive|Battle timer is ON: inactive players will automatically lose when time's up. (requested by Sillinator)
|inactive|plesiooo also wants the timer to be on.
plesiooo rejected open team sheets.
|
|t:|1750869937
|start
|switch|p1a: Calyrex|Calyrex-Ice, L50|100/100
|switch|p1b: Cresselia|Cresselia, L50, F|100/100
|switch|p2a: Yanma|Yanma, L50, M|100/100
|switch|p2b: Koraidon|Koraidon, L50|100/100
|-ability|p1a: Calyrex|As One
|-ability|p1a: Calyrex|Unnerve
|-weather|SunnyDay|[from] ability: Orichalcum Pulse|[of] p2b: Koraidon
|-activate|p2b: Koraidon|Orichalcum Pulse|[source]
|turn|1
|
|t:|1750869950
|-terastallize|p1a: Calyrex|Fire
|move|p2b: Koraidon|Protect|p2b: Koraidon
|-singleturn|p2b: Koraidon|Protect
|move|p2a: Yanma|Hypnosis|p1b: Cresselia
|-status|p1b: Cresselia|slp|[from] move: Hypnosis
|move|p1a: Calyrex|Glacial Lance|p2b: Koraidon|[spread] p2a
|-activate|p2b: Koraidon|move: Protect
|-supereffective|p2a: Yanma
|-enditem|p2a: Yanma|Focus Sash
|-damage|p2a: Yanma|1/100
|cant|p1b: Cresselia|slp
|
|-weather|SunnyDay|[upkeep]
|upkeep
|turn|2
|inactive|Sillinator has 30 seconds left.
|
|t:|1750869982
|-terastallize|p2b: Koraidon|Fire
|move|p2b: Koraidon|Flare Blitz|p1b: Cresselia
|-damage|p1b: Cresselia|0 fnt
|faint|p1b: Cresselia
|-damage|p2b: Koraidon|64/100|[from] Recoil
|-damage|p2b: Koraidon|55/100|[from] item: Life Orb
|move|p2a: Yanma|Hypnosis|p1a: Calyrex
|-status|p1a: Calyrex|slp|[from] move: Hypnosis
|cant|p1a: Calyrex|slp
|
|-weather|SunnyDay|[upkeep]
|upkeep
|
|t:|1750870001
|switch|p1b: Amoonguss|Amoonguss, L50, F|100/100
|turn|3
|
|t:|1750870012
|move|p1b: Amoonguss|Protect|p1b: Amoonguss
|-singleturn|p1b: Amoonguss|Protect
|move|p2b: Koraidon|Close Combat|p1a: Calyrex
|-damage|p1a: Calyrex|35/100 slp
|-unboost|p2b: Koraidon|def|1
|-unboost|p2b: Koraidon|spd|1
|-damage|p2b: Koraidon|45/100|[from] item: Life Orb
|move|p2a: Yanma|Hypnosis|p1b: Amoonguss
|-activate|p1b: Amoonguss|move: Protect
|cant|p1a: Calyrex|slp
|
|-weather|SunnyDay|[upkeep]
|upkeep
|turn|4
|
|t:|1750870036
|-curestatus|p1a: Calyrex|slp|[msg]
|move|p1a: Calyrex|Protect|p1a: Calyrex
|-singleturn|p1a: Calyrex|Protect
|move|p2b: Koraidon|Close Combat|p1a: Calyrex
|-activate|p1a: Calyrex|move: Protect
|move|p2a: Yanma|Hypnosis|p1b: Amoonguss
|-status|p1b: Amoonguss|slp|[from] move: Hypnosis
|cant|p1b: Amoonguss|slp
|
|-weather|SunnyDay|[upkeep]
|upkeep
|turn|5
|
|t:|1750870055
|move|p2b: Koraidon|Close Combat|p1a: Calyrex
|-damage|p1a: Calyrex|0 fnt
|-unboost|p2b: Koraidon|def|1
|-unboost|p2b: Koraidon|spd|1
|faint|p1a: Calyrex
|-damage|p2b: Koraidon|36/100|[from] item: Life Orb
|move|p2a: Yanma|Screech|p1b: Amoonguss
|-unboost|p1b: Amoonguss|def|2
|cant|p1b: Amoonguss|slp
|
|-weather|none
|upkeep
|
|t:|1750870067
|switch|p1a: Ursaluna|Ursaluna-Bloodmoon, L50, M|100/100
|turn|6
|
|t:|1750870074
|cant|p1b: Amoonguss|slp
|move|p2b: Koraidon|Flare Blitz|p1b: Amoonguss
|-supereffective|p1b: Amoonguss
|-damage|p1b: Amoonguss|0 fnt
|faint|p1b: Amoonguss
|-damage|p2b: Koraidon|0 fnt|[from] Recoil
|faint|p2b: Koraidon
|move|p2a: Yanma|Hypnosis|p1a: Ursaluna|[miss]
|-miss|p2a: Yanma|p1a: Ursaluna
|move|p1a: Ursaluna|Hyper Voice|p2a: Yanma
|-damage|p2a: Yanma|0 fnt
|faint|p2a: Yanma
|
|upkeep
|
|t:|1750870087
|switch|p2b: Rillaboom|Rillaboom, L50, M|100/100
|switch|p2a: Lunala|Lunala, L50|100/100
|-fieldstart|move: Grassy Terrain|[from] ability: Grassy Surge|[of] p2b: Rillaboom
|turn|7
|
|t:|1750870093
|move|p2b: Rillaboom|Fake Out|p1a: Ursaluna
|-damage|p1a: Ursaluna|90/100
|move|p2a: Lunala|Meteor Beam||[still]
|-prepare|p2a: Lunala|Meteor Beam
|-boost|p2a: Lunala|spa|1
|-enditem|p2a: Lunala|Power Herb
|-anim|p2a: Lunala|Meteor Beam|p1a: Ursaluna
|-resisted|p1a: Ursaluna
|-damage|p1a: Ursaluna|56/100
|cant|p1a: Ursaluna|flinch
|
|-heal|p1a: Ursaluna|62/100|[from] Grassy Terrain
|upkeep
|turn|8
|
|t:|1750870110
|move|p2b: Rillaboom|Grassy Glide|p1a: Ursaluna
|-supereffective|p1a: Ursaluna
|-damage|p1a: Ursaluna|15/100
|move|p2a: Lunala|Expanding Force|p1a: Ursaluna
|-damage|p1a: Ursaluna|0 fnt
|faint|p1a: Ursaluna
|
|win|Sillinator
|raw|plesiooo's rating: 1183 &rarr; <strong>1159</strong><br />(-24 for losing)
|raw|Sillinator's rating: 1193 &rarr; <strong>1217</strong><br />(+24 for winning)
|l|☆Sillinator
|player|p2|
