|j|☆SaruSama
|j|☆Godme7o_Anthony
|t:|1750801803
|gametype|doubles
|player|p1|SaruSama|1|1155
|player|p2|Godme7o_Anthony|blue|1117
|teamsize|p1|6
|teamsize|p2|6
|gen|9
|tier|[Gen 9] VGC 2025 Reg I
|rated|
|rule|Species Clause: Limit one of each Pokémon
|rule|Item Clause: Limit 1 of each item
|clearpoke
|poke|p1|Volcarona, L50, F|
|poke|p1|Koraidon, L50|
|poke|p1|Ogerpon-Cornerstone, L50, F|
|poke|p1|Clefairy, L50, M|
|poke|p1|Serperior, L50, M|
|poke|p1|Rillaboom, L50, F|
|poke|p2|Calyrex-Shadow, L50|
|poke|p2|Rayquaza, L50|
|poke|p2|Chien-Pao, L50|
|poke|p2|Ogerpon-Hearthflame, L50, F|
|poke|p2|Landorus-Therian, L50, M|
|poke|p2|Suicune, L50|
|teampreview|4
|inactive|Battle timer is ON: inactive players will automatically lose when time's up. (requested by SaruSama)
|
|t:|1750801846
|start
|switch|p1a: Flare|Volcarona, L50, F, shiny|100/100
|switch|p1b: Clefairy|Clefairy, L50, M|100/100
|switch|p2a: Rayquaza|Rayquaza, L50|100/100
|switch|p2b: Chien-Pao|Chien-Pao, L50|100/100
|-ability|p2b: Chien-Pao|Sword of Ruin
|-ability|p2a: Rayquaza|Air Lock
|turn|1
|inactive|Godme7o_Anthony has 30 seconds left.
|
|t:|1750801878
|move|p2a: Rayquaza|Extreme Speed|p1b: Clefairy
|-damage|p1b: Clefairy|49/100
|move|p1b: Clefairy|Follow Me|p1b: Clefairy
|-singleturn|p1b: Clefairy|move: Follow Me
|move|p2b: Chien-Pao|Sacred Sword|p1b: Clefairy
|-resisted|p1b: Clefairy
|-damage|p1b: Clefairy|32/100
|move|p1a: Flare|Quiver Dance|p1a: Flare
|-boost|p1a: Flare|spa|1
|-boost|p1a: Flare|spd|1
|-boost|p1a: Flare|spe|1
|
|upkeep
|turn|2
|inactive|SaruSama has 30 seconds left.
|inactive|SaruSama has 20 seconds left.
|
|t:|1750801917
|move|p2a: Rayquaza|Extreme Speed|p1b: Clefairy
|-damage|p1b: Clefairy|0 fnt
|faint|p1b: Clefairy
|move|p1a: Flare|Fiery Dance|p2b: Chien-Pao
|-supereffective|p2b: Chien-Pao
|-damage|p2b: Chien-Pao|0 fnt
|-boost|p1a: Flare|spa|1
|faint|p2b: Chien-Pao
|-damage|p1a: Flare|91/100|[from] item: Life Orb
|
|upkeep
|
|t:|1750801935
|switch|p2b: Calyrex|Calyrex-Shadow, L50|100/100
|switch|p1b: Slytherin|Serperior, L50, M, shiny|100/100
|-ability|p2b: Calyrex|As One
|-ability|p2b: Calyrex|Unnerve
|turn|3
|
|t:|1750801960
|move|p1b: Slytherin|Protect|p1b: Slytherin
|-singleturn|p1b: Slytherin|Protect
|move|p2a: Rayquaza|Extreme Speed|p1b: Slytherin
|-activate|p1b: Slytherin|move: Protect
|move|p1a: Flare|Fiery Dance|p2b: Calyrex
|-enditem|p2b: Calyrex|Focus Sash
|-damage|p2b: Calyrex|1/100
|-damage|p1a: Flare|81/100|[from] item: Life Orb
|move|p2b: Calyrex|Astral Barrage|p1b: Slytherin|[spread] p1a
|-activate|p1b: Slytherin|move: Protect
|-damage|p1a: Flare|40/100
|
|upkeep
|turn|4
|inactive|SaruSama has 30 seconds left.
|inactive|Godme7o_Anthony has 30 seconds left.
|
|t:|1750801991
|switch|p1b: Ogerpon|Ogerpon-Cornerstone, L50, F|100/100
|-terastallize|p2a: Rayquaza|Normal
|move|p1a: Flare|Protect|p1a: Flare
|-singleturn|p1a: Flare|Protect
|move|p2b: Calyrex|Protect|p2b: Calyrex
|-singleturn|p2b: Calyrex|Protect
|move|p2a: Rayquaza|Extreme Speed|p1a: Flare
|-activate|p1a: Flare|move: Protect
|
|upkeep
|turn|5
|inactive|SaruSama has 30 seconds left.
|inactive|SaruSama has 20 seconds left.
|inactive|SaruSama has 15 seconds left.
|inactive|SaruSama has 10 seconds left.
|
|t:|1750802037
|switch|p1a: Slytherin|Serperior, L50, M, shiny|100/100
|move|p2b: Calyrex|Protect||[still]
|-fail|p2b: Calyrex
|move|p2a: Rayquaza|Extreme Speed|p1a: Slytherin
|-damage|p1a: Slytherin|12/100
|move|p1b: Ogerpon|Ivy Cudgel|p2b: Calyrex|[anim] Ivy Cudgel Rock
|-damage|p2b: Calyrex|0 fnt
|faint|p2b: Calyrex
|
|upkeep
|
|t:|1750802047
|switch|p2b: Ogerpon|Ogerpon-Hearthflame, L50, F|100/100
|-ability|p2b: Ogerpon|Mold Breaker
|turn|6
|
|t:|1750802064
|move|p1a: Slytherin|Protect|p1a: Slytherin
|-singleturn|p1a: Slytherin|Protect
|move|p2a: Rayquaza|Extreme Speed|p1a: Slytherin
|-activate|p1a: Slytherin|move: Protect
|move|p1b: Ogerpon|Ivy Cudgel|p2b: Ogerpon|[anim] Ivy Cudgel Rock
|-supereffective|p2b: Ogerpon
|-damage|p2b: Ogerpon|0 fnt
|faint|p2b: Ogerpon
|
|upkeep
|turn|7
|inactive|SaruSama has 30 seconds left.
|
|t:|1750802090
|move|p2a: Rayquaza|Extreme Speed|p1a: Slytherin
|-damage|p1a: Slytherin|0 fnt
|faint|p1a: Slytherin
|move|p1b: Ogerpon|Ivy Cudgel|p2a: Rayquaza|[anim] Ivy Cudgel Rock
|-damage|p2a: Rayquaza|55/100
|
|upkeep
|
|t:|1750802097
|switch|p1a: Flare|Volcarona, L50, F, shiny|40/100
|turn|8
|
|t:|1750802103
|move|p2a: Rayquaza|Extreme Speed|p1a: Flare
|-damage|p1a: Flare|0 fnt
|faint|p1a: Flare
|move|p1b: Ogerpon|Ivy Cudgel|p2a: Rayquaza|[anim] Ivy Cudgel Rock
|-damage|p2a: Rayquaza|12/100
|
|upkeep
|turn|9
|
|t:|1750802114
|move|p1b: Ogerpon|Ivy Cudgel|p2a: Rayquaza|[anim] Ivy Cudgel Rock
|-crit|p2a: Rayquaza
|-damage|p2a: Rayquaza|0 fnt
|faint|p2a: Rayquaza
|
|win|SaruSama
|raw|SaruSama's rating: 1155 &rarr; <strong>1177</strong><br />(+22 for winning)
|raw|Godme7o_Anthony's rating: 1117 &rarr; <strong>1095</strong><br />(-22 for losing)
|c|☆Godme7o_Anthony|gg
|c|☆SaruSama|GG
|c|☆Godme7o_Anthony|:D
|l|☆Godme7o_Anthony
|player|p2|
