|j|☆Amassadordebobao
|j|☆pxrwxhnzwnpy
|t:|1750859195
|gametype|doubles
|player|p1|Amassadordebobao|galacticgrunt|1288
|player|p2|pxrwxhnzwnpy|170|1363
|teamsize|p1|6
|teamsize|p2|6
|gen|9
|tier|[Gen 9] VGC 2025 Reg I
|rated|
|rule|Species Clause: Limit one of each Pokémon
|rule|Item Clause: Limit 1 of each item
|clearpoke
|poke|p1|Calyrex-Shadow, L50|
|poke|p1|Koraidon, L50|
|poke|p1|Weezing-Galar, L50, M|
|poke|p1|Chi-Yu, L50|
|poke|p1|Dondozo, L50, M|
|poke|p1|Tatsugiri-Droopy, L50, M|
|poke|p2|Calyrex-Shadow, L50|
|poke|p2|Kyogre, L50|
|poke|p2|Bruxish, L50, F|
|poke|p2|Indeedee-F, L50, F|
|poke|p2|Urshifu-*, L50, F|
|poke|p2|Tornadus, L50, M|
|teampreview|4
|inactive|Battle timer is ON: inactive players will automatically lose when time's up. (requested by Amassadordebobao)
|inactive|pxrwxhnzwnpy has 60 seconds left.
|
|t:|1750859238
|start
|switch|p1a: Koraidon|Koraidon, L50|100/100
|switch|p1b: Weezing|Weezing-Galar, L50, M|100/100
|switch|p2a: Bruxish|Bruxish, L50, F, shiny|100/100
|switch|p2b: Calyrex|Calyrex-Shadow, L50|100/100
|-ability|p1b: Weezing|Neutralizing Gas
|-block|p1a: Koraidon|item: Ability Shield
|-ability|p2b: Calyrex|As One
|-ability|p2b: Calyrex|Unnerve
|-weather|SunnyDay|[from] ability: Orichalcum Pulse|[of] p1a: Koraidon
|-activate|p1a: Koraidon|Orichalcum Pulse|[source]
|turn|1
|
|t:|1750859262
|-terastallize|p2b: Calyrex|Fire
|move|p1a: Koraidon|Protect|p1a: Koraidon
|-singleturn|p1a: Koraidon|Protect
|move|p2a: Bruxish|Icy Wind|p1b: Weezing|[spread] p1b
|-activate|p1a: Koraidon|move: Protect
|-damage|p1b: Weezing|90/100
|-unboost|p1b: Weezing|spe|1
|move|p2b: Calyrex|Expanding Force|p1a: Koraidon
|-activate|p1a: Koraidon|move: Protect
|move|p1b: Weezing|Poison Gas|p2a: Bruxish|[spread] p2a,p2b
|-status|p2a: Bruxish|psn
|-status|p2b: Calyrex|psn
|
|-weather|SunnyDay|[upkeep]
|-damage|p2a: Bruxish|88/100 psn|[from] psn
|-damage|p2b: Calyrex|88/100 psn|[from] psn
|upkeep
|turn|2
|
|t:|1750859277
|-terastallize|p1a: Koraidon|Fire
|move|p2a: Bruxish|Icy Wind|p1a: Koraidon|[spread] p1a,p1b
|-resisted|p1a: Koraidon
|-damage|p1a: Koraidon|97/100
|-damage|p1b: Weezing|79/100
|-unboost|p1a: Koraidon|spe|1
|-unboost|p1b: Weezing|spe|1
|move|p2b: Calyrex|Astral Barrage|p1a: Koraidon|[spread] p1a,p1b
|-damage|p1a: Koraidon|39/100
|-damage|p1b: Weezing|0 fnt
|faint|p1b: Weezing
|-end|p1b: Weezing|ability: Neutralizing Gas
|-ability|p2b: Calyrex|Grim Neigh|boost
|-boost|p2b: Calyrex|spa|1
|move|p1a: Koraidon|Close Combat|p2b: Calyrex
|-crit|p2b: Calyrex
|-damage|p2b: Calyrex|0 fnt
|-unboost|p1a: Koraidon|def|1
|-unboost|p1a: Koraidon|spd|1
|faint|p2b: Calyrex
|
|-weather|SunnyDay|[upkeep]
|-damage|p2a: Bruxish|76/100 psn|[from] psn
|upkeep
|
|t:|1750859291
|switch|p2b: Kyogre|Kyogre, L50, shiny|100/100
|switch|p1b: Tatsugiri|Tatsugiri-Droopy, L50, M|100/100
|-weather|RainDance|[from] ability: Drizzle|[of] p2b: Kyogre
|turn|3
|
|t:|1750859304
|move|p1a: Koraidon|Protect|p1a: Koraidon
|-singleturn|p1a: Koraidon|Protect
|move|p2a: Bruxish|Icy Wind|p1a: Koraidon|[spread] 
|-activate|p1a: Koraidon|move: Protect
|-miss|p2a: Bruxish|p1b: Tatsugiri
|move|p1b: Tatsugiri|Draco Meteor|p2b: Kyogre|[miss]
|-miss|p1b: Tatsugiri|p2b: Kyogre
|move|p2b: Kyogre|Water Spout|p1b: Tatsugiri|[spread] p1b
|-activate|p1a: Koraidon|move: Protect
|-resisted|p1b: Tatsugiri
|-damage|p1b: Tatsugiri|59/100
|
|-weather|RainDance|[upkeep]
|-damage|p2a: Bruxish|64/100 psn|[from] psn
|upkeep
|turn|4
|inactive|pxrwxhnzwnpy has 30 seconds left.
|
|t:|1750859333
|switch|p1a: Dondozo|Dondozo, L50, M|100/100
|-activate|p1b: Tatsugiri|ability: Commander|[of] p1a: Dondozo
|-boost|p1a: Dondozo|atk|2
|-boost|p1a: Dondozo|spa|2
|-boost|p1a: Dondozo|spe|2
|-boost|p1a: Dondozo|def|2
|-boost|p1a: Dondozo|spd|2
|move|p2a: Bruxish|Icy Wind|p1b: Tatsugiri|[spread] p1a
|-miss|p2a: Bruxish|p1b: Tatsugiri
|-resisted|p1a: Dondozo
|-damage|p1a: Dondozo|98/100
|-unboost|p1a: Dondozo|spe|1
|move|p2b: Kyogre|Water Spout|p1a: Dondozo|[spread] p1a
|-miss|p2b: Kyogre|p1b: Tatsugiri
|-resisted|p1a: Dondozo
|-damage|p1a: Dondozo|66/100
|
|-weather|RainDance|[upkeep]
|-heal|p1a: Dondozo|73/100|[from] item: Leftovers
|-damage|p2a: Bruxish|52/100 psn|[from] psn
|upkeep
|turn|5
|
|t:|1750859340
|switch|p2a: Tornadus|Tornadus, L50, M, shiny|100/100
|move|p2b: Kyogre|Water Spout|p1a: Dondozo|[spread] p1a
|-miss|p2b: Kyogre|p1b: Tatsugiri
|-resisted|p1a: Dondozo
|-damage|p1a: Dondozo|37/100
|move|p1a: Dondozo|Earthquake|p2b: Kyogre|[spread] p2b
|-miss|p1a: Dondozo|p1b: Tatsugiri
|-immune|p2a: Tornadus
|-damage|p2b: Kyogre|69/100
|
|-weather|RainDance|[upkeep]
|-heal|p1a: Dondozo|43/100|[from] item: Leftovers
|upkeep
|turn|6
|
|t:|1750859348
|move|p2b: Kyogre|Water Spout|p1b: Tatsugiri|[spread] p1a
|-miss|p2b: Kyogre|p1b: Tatsugiri
|-resisted|p1a: Dondozo
|-damage|p1a: Dondozo|20/100
|move|p2a: Tornadus|Bleakwind Storm|p1b: Tatsugiri|[spread] p1a
|-miss|p2a: Tornadus|p1b: Tatsugiri
|-damage|p1a: Dondozo|3/100
|-unboost|p1a: Dondozo|spe|1
|move|p1a: Dondozo|Body Press|p2b: Kyogre
|-damage|p2b: Kyogre|13/100
|
|-weather|RainDance|[upkeep]
|-heal|p1a: Dondozo|10/100|[from] item: Leftovers
|upkeep
|turn|7
|
|t:|1750859358
|move|p2b: Kyogre|Water Spout|p1a: Dondozo|[spread] p1a
|-miss|p2b: Kyogre|p1b: Tatsugiri
|-resisted|p1a: Dondozo
|-damage|p1a: Dondozo|5/100
|move|p2a: Tornadus|Bleakwind Storm|p1b: Tatsugiri|[spread] p1a
|-miss|p2a: Tornadus|p1b: Tatsugiri
|-crit|p1a: Dondozo
|-damage|p1a: Dondozo|0 fnt
|faint|p1a: Dondozo
|
|-weather|none
|upkeep
|
|t:|1750859366
|switch|p1a: Koraidon|Koraidon, L50, tera:Fire|39/100
|-weather|SunnyDay|[from] ability: Orichalcum Pulse|[of] p1a: Koraidon
|-activate|p1a: Koraidon|Orichalcum Pulse|[source]
|turn|8
|
|t:|1750859372
|switch|p2b: Bruxish|Bruxish, L50, F, shiny|52/100 psn
|move|p2a: Tornadus|Protect|p2a: Tornadus
|-singleturn|p2a: Tornadus|Protect
|move|p1a: Koraidon|Protect|p1a: Koraidon
|-singleturn|p1a: Koraidon|Protect
|move|p1b: Tatsugiri|Icy Wind|p2a: Tornadus|[spread] p2b
|-activate|p2a: Tornadus|move: Protect
|-resisted|p2b: Bruxish
|-damage|p2b: Bruxish|43/100 psn
|-unboost|p2b: Bruxish|spe|1
|
|-weather|SunnyDay|[upkeep]
|-damage|p2b: Bruxish|31/100 psn|[from] psn
|upkeep
|turn|9
|
|t:|1750859391
|move|p2a: Tornadus|Rain Dance|p2a: Tornadus
|-weather|RainDance
|move|p1a: Koraidon|Close Combat|p2a: Tornadus
|-resisted|p2a: Tornadus
|-damage|p2a: Tornadus|60/100
|-unboost|p1a: Koraidon|def|1
|-unboost|p1a: Koraidon|spd|1
|move|p2b: Bruxish|Icy Wind|p1a: Koraidon|[spread] p1a,p1b
|-resisted|p1a: Koraidon
|-crit|p1b: Tatsugiri
|-damage|p1a: Koraidon|33/100
|-damage|p1b: Tatsugiri|44/100
|-unboost|p1a: Koraidon|spe|1
|-unboost|p1b: Tatsugiri|spe|1
|move|p1b: Tatsugiri|Icy Wind|p2a: Tornadus|[spread] p2a,p2b
|-supereffective|p2a: Tornadus
|-resisted|p2b: Bruxish
|-damage|p2a: Tornadus|32/100
|-damage|p2b: Bruxish|22/100 psn
|-unboost|p2b: Bruxish|spe|1
|
|-weather|RainDance|[upkeep]
|-damage|p2b: Bruxish|10/100 psn|[from] psn
|upkeep
|turn|10
|-message|Amassadordebobao forfeited.
|
|win|pxrwxhnzwnpy
|raw|Amassadordebobao's rating: 1288 &rarr; <strong>1268</strong><br />(-20 for losing)
|raw|pxrwxhnzwnpy's rating: 1363 &rarr; <strong>1379</strong><br />(+16 for winning)
|l|☆Amassadordebobao
|player|p1|
|l|☆pxrwxhnzwnpy
|player|p2|
