|j|☆Highlow07
|j|‽Yuliis
|t:|1750813172
|gametype|doubles
|player|p1|Highlow07|dawn|1094
|player|p2|Yuliis|265|1129
|teamsize|p1|6
|teamsize|p2|6
|gen|9
|tier|[Gen 9] VGC 2025 Reg I
|rated|
|rule|Species Clause: Limit one of each Pokémon
|rule|Item Clause: Limit 1 of each item
|clearpoke
|poke|p1|Terapagos, L50, M|
|poke|p1|Spiritomb, L50, F|
|poke|p1|Incineroar, L50, F|
|poke|p1|Ogerpon-Wellspring, L50, F|
|poke|p1|Zamazenta-*, L50|
|poke|p1|Ting-Lu, L50|
|poke|p2|Miraidon, L50|
|poke|p2|Incineroar, L50, M|
|poke|p2|Iron Hands, L50|
|poke|p2|Dewgong, L50, F|
|poke|p2|Groudon, L50|
|poke|p2|Flutter Mane, L50|
|teampreview|4
|inactive|Battle timer is ON: inactive players will automatically lose when time's up. (requested by Yuliis)
Highlow07 rejected open team sheets.
|c|☆Highlow07|dewgong?
|inactive|Highlow07 has 60 seconds left.
|
|t:|1750813216
|start
|switch|p1a: Zamazenta|Zamazenta-Crowned, L50|100/100
|switch|p1b: Ogerpon|Ogerpon-Wellspring, L50, F|100/100
|switch|p2a: Dewgong|Dewgong, L50, F, shiny|100/100
|switch|p2b: Groudon|Groudon, L50|100/100
|-ability|p1a: Zamazenta|Dauntless Shield|boost
|-boost|p1a: Zamazenta|def|1
|-weather|SunnyDay|[from] ability: Drought|[of] p2b: Groudon
|turn|1
|inactive|Yuliis has 30 seconds left.
|
|t:|1750813243
|-terastallize|p1a: Zamazenta|Fighting
|move|p1a: Zamazenta|Iron Defense|p1a: Zamazenta
|-boost|p1a: Zamazenta|def|2
|move|p2a: Dewgong|Icy Wind|p1b: Ogerpon|[spread] p1a,p1b
|-damage|p1a: Zamazenta|93/100
|-damage|p1b: Ogerpon|91/100
|-unboost|p1a: Zamazenta|spe|1
|-unboost|p1b: Ogerpon|spe|1
|move|p2b: Groudon|Precipice Blades|p1b: Ogerpon|[spread] p1b
|-miss|p2b: Groudon|p1a: Zamazenta
|-resisted|p1b: Ogerpon
|-damage|p1b: Ogerpon|59/100
|move|p1b: Ogerpon|Ivy Cudgel|p2b: Groudon|[anim] Ivy Cudgel Water
|-supereffective|p2b: Groudon
|-damage|p2b: Groudon|56/100
|-enditem|p2b: Groudon|Weakness Policy
|-boost|p2b: Groudon|atk|2|[from] item: Weakness Policy
|-boost|p2b: Groudon|spa|2|[from] item: Weakness Policy
|
|-weather|SunnyDay|[upkeep]
|upkeep
|turn|2
|inactive|Yuliis has 30 seconds left.
|
|t:|1750813269
|switch|p1b: Incineroar|Incineroar, L50, F|100/100
|-ability|p1b: Incineroar|Intimidate|boost
|-unboost|p2a: Dewgong|atk|1
|-unboost|p2b: Groudon|atk|1
|move|p2a: Dewgong|Helping Hand|p2b: Groudon
|-singleturn|p2b: Groudon|Helping Hand|[of] p2a: Dewgong
|move|p1a: Zamazenta|Body Press|p2b: Groudon
|-damage|p2b: Groudon|0 fnt
|faint|p2b: Groudon
|
|-weather|SunnyDay|[upkeep]
|upkeep
|
|t:|1750813287
|switch|p2b: Iron Hands|Iron Hands, L50|100/100
|turn|3
|
|t:|1750813302
|move|p2b: Iron Hands|Detect|p2b: Iron Hands
|-singleturn|p2b: Iron Hands|Protect
|move|p1b: Incineroar|Fake Out|p2b: Iron Hands
|-activate|p2b: Iron Hands|move: Protect
|move|p2a: Dewgong|Icy Wind|p1b: Incineroar|[spread] p1a,p1b
|-resisted|p1b: Incineroar
|-damage|p1a: Zamazenta|86/100
|-damage|p1b: Incineroar|96/100
|-unboost|p1a: Zamazenta|spe|1
|-unboost|p1b: Incineroar|spe|1
|move|p1a: Zamazenta|Body Press|p2a: Dewgong
|-supereffective|p2a: Dewgong
|-damage|p2a: Dewgong|0 fnt
|faint|p2a: Dewgong
|
|-weather|SunnyDay|[upkeep]
|upkeep
|
|t:|1750813314
|switch|p2a: Miraidon|Miraidon, L50|100/100
|-fieldstart|move: Electric Terrain|[from] ability: Hadron Engine|[of] p2a: Miraidon
|-activate|p2b: Iron Hands|ability: Quark Drive
|-start|p2b: Iron Hands|quarkdriveatk
|turn|4
|
|t:|1750813337
|-terastallize|p2a: Miraidon|Fairy
|move|p1a: Zamazenta|Protect|p1a: Zamazenta
|-singleturn|p1a: Zamazenta|Protect
|move|p2a: Miraidon|Dazzling Gleam|p1a: Zamazenta|[spread] p1b
|-activate|p1a: Zamazenta|move: Protect
|-damage|p1b: Incineroar|30/100
|move|p2b: Iron Hands|Drain Punch|p1b: Incineroar
|-supereffective|p1b: Incineroar
|-damage|p1b: Incineroar|0 fnt
|faint|p1b: Incineroar
|
|-weather|SunnyDay|[upkeep]
|upkeep
|
|t:|1750813346
|switch|p1b: Ogerpon|Ogerpon-Wellspring, L50, F|59/100
|turn|5
|
|t:|1750813359
|move|p1b: Ogerpon|Follow Me|p1b: Ogerpon
|-singleturn|p1b: Ogerpon|move: Follow Me
|move|p2a: Miraidon|Dazzling Gleam|p1b: Ogerpon|[spread] p1a,p1b
|-supereffective|p1a: Zamazenta
|-damage|p1a: Zamazenta|0 fnt
|-damage|p1b: Ogerpon|0 fnt
|faint|p1a: Zamazenta
|faint|p1b: Ogerpon
|move|p2b: Iron Hands|Thunder Punch|p1: Zamazenta|[notarget]
|-fail|p2b: Iron Hands
|
|-weather|none
|upkeep
|-message|Highlow07 forfeited.
|
|win|Yuliis
|raw|Highlow07's rating: 1094 &rarr; <strong>1072</strong><br />(-22 for losing)
|raw|Yuliis's rating: 1129 &rarr; <strong>1151</strong><br />(+22 for winning)
|l|☆Highlow07
|player|p1|
|l|‽Yuliis
|player|p2|
