|j|☆Capsubaru
|j|☆yonharr
|t:|1750716940
|gametype|doubles
|player|p1|Capsubaru|colress|1242
|player|p2|yonharr|266|1165
|teamsize|p1|6
|teamsize|p2|6
|gen|9
|tier|[Gen 9] VGC 2025 Reg I
|rated|
|rule|Species Clause: Limit one of each Pokémon
|rule|Item Clause: Limit 1 of each item
|clearpoke
|poke|p1|Koraidon, L50|
|poke|p1|Scovillain, L50, F|
|poke|p1|Flutter Mane, L50|
|poke|p1|Miraidon, L50|
|poke|p1|Grimmsnarl, L50, M|
|poke|p1|Clefairy, L50, M|
|poke|p2|Koraidon, L50|
|poke|p2|Calyrex-Shadow, L50|
|poke|p2|Chi-Yu, L50|
|poke|p2|Raging Bolt, L50|
|poke|p2|Grimmsnarl, L50, M|
|poke|p2|Tornadus, L50, M|
|teampreview|4
|inactive|Battle timer is ON: inactive players will automatically lose when time's up. (requested by Capsubaru)
|c|☆Capsubaru|Glhf
|
|t:|1750716960
|start
|switch|p1a: Grimmsnarl|Grimmsnarl, L50, M|100/100
|switch|p1b: Miraidon|Miraidon, L50|100/100
|switch|p2a: Tornadus|Tornadus, L50, M, shiny|100/100
|switch|p2b: Koraidon|Koraidon, L50|100/100
|-fieldstart|move: Electric Terrain|[from] ability: Hadron Engine|[of] p1b: Miraidon
|-weather|SunnyDay|[from] ability: Orichalcum Pulse|[of] p2b: Koraidon
|-activate|p2b: Koraidon|Orichalcum Pulse|[source]
|turn|1
|c|☆yonharr|u2
|
|t:|1750716978
|move|p2b: Koraidon|Protect|p2b: Koraidon
|-singleturn|p2b: Koraidon|Protect
|move|p2a: Tornadus|Taunt|p1a: Grimmsnarl
|-hint|Since gen 7, Dark is immune to Prankster moves.
|-immune|p1a: Grimmsnarl
|move|p1a: Grimmsnarl|Thunder Wave|p2b: Koraidon
|-activate|p2b: Koraidon|move: Protect
|move|p1b: Miraidon|Volt Switch|p2a: Tornadus
|-supereffective|p2a: Tornadus
|-damage|p2a: Tornadus|0 fnt
|faint|p2a: Tornadus
|c|☆yonharr|oh lol im dumb
|
|t:|1750717000
|switch|p1b: Koraidon|Koraidon, L50|100/100|[from] Volt Switch
|-activate|p1b: Koraidon|ability: Orichalcum Pulse
|
|-weather|SunnyDay|[upkeep]
|upkeep
|
|t:|1750717006
|switch|p2a: Calyrex|Calyrex-Shadow, L50|100/100
|-ability|p2a: Calyrex|As One
|-ability|p2a: Calyrex|Unnerve
|turn|2
|c|☆Capsubaru|Happens to the best of us
|inactive|yonharr has 30 seconds left.
|inactive|Capsubaru has 30 seconds left.
|inactive|yonharr has 20 seconds left.
|inactive|Capsubaru has 20 seconds left.
|inactive|yonharr has 15 seconds left.
|inactive|Capsubaru has 15 seconds left.
|c|☆yonharr|im pretty new hahaha
|
|t:|1750717055
|-terastallize|p1b: Koraidon|Fire
|move|p1a: Grimmsnarl|Light Screen|p1a: Grimmsnarl
|-sidestart|p1: Capsubaru|move: Light Screen
|move|p1b: Koraidon|Flame Charge|p2a: Calyrex
|-damage|p2a: Calyrex|15/100
|-boost|p1b: Koraidon|spe|1
|move|p2a: Calyrex|Astral Barrage|p1a: Grimmsnarl|[spread] p1a,p1b
|-resisted|p1a: Grimmsnarl
|-damage|p1a: Grimmsnarl|68/100
|-damage|p1b: Koraidon|39/100
|move|p2b: Koraidon|Close Combat|p1b: Koraidon
|-damage|p1b: Koraidon|0 fnt
|-unboost|p2b: Koraidon|def|1
|-unboost|p2b: Koraidon|spd|1
|faint|p1b: Koraidon
|-damage|p2b: Koraidon|91/100|[from] item: Life Orb
|
|-weather|SunnyDay|[upkeep]
|upkeep
|c|☆yonharr|i dont know all the mechanics yet lol
|inactive|Capsubaru has 30 seconds left.
|inactive|Capsubaru has 20 seconds left.
|c|☆Capsubaru|U mean i know moat of them and were at the same spot on ladder, youre doin fine lol
|inactive|Capsubaru has 15 seconds left.
|
|t:|1750717095
|switch|p1b: Miraidon|Miraidon, L50|100/100
|-activate|p1b: Miraidon|ability: Hadron Engine
|turn|3
|
|t:|1750717115
|-terastallize|p2b: Koraidon|Fire
|move|p1a: Grimmsnarl|Reflect|p1a: Grimmsnarl
|-sidestart|p1: Capsubaru|Reflect
|move|p1b: Miraidon|Snarl|p2b: Koraidon|[spread] p2a,p2b
|-supereffective|p2a: Calyrex
|-damage|p2a: Calyrex|0 fnt
|-damage|p2b: Koraidon|61/100
|-unboost|p2b: Koraidon|spa|1
|faint|p2a: Calyrex
|move|p2b: Koraidon|Flare Blitz|p1b: Miraidon
|-resisted|p1b: Miraidon
|-damage|p1b: Miraidon|40/100
|-damage|p2b: Koraidon|41/100|[from] Recoil
|-damage|p2b: Koraidon|32/100|[from] item: Life Orb
|
|-weather|SunnyDay|[upkeep]
|upkeep
|
|t:|1750717129
|switch|p2a: Raging Bolt|Raging Bolt, L50|100/100
|-activate|p2a: Raging Bolt|ability: Protosynthesis
|-start|p2a: Raging Bolt|protosynthesisspa
|turn|4
|
|t:|1750717144
|move|p2b: Koraidon|Protect|p2b: Koraidon
|-singleturn|p2b: Koraidon|Protect
|move|p1b: Miraidon|Snarl|p2b: Koraidon|[spread] p2a
|-activate|p2b: Koraidon|move: Protect
|-damage|p2a: Raging Bolt|85/100
|-unboost|p2a: Raging Bolt|spa|1
|move|p2a: Raging Bolt|Calm Mind|p2a: Raging Bolt
|-boost|p2a: Raging Bolt|spa|1
|-boost|p2a: Raging Bolt|spd|1
|move|p1a: Grimmsnarl|Foul Play|p2b: Koraidon
|-activate|p2b: Koraidon|move: Protect
|
|-weather|SunnyDay|[upkeep]
|upkeep
|turn|5
|
|t:|1750717172
|move|p1b: Miraidon|Volt Switch|p2b: Koraidon
|-damage|p2b: Koraidon|0 fnt
|faint|p2b: Koraidon
|
|t:|1750717176
|switch|p1b: Scovillain|Scovillain, L50, F|100/100|[from] Volt Switch
|move|p2a: Raging Bolt|Dragon Pulse|p1b: Scovillain
|-damage|p1b: Scovillain|22/100
|move|p1a: Grimmsnarl|Foul Play|p2a: Raging Bolt
|-damage|p2a: Raging Bolt|67/100
|
|-weather|none
|-end|p2a: Raging Bolt|Protosynthesis
|-fieldend|move: Electric Terrain
|upkeep
|-enditem|p2a: Raging Bolt|Booster Energy
|-activate|p2a: Raging Bolt|ability: Protosynthesis|[fromitem]
|-start|p2a: Raging Bolt|protosynthesisspa
|turn|6
|
|t:|1750717198
|move|p1b: Scovillain|Spicy Extract|p2a: Raging Bolt
|-boost|p2a: Raging Bolt|atk|2
|-unboost|p2a: Raging Bolt|def|2
|move|p2a: Raging Bolt|Calm Mind|p2a: Raging Bolt
|-boost|p2a: Raging Bolt|spa|1
|-boost|p2a: Raging Bolt|spd|1
|move|p1a: Grimmsnarl|Foul Play|p2a: Raging Bolt
|-damage|p2a: Raging Bolt|0 fnt
|faint|p2a: Raging Bolt
|-end|p2a: Raging Bolt|Protosynthesis|[silent]
|
|win|Capsubaru
|raw|Capsubaru's rating: 1242 &rarr; <strong>1262</strong><br />(+20 for winning)
|raw|yonharr's rating: 1165 &rarr; <strong>1145</strong><br />(-20 for losing)
|c|☆yonharr|gg
|c|☆Capsubaru|Ggwp
|c|☆Capsubaru|You have good instincts ill tell you that
