|j|☆songfulprince
|j|☆Gledet
|t:|1750771525
|gametype|doubles
|player|p1|songfulprince|102|1242
|player|p2|Gledet|102|1170
|teamsize|p1|6
|teamsize|p2|6
|gen|9
|tier|[Gen 9] VGC 2025 Reg I
|rated|
|rule|Species Clause: Limit one of each Pokémon
|rule|Item Clause: Limit 1 of each item
|clearpoke
|poke|p1|Weezing-Galar, L50, F|
|poke|p1|Calyrex-Shadow, L50|
|poke|p1|Incineroar, L50, M|
|poke|p1|Ho-Oh, L50|
|poke|p1|Grimmsnarl, L50, M|
|poke|p1|Ogerpon, L50, F|
|poke|p2|Koraidon, L50|
|poke|p2|Lunala, L50|
|poke|p2|Incineroar, L50, F|
|poke|p2|Rillaboom, L50, F|
|poke|p2|Ursaluna-Bloodmoon, L50, M|
|poke|p2|Whimsicott, L50, F|
|teampreview|4
|inactive|Battle timer is ON: inactive players will automatically lose when time's up. (requested by songfulprince)
|inactive|Gledet has 60 seconds left.
|
|t:|1750771559
|start
|switch|p1a: Incineroar|Incineroar, L50, M|100/100
|switch|p1b: Ogerpon|Ogerpon, L50, F|100/100
|switch|p2a: Lunala|Lunala, L50|100/100
|switch|p2b: Koraidon|Koraidon, L50|100/100
|-weather|SunnyDay|[from] ability: Orichalcum Pulse|[of] p2b: Koraidon
|-activate|p2b: Koraidon|Orichalcum Pulse|[source]
|-ability|p1a: Incineroar|Intimidate|boost
|-unboost|p2a: Lunala|atk|1
|-unboost|p2b: Koraidon|atk|1
|turn|1
|inactive|songfulprince has 30 seconds left.
|inactive|Gledet has 30 seconds left.
|
|t:|1750771592
|move|p1a: Incineroar|Fake Out|p2b: Koraidon
|-damage|p2b: Koraidon|89/100
|move|p1b: Ogerpon|Follow Me|p1b: Ogerpon
|-singleturn|p1b: Ogerpon|move: Follow Me
|cant|p2b: Koraidon|flinch
|move|p2a: Lunala|Trick Room|p2a: Lunala
|-fieldstart|move: Trick Room|[of] p2a: Lunala
|
|-weather|SunnyDay|[upkeep]
|upkeep
|turn|2
|inactive|songfulprince has 30 seconds left.
|inactive|Gledet has 30 seconds left.
|
|t:|1750771620
|switch|p2a: Ursaluna|Ursaluna-Bloodmoon, L50, M|100/100
|move|p1a: Incineroar|Parting Shot|p2b: Koraidon
|-unboost|p2b: Koraidon|atk|1
|-unboost|p2b: Koraidon|spa|1
|
|t:|1750771626
|switch|p1a: Ho-Oh|Ho-Oh, L50|100/100|[from] Parting Shot
|move|p1b: Ogerpon|Ivy Cudgel|p2a: Ursaluna
|-supereffective|p2a: Ursaluna
|-damage|p2a: Ursaluna|25/100
|move|p2b: Koraidon|Flare Blitz|p1b: Ogerpon
|-supereffective|p1b: Ogerpon
|-damage|p1b: Ogerpon|0 fnt
|faint|p1b: Ogerpon
|-damage|p2b: Koraidon|54/100|[from] Recoil
|-damage|p2b: Koraidon|44/100|[from] item: Life Orb
|
|-weather|SunnyDay|[upkeep]
|upkeep
|
|t:|1750771640
|switch|p1b: Incineroar|Incineroar, L50, M|100/100
|-ability|p1b: Incineroar|Intimidate|boost
|-unboost|p2a: Ursaluna|atk|1
|-unboost|p2b: Koraidon|atk|1
|turn|3
|inactive|Gledet has 30 seconds left.
|
|t:|1750771668
|switch|p2a: Lunala|Lunala, L50|100/100
|move|p1b: Incineroar|Fake Out|p2a: Lunala
|-immune|p2a: Lunala
|move|p1a: Ho-Oh|Brave Bird|p2b: Koraidon
|-supereffective|p2b: Koraidon
|-damage|p2b: Koraidon|0 fnt
|faint|p2b: Koraidon
|-damage|p1a: Ho-Oh|89/100|[from] Recoil
|
|-weather|SunnyDay|[upkeep]
|-heal|p1a: Ho-Oh|95/100|[from] item: Leftovers
|upkeep
|
|t:|1750771682
|switch|p2b: Ursaluna|Ursaluna-Bloodmoon, L50, M|25/100
|turn|4
|
|t:|1750771700
|-terastallize|p2b: Ursaluna|Normal
|move|p2b: Ursaluna|Blood Moon|p1a: Ho-Oh
|-damage|p1a: Ho-Oh|28/100
|move|p1b: Incineroar|Darkest Lariat|p2a: Lunala
|-supereffective|p2a: Lunala
|-damage|p2a: Lunala|41/100
|move|p1a: Ho-Oh|Sacred Fire|p2a: Lunala
|-damage|p2a: Lunala|0 fnt
|faint|p2a: Lunala
|
|-weather|SunnyDay|[upkeep]
|-heal|p1a: Ho-Oh|34/100|[from] item: Leftovers
|upkeep
|
|t:|1750771717
|switch|p2a: Rillaboom|Rillaboom, L50, F|100/100
|-fieldstart|move: Grassy Terrain|[from] ability: Grassy Surge|[of] p2a: Rillaboom
|turn|5
|
|t:|1750771738
|move|p1a: Ho-Oh|Protect|p1a: Ho-Oh
|-singleturn|p1a: Ho-Oh|Protect
|move|p2a: Rillaboom|Fake Out|p1b: Incineroar
|-damage|p1b: Incineroar|88/100
|move|p2b: Ursaluna|Hyper Voice|p1a: Ho-Oh|[spread] p1b
|-activate|p1a: Ho-Oh|move: Protect
|-damage|p1b: Incineroar|32/100
|-enditem|p1b: Incineroar|Sitrus Berry|[eat]
|-heal|p1b: Incineroar|56/100|[from] item: Sitrus Berry
|cant|p1b: Incineroar|flinch
|
|-weather|none
|-heal|p2b: Ursaluna|31/100|[from] Grassy Terrain
|-heal|p1b: Incineroar|62/100|[from] Grassy Terrain
|-heal|p1a: Ho-Oh|40/100|[from] item: Leftovers
|-fieldend|move: Trick Room
|upkeep
|turn|6
|inactive|Gledet has 30 seconds left.
|l|☆Gledet
|inactive|Gledet disconnected and has a minute to reconnect!
|player|p2|
|inactive|Gledet has 20 seconds left.
|inactive|Gledet has 15 seconds left.
|inactive|Gledet has 10 seconds left.
|inactive|Gledet has 5 seconds left.
|-message|Gledet lost due to inactivity.
|
|win|songfulprince
|raw|songfulprince's rating: 1242 &rarr; <strong>1262</strong><br />(+20 for winning)
|raw|Gledet's rating: 1170 &rarr; <strong>1150</strong><br />(-20 for losing)
|l|☆songfulprince
|player|p1|
|j|☆Gledet
|player|p2|Gledet|102|
|l|☆Gledet
|player|p2|
