|j|☆Aragon_Neotrix
|j|☆soggymuffins
|t:|1750816839
|gametype|doubles
|player|p1|Aragon_Neotrix|cheren-gen5bw2|1260
|player|p2|soggymuffins|pokemaniac|1272
|teamsize|p1|6
|teamsize|p2|6
|gen|9
|tier|[Gen 9] VGC 2025 Reg I
|rated|
|rule|Species Clause: Limit one of each Pokémon
|rule|Item Clause: Limit 1 of each item
|clearpoke
|poke|p1|Goodra-Hisui, L50, F|
|poke|p1|Tyranitar, L50, M|
|poke|p1|Necrozma-Dusk-Mane, L50|
|poke|p1|Groudon, L50|
|poke|p1|Flutter Mane, L50|
|poke|p1|Weavile, L50, M|
|poke|p2|Landorus-Therian, L50, M|
|poke|p2|Zamazenta-*, L50|
|poke|p2|Calyrex-Shadow, L50|
|poke|p2|Amoonguss, L50, F|
|poke|p2|Incineroar, L50, F|
|poke|p2|Raging Bolt, L50|
|teampreview|4
|inactive|Battle timer is ON: inactive players will automatically lose when time's up. (requested by soggymuffins)
|inactive|Aragon_Neotrix has 60 seconds left.
|inactive|soggymuffins has 60 seconds left.
|inactive|Aragon_Neotrix has 30 seconds left.
|inactive|Aragon_Neotrix has 20 seconds left.
|inactive|Aragon_Neotrix has 15 seconds left.
|inactive|Aragon_Neotrix has 10 seconds left.
|inactive|Aragon_Neotrix has 5 seconds left.
|
|t:|1750816929
|start
|switch|p1a: Weavile|Weavile, L50, M|100/100
|switch|p1b: Goodra|Goodra-Hisui, L50, F|100/100
|switch|p2a: Amoonguss|Amoonguss, L50, F, shiny|100/100
|switch|p2b: Landorus|Landorus-Therian, L50, M|100/100
|-ability|p1a: Weavile|Pressure
|-ability|p2b: Landorus|Intimidate|boost
|-unboost|p1a: Weavile|atk|1
|-unboost|p1b: Goodra|atk|1
|turn|1
|inactive|soggymuffins has 30 seconds left.
|
|t:|1750816964
|move|p2a: Amoonguss|Rage Powder|p2a: Amoonguss
|-singleturn|p2a: Amoonguss|move: Rage Powder
|move|p1a: Weavile|Triple Axel|p2a: Amoonguss
|-supereffective|p2a: Amoonguss
|-damage|p2a: Amoonguss|86/100
|-damage|p1a: Weavile|84/100|[from] item: Rocky Helmet|[of] p2a: Amoonguss
|-hitcount|p2a: Amoonguss|1
|-damage|p1a: Weavile|74/100|[from] item: Life Orb
|move|p2b: Landorus|U-turn|p1a: Weavile
|-supereffective|p1a: Weavile
|-damage|p1a: Weavile|0 fnt
|faint|p1a: Weavile
|c|☆Aragon_Neotrix|Well
|
|t:|1750816979
|switch|p2b: Zamazenta|Zamazenta-Crowned, L50, shiny|100/100|[from] U-turn
|-ability|p2b: Zamazenta|Dauntless Shield|boost
|-boost|p2b: Zamazenta|def|1
|move|p1b: Goodra|Breaking Swipe|p2b: Zamazenta|[spread] p2a,p2b
|-resisted|p2b: Zamazenta
|-damage|p2a: Amoonguss|77/100
|-damage|p2b: Zamazenta|99/100
|-unboost|p2a: Amoonguss|atk|1
|-unboost|p2b: Zamazenta|atk|1
|-damage|p1b: Goodra|84/100|[from] item: Rocky Helmet|[of] p2a: Amoonguss
|
|upkeep
|c|☆Aragon_Neotrix|That was unlucky
|
|t:|1750816992
|switch|p1a: Groudon|Groudon, L50|100/100
|-weather|SunnyDay|[from] ability: Drought|[of] p1a: Groudon
|turn|2
|inactive|Aragon_Neotrix has 30 seconds left.
|inactive|soggymuffins has 30 seconds left.
|inactive|Aragon_Neotrix has 20 seconds left.
|
|t:|1750817030
|-terastallize|p1a: Groudon|Grass
|move|p2b: Zamazenta|Protect|p2b: Zamazenta
|-singleturn|p2b: Zamazenta|Protect
|move|p1a: Groudon|Precipice Blades|p2a: Amoonguss|[spread] p2a
|-activate|p2b: Zamazenta|move: Protect
|-damage|p2a: Amoonguss|38/100
|move|p1b: Goodra|Iron Head|p2a: Amoonguss
|-damage|p2a: Amoonguss|22/100
|-damage|p1b: Goodra|67/100|[from] item: Rocky Helmet|[of] p2a: Amoonguss
|move|p2a: Amoonguss|Spore|p1a: Groudon
|-immune|p1a: Groudon
|
|-weather|SunnyDay|[upkeep]
|upkeep
|turn|3
|c|☆soggymuffins|wow
|c|☆soggymuffins|tera grass
|inactive|Aragon_Neotrix has 30 seconds left.
|inactive|soggymuffins has 30 seconds left.
|c|☆soggymuffins|i like it
|inactive|soggymuffins has 20 seconds left.
|inactive|soggymuffins has 15 seconds left.
|
|t:|1750817073
|switch|p2a: Landorus|Landorus-Therian, L50, M|100/100
|-ability|p2a: Landorus|Intimidate|boost
|-unboost|p1a: Groudon|atk|1
|-unboost|p1b: Goodra|atk|1
|move|p2b: Zamazenta|Wide Guard|p2b: Zamazenta
|-singleturn|p2b: Zamazenta|Wide Guard
|move|p1a: Groudon|Fire Punch|p2b: Zamazenta
|-supereffective|p2b: Zamazenta
|-damage|p2b: Zamazenta|80/100
|-status|p2b: Zamazenta|brn
|move|p1b: Goodra|Breaking Swipe|p2a: Landorus|[spread] 
|-activate|p2a: Landorus|move: Wide Guard
|-activate|p2b: Zamazenta|move: Wide Guard
|
|-weather|SunnyDay|[upkeep]
|-damage|p2b: Zamazenta|74/100 brn|[from] brn
|upkeep
|turn|4
|c|☆Aragon_Neotrix|Just covering options
|inactive|Aragon_Neotrix has 30 seconds left.
|inactive|soggymuffins has 30 seconds left.
|inactive|Aragon_Neotrix has 20 seconds left.
|inactive|soggymuffins has 20 seconds left.
|inactive|Aragon_Neotrix has 15 seconds left.
|inactive|soggymuffins has 15 seconds left.
|
|t:|1750817117
|switch|p1a: Tyranitar|Tyranitar, L50, M|100/100
|-weather|Sandstorm|[from] ability: Sand Stream|[of] p1a: Tyranitar
|move|p2b: Zamazenta|Body Press|p1b: Goodra
|-supereffective|p1b: Goodra
|-damage|p1b: Goodra|5/100
|move|p2a: Landorus|U-turn|p1a: Tyranitar
|-supereffective|p1a: Tyranitar
|-damage|p1a: Tyranitar|35/100
|
|t:|1750817127
|switch|p2a: Amoonguss|Amoonguss, L50, F, shiny|56/100|[from] U-turn
|move|p1b: Goodra|Steel Beam|p2a: Amoonguss
|-damage|p2a: Amoonguss|5/100
|-damage|p1b: Goodra|0 fnt|[from] steelbeam
|faint|p1b: Goodra
|
|-weather|Sandstorm|[upkeep]
|-damage|p2a: Amoonguss|0 fnt|[from] Sandstorm
|faint|p2a: Amoonguss
|-damage|p2b: Zamazenta|68/100 brn|[from] brn
|upkeep
|
|t:|1750817139
|switch|p1b: Groudon|Groudon, L50, tera:Grass|100/100
|switch|p2a: Landorus|Landorus-Therian, L50, M|100/100
|-ability|p2a: Landorus|Intimidate|boost
|-fail|p1a: Tyranitar|unboost|[from] item: Clear Amulet|[of] p1a: Tyranitar
|-unboost|p1b: Groudon|atk|1
|-weather|SunnyDay|[from] ability: Drought|[of] p1b: Groudon
|turn|5
|inactive|soggymuffins has 30 seconds left.
|
|t:|1750817166
|move|p2b: Zamazenta|Protect|p2b: Zamazenta
|-singleturn|p2b: Zamazenta|Protect
|move|p1a: Tyranitar|Protect|p1a: Tyranitar
|-singleturn|p1a: Tyranitar|Protect
|move|p2a: Landorus|U-turn|p1b: Groudon
|-supereffective|p1b: Groudon
|-damage|p1b: Groudon|40/100
|
|t:|1750817176
|switch|p2a: Calyrex|Calyrex-Shadow, L50|100/100|[from] U-turn
|-ability|p2a: Calyrex|As One
|-ability|p2a: Calyrex|Unnerve
|move|p1b: Groudon|Bulk Up|p1b: Groudon
|-boost|p1b: Groudon|atk|1
|-boost|p1b: Groudon|def|1
|
|-weather|SunnyDay|[upkeep]
|-heal|p1b: Groudon|46/100|[from] item: Leftovers
|-damage|p2b: Zamazenta|61/100 brn|[from] brn
|upkeep
|turn|6
|c|☆Aragon_Neotrix|Band lando?
|
|t:|1750817198
|switch|p2b: Landorus|Landorus-Therian, L50, M|100/100
|-ability|p2b: Landorus|Intimidate|boost
|-fail|p1a: Tyranitar|unboost|[from] item: Clear Amulet|[of] p1a: Tyranitar
|-unboost|p1b: Groudon|atk|1
|move|p1b: Groudon|Protect|p1b: Groudon
|-singleturn|p1b: Groudon|Protect
|move|p2a: Calyrex|Astral Barrage|p1a: Tyranitar|[spread] p1a
|-activate|p1b: Groudon|move: Protect
|-resisted|p1a: Tyranitar
|-damage|p1a: Tyranitar|10/100
|move|p1a: Tyranitar|Crunch|p2a: Calyrex
|-supereffective|p2a: Calyrex
|-enditem|p2a: Calyrex|Focus Sash
|-damage|p2a: Calyrex|1/100
|
|-weather|SunnyDay|[upkeep]
|-heal|p1b: Groudon|51/100|[from] item: Leftovers
|upkeep
|turn|7
|inactive|Aragon_Neotrix has 30 seconds left.
|inactive|soggymuffins has 30 seconds left.
|
|t:|1750817228
|move|p2a: Calyrex|Astral Barrage|p1b: Groudon|[spread] p1a,p1b
|-resisted|p1a: Tyranitar
|-damage|p1a: Tyranitar|0 fnt
|-damage|p1b: Groudon|10/100
|faint|p1a: Tyranitar
|-ability|p2a: Calyrex|Grim Neigh|boost
|-boost|p2a: Calyrex|spa|1
|move|p2b: Landorus|U-turn|p1b: Groudon
|-supereffective|p1b: Groudon
|-damage|p1b: Groudon|0 fnt
|faint|p1b: Groudon
|
|win|soggymuffins
|raw|Aragon_Neotrix's rating: 1260 &rarr; <strong>1236</strong><br />(-24 for losing)
|raw|soggymuffins's rating: 1272 &rarr; <strong>1296</strong><br />(+24 for winning)
|c|☆soggymuffins|yep
|c|☆Aragon_Neotrix|GG
|c|☆soggymuffins|ggwp
|l|☆soggymuffins
|player|p2|
|l|☆Aragon_Neotrix
|player|p1|
