|j|☆dinglustan
|j|☆roykeenkennedy
|t:|1750728827
|gametype|doubles
|player|p1|dinglustan|2|1588
|player|p2|roykeenkennedy|alder|1647
|teamsize|p1|6
|teamsize|p2|6
|gen|9
|tier|[Gen 9] VGC 2025 Reg I
|rated|
|rule|Species Clause: Limit one of each Pokémon
|rule|Item Clause: Limit 1 of each item
|clearpoke
|poke|p1|Miraidon, L50|
|poke|p1|Calyrex-Ice, L50|
|poke|p1|Grimmsnarl, L50, M|
|poke|p1|Incineroar, L50, F|
|poke|p1|Urshifu-*, L50, M|
|poke|p1|Sinistcha, L50|
|poke|p2|Calyrex-Ice, L50|
|poke|p2|Annihilape, L50, M|
|poke|p2|Indeedee-F, L50, F|
|poke|p2|Miraidon, L50|
|poke|p2|Ting-Lu, L50|
|poke|p2|Iron Hands, L50|
|teampreview|4
|inactive|Battle timer is ON: inactive players will automatically lose when time's up. (requested by dinglustan)
|j| mistball2
|inactive|roykeenkennedy has 60 seconds left.
|inactive|roykeenkennedy has 30 seconds left.
|
|t:|1750728893
|start
|switch|p1a: Miraidon|Miraidon, L50|100/100
|switch|p1b: Grimmsnarl|Grimmsnarl, L50, M|100/100
|switch|p2a: Calyrex|Calyrex-Ice, L50|100/100
|switch|p2b: Ting-Lu|Ting-Lu, L50|100/100
|-ability|p2a: Calyrex|As One
|-ability|p2a: Calyrex|Unnerve
|-fieldstart|move: Electric Terrain|[from] ability: Hadron Engine|[of] p1a: Miraidon
|-ability|p2b: Ting-Lu|Vessel of Ruin
|turn|1
|inactive|roykeenkennedy has 30 seconds left.
|
|t:|1750728919
|move|p1b: Grimmsnarl|Reflect|p1b: Grimmsnarl
|-sidestart|p1: dinglustan|Reflect
|move|p1a: Miraidon|Volt Switch|p2a: Calyrex
|-damage|p2a: Calyrex|55/100
|
|t:|1750728924
|switch|p1a: Incineroar|Incineroar, L50, F|100/100|[from] Volt Switch
|-ability|p1a: Incineroar|Intimidate|boost
|-fail|p2a: Calyrex|unboost|[from] item: Clear Amulet|[of] p2a: Calyrex
|-unboost|p2b: Ting-Lu|atk|1
|move|p2b: Ting-Lu|Sand Tomb|p1b: Grimmsnarl
|-damage|p1b: Grimmsnarl|95/100
|-activate|p1b: Grimmsnarl|move: Sand Tomb|[of] p2b: Ting-Lu
|move|p2a: Calyrex|Trick Room|p2a: Calyrex
|-fieldstart|move: Trick Room|[of] p2a: Calyrex
|
|-damage|p1b: Grimmsnarl|82/100|[from] move: Sand Tomb|[partiallytrapped]
|upkeep
|turn|2
|
|t:|1750728939
|move|p2a: Calyrex|Protect|p2a: Calyrex
|-singleturn|p2a: Calyrex|Protect
|move|p1a: Incineroar|Fake Out|p2b: Ting-Lu
|-damage|p2b: Ting-Lu|95/100
|move|p1b: Grimmsnarl|Light Screen|p1b: Grimmsnarl
|-sidestart|p1: dinglustan|move: Light Screen
|cant|p2b: Ting-Lu|flinch
|
|-heal|p2b: Ting-Lu|100/100|[from] item: Leftovers
|-damage|p1b: Grimmsnarl|70/100|[from] move: Sand Tomb|[partiallytrapped]
|upkeep
|turn|3
|
|t:|1750728956
|move|p2b: Ting-Lu|Ruination|p1a: Incineroar
|-damage|p1a: Incineroar|50/100
|move|p2a: Calyrex|High Horsepower|p1a: Incineroar
|-supereffective|p1a: Incineroar
|-damage|p1a: Incineroar|9/100
|move|p1b: Grimmsnarl|Spirit Break|p2a: Calyrex
|-damage|p2a: Calyrex|37/100
|move|p1a: Incineroar|Knock Off|p2a: Calyrex
|-supereffective|p2a: Calyrex
|-damage|p2a: Calyrex|0 fnt
|-enditem|p2a: Calyrex|Clear Amulet|[from] move: Knock Off|[of] p1a: Incineroar
|faint|p2a: Calyrex
|
|-damage|p1b: Grimmsnarl|57/100|[from] move: Sand Tomb|[partiallytrapped]
|upkeep
|
|t:|1750728973
|switch|p2a: Miraidon|Miraidon, L50|100/100
|-activate|p2a: Miraidon|ability: Hadron Engine
|turn|4
|inactive|roykeenkennedy has 30 seconds left.
|
|t:|1750729000
|switch|p2a: Annihilape|Annihilape, L50, M|100/100
|move|p2b: Ting-Lu|Sand Tomb|p1a: Incineroar
|-supereffective|p1a: Incineroar
|-damage|p1a: Incineroar|0 fnt
|faint|p1a: Incineroar
|move|p1b: Grimmsnarl|Spirit Break|p2a: Annihilape
|-supereffective|p2a: Annihilape
|-damage|p2a: Annihilape|41/100
|-unboost|p2a: Annihilape|spa|1
|-ability|p2a: Annihilape|Defiant|boost
|-boost|p2a: Annihilape|atk|2
|
|-damage|p1b: Grimmsnarl|45/100|[from] move: Sand Tomb|[partiallytrapped]
|upkeep
|
|t:|1750729009
|switch|p1a: Calyrex|Calyrex-Ice, L50|100/100
|-ability|p1a: Calyrex|As One
|-ability|p1a: Calyrex|Unnerve
|turn|5
|
|t:|1750729025
|-terastallize|p2a: Annihilape|Water
|move|p2b: Ting-Lu|Ruination|p1a: Calyrex
|-damage|p1a: Calyrex|51/100
|move|p1a: Calyrex|Glacial Lance|p2b: Ting-Lu|[spread] p2a,p2b
|-resisted|p2a: Annihilape
|-supereffective|p2b: Ting-Lu
|-damage|p2a: Annihilape|13/100
|-damage|p2b: Ting-Lu|44/100
|move|p1b: Grimmsnarl|Spirit Break|p2b: Ting-Lu
|-supereffective|p2b: Ting-Lu
|-damage|p2b: Ting-Lu|11/100
|-unboost|p2b: Ting-Lu|spa|1
|move|p2a: Annihilape|Rage Fist|p1a: Calyrex
|-supereffective|p1a: Calyrex
|-damage|p1a: Calyrex|0 fnt
|faint|p1a: Calyrex
|
|-heal|p2b: Ting-Lu|17/100|[from] item: Leftovers
|-damage|p1b: Grimmsnarl|33/100|[from] move: Sand Tomb|[partiallytrapped]
|-fieldend|move: Trick Room
|-fieldend|move: Electric Terrain
|upkeep
|
|t:|1750729042
|switch|p1a: Miraidon|Miraidon, L50|100/100
|-fieldstart|move: Electric Terrain|[from] ability: Hadron Engine|[of] p1a: Miraidon
|turn|6
|j| hitmondoor
|inactive|roykeenkennedy has 30 seconds left.
|
|t:|1750729071
|-terastallize|p1a: Miraidon|Fairy
|move|p2b: Ting-Lu|Protect|p2b: Ting-Lu
|-singleturn|p2b: Ting-Lu|Protect
|move|p1b: Grimmsnarl|Thunder Wave|p2a: Annihilape
|-status|p2a: Annihilape|par
|move|p1a: Miraidon|Dazzling Gleam|p2a: Annihilape|[spread] p2a
|-activate|p2b: Ting-Lu|move: Protect
|-damage|p2a: Annihilape|0 fnt
|faint|p2a: Annihilape
|
|-heal|p2b: Ting-Lu|23/100|[from] item: Leftovers
|-end|p1b: Grimmsnarl|Sand Tomb|[partiallytrapped]
|upkeep
|j| l554312336
|
|t:|1750729086
|switch|p2a: Miraidon|Miraidon, L50|100/100
|-activate|p2a: Miraidon|ability: Hadron Engine
|turn|7
|
|t:|1750729100
|move|p2b: Ting-Lu|Protect||[still]
|-fail|p2b: Ting-Lu
|move|p1a: Miraidon|Dazzling Gleam|p2b: Ting-Lu|[spread] p2a,p2b
|-supereffective|p2a: Miraidon
|-supereffective|p2b: Ting-Lu
|-crit|p2b: Ting-Lu
|-damage|p2a: Miraidon|45/100
|-damage|p2b: Ting-Lu|0 fnt
|faint|p2b: Ting-Lu
|move|p2a: Miraidon|Electro Drift|p1b: Grimmsnarl
|-damage|p1b: Grimmsnarl|0 fnt
|faint|p1b: Grimmsnarl
|
|upkeep
|turn|8
|-message|roykeenkennedy forfeited.
|
|win|dinglustan
|raw|dinglustan's rating: 1588 &rarr; <strong>1611</strong><br />(+23 for winning)
|raw|roykeenkennedy's rating: 1647 &rarr; <strong>1624</strong><br />(-23 for losing)
|l|☆roykeenkennedy
|player|p2|
|l|☆dinglustan
|player|p1|
|l| mistball2
|l| hitmondoor
