|j|☆ExodiumCluster
|j|☆Mitogel
|t:|1750715001
|gametype|doubles
|player|p1|ExodiumCluster|1|1139
|player|p2|Mitogel|dawn|1163
|teamsize|p1|6
|teamsize|p2|6
|gen|9
|tier|[Gen 9] VGC 2025 Reg I
|rated|
|rule|Species Clause: Limit one of each Pokémon
|rule|Item Clause: Limit 1 of each item
|clearpoke
|poke|p1|Kyogre, L50|
|poke|p1|Zacian-*, L50|
|poke|p1|Tornadus, L50, M|
|poke|p1|Landorus, L50, M|
|poke|p1|Amoonguss, L50, F|
|poke|p1|Archaludon, L50, F|
|poke|p2|Calyrex-Shadow, L50|
|poke|p2|Ursaluna-Bloodmoon, L50, M|
|poke|p2|Incineroar, L50, M|
|poke|p2|Koraidon, L50|
|poke|p2|Clefairy, L50, F|
|poke|p2|Trevenant, L50, M|
|teampreview|4
|inactive|Battle timer is ON: inactive players will automatically lose when time's up. (requested by ExodiumCluster)
|inactive|ExodiumCluster has 60 seconds left.
|inactive|Mitogel has 60 seconds left.
|
|t:|1750715053
|start
|switch|p1a: Tornadus|Tornadus, L50, M|100/100
|switch|p1b: Zacian|Zacian-Crowned, L50|100/100
|switch|p2a: Trevenant|Trevenant, L50, M|100/100
|switch|p2b: Koraidon|Koraidon, L50|100/100
|-ability|p1b: Zacian|Intrepid Sword|boost
|-boost|p1b: Zacian|atk|1
|-weather|SunnyDay|[from] ability: Orichalcum Pulse|[of] p2b: Koraidon
|-activate|p2b: Koraidon|Orichalcum Pulse|[source]
|turn|1
|
|t:|1750715073
|-terastallize|p2a: Trevenant|Water
|move|p1b: Zacian|Protect|p1b: Zacian
|-singleturn|p1b: Zacian|Protect
|move|p2b: Koraidon|Protect|p2b: Koraidon
|-singleturn|p2b: Koraidon|Protect
|move|p1a: Tornadus|Rain Dance|p1a: Tornadus
|-weather|RainDance
|move|p2a: Trevenant|Will-O-Wisp|p1b: Zacian
|-activate|p1b: Zacian|move: Protect
|
|-weather|RainDance|[upkeep]
|upkeep
|turn|2
|inactive|ExodiumCluster has 30 seconds left.
|
|t:|1750715107
|switch|p2b: Ursaluna|Ursaluna-Bloodmoon, L50, M|100/100
|move|p1b: Zacian|Play Rough|p2a: Trevenant
|-damage|p2a: Trevenant|16/100
|-damage|p1b: Zacian|84/100|[from] item: Rocky Helmet|[of] p2a: Trevenant
|move|p1a: Tornadus|Bleakwind Storm|p2a: Trevenant|[spread] p2a,p2b
|-crit|p2b: Ursaluna
|-damage|p2a: Trevenant|0 fnt
|-damage|p2b: Ursaluna|63/100
|faint|p2a: Trevenant
|
|-weather|RainDance|[upkeep]
|upkeep
|
|t:|1750715122
|switch|p2a: Koraidon|Koraidon, L50|100/100
|-weather|SunnyDay|[from] ability: Orichalcum Pulse|[of] p2a: Koraidon
|-activate|p2a: Koraidon|Orichalcum Pulse|[source]
|turn|3
|
|t:|1750715138
|move|p1b: Zacian|Protect|p1b: Zacian
|-singleturn|p1b: Zacian|Protect
|move|p1a: Tornadus|Rain Dance|p1a: Tornadus
|-weather|RainDance
|move|p2a: Koraidon|Taunt|p1a: Tornadus
|-start|p1a: Tornadus|move: Taunt
|move|p2b: Ursaluna|Earth Power|p1b: Zacian
|-activate|p1b: Zacian|move: Protect
|
|-weather|RainDance|[upkeep]
|upkeep
|turn|4
|inactive|ExodiumCluster has 30 seconds left.
|
|t:|1750715170
|-terastallize|p1b: Zacian|Fairy
|move|p2a: Koraidon|Protect|p2a: Koraidon
|-singleturn|p2a: Koraidon|Protect
|move|p1b: Zacian|Behemoth Blade|p2b: Ursaluna
|-damage|p2b: Ursaluna|3/100
|move|p1a: Tornadus|Bleakwind Storm|p2a: Koraidon|[spread] p2b
|-activate|p2a: Koraidon|move: Protect
|-damage|p2b: Ursaluna|0 fnt
|faint|p2b: Ursaluna
|
|-weather|RainDance|[upkeep]
|upkeep
|
|t:|1750715177
|switch|p2b: Calyrex|Calyrex-Shadow, L50|100/100
|-ability|p2b: Calyrex|As One
|-ability|p2b: Calyrex|Unnerve
|turn|5
|inactive|ExodiumCluster has 30 seconds left.
|inactive|ExodiumCluster has 20 seconds left.
|
|t:|1750715214
|switch|p1a: Landorus|Landorus, L50, M|100/100
|move|p1b: Zacian|Protect|p1b: Zacian
|-singleturn|p1b: Zacian|Protect
|move|p2b: Calyrex|Astral Barrage|p1b: Zacian|[spread] p1a
|-activate|p1b: Zacian|move: Protect
|-damage|p1a: Landorus|14/100
|-damage|p2b: Calyrex|91/100|[from] item: Life Orb
|move|p2a: Koraidon|Close Combat|p1b: Zacian
|-activate|p1b: Zacian|move: Protect
|
|-weather|RainDance|[upkeep]
|upkeep
|turn|6
|inactive|ExodiumCluster has 30 seconds left.
|inactive|ExodiumCluster has 20 seconds left.
|
|t:|1750715251
|move|p2b: Calyrex|Protect|p2b: Calyrex
|-singleturn|p2b: Calyrex|Protect
|move|p1b: Zacian|Protect||[still]
|-fail|p1b: Zacian
|move|p2a: Koraidon|Close Combat|p1b: Zacian
|-resisted|p1b: Zacian
|-damage|p1b: Zacian|52/100
|-unboost|p2a: Koraidon|def|1
|-unboost|p2a: Koraidon|spd|1
|move|p1a: Landorus|Sandsear Storm|p2b: Calyrex|[spread] p2a
|-activate|p2b: Calyrex|move: Protect
|-damage|p2a: Koraidon|10/100
|
|-weather|RainDance|[upkeep]
|upkeep
|turn|7
|
|t:|1750715266
|move|p1b: Zacian|Protect|p1b: Zacian
|-singleturn|p1b: Zacian|Protect
|move|p1a: Landorus|Protect|p1a: Landorus
|-singleturn|p1a: Landorus|Protect
|move|p2b: Calyrex|Astral Barrage|p1b: Zacian|[spread] 
|-activate|p1a: Landorus|move: Protect
|-activate|p1b: Zacian|move: Protect
|move|p2a: Koraidon|Close Combat|p1a: Landorus
|-activate|p1a: Landorus|move: Protect
|
|-weather|none
|upkeep
|turn|8
|inactive|ExodiumCluster has 30 seconds left.
|inactive|ExodiumCluster has 20 seconds left.
|inactive|ExodiumCluster has 15 seconds left.
|
|t:|1750715309
|move|p2a: Koraidon|Protect|p2a: Koraidon
|-singleturn|p2a: Koraidon|Protect
|move|p2b: Calyrex|Astral Barrage|p1a: Landorus|[spread] p1a,p1b
|-damage|p1a: Landorus|0 fnt
|-damage|p1b: Zacian|0 fnt
|faint|p1a: Landorus
|faint|p1b: Zacian
|-ability|p2b: Calyrex|Grim Neigh|boost
|-boost|p2b: Calyrex|spa|2
|-damage|p2b: Calyrex|81/100|[from] item: Life Orb
|
|upkeep
|
|t:|1750715316
|switch|p1b: Kyogre|Kyogre, L50|100/100
|switch|p1a: Tornadus|Tornadus, L50, M|100/100
|-weather|RainDance|[from] ability: Drizzle|[of] p1b: Kyogre
|turn|9
|
|t:|1750715336
|move|p1a: Tornadus|Tailwind|p1a: Tornadus
|-sidestart|p1: ExodiumCluster|move: Tailwind
|move|p1b: Kyogre|Origin Pulse|p2b: Calyrex|[spread] p2a,p2b
|-resisted|p2a: Koraidon
|-damage|p2a: Koraidon|0 fnt
|-damage|p2b: Calyrex|4/100
|faint|p2a: Koraidon
|move|p2b: Calyrex|Astral Barrage|p1a: Tornadus|[spread] p1a,p1b
|-crit|p1b: Kyogre
|-damage|p1a: Tornadus|0 fnt
|-damage|p1b: Kyogre|0 fnt
|faint|p1a: Tornadus
|faint|p1b: Kyogre
|-damage|p2b: Calyrex|0 fnt|[from] item: Life Orb
|faint|p2b: Calyrex
|
|win|Mitogel
|raw|ExodiumCluster's rating: 1139 &rarr; <strong>1116</strong><br />(-23 for losing)
|raw|Mitogel's rating: 1163 &rarr; <strong>1186</strong><br />(+23 for winning)
|l|☆Mitogel
|player|p2|
|l|☆ExodiumCluster
|player|p1|
