|j|☆BaldWimpLo
|j|☆Legend0331
|html|<table width="100%"><tr><td align="left">BaldWimpLo</td><td align="right">Legend0331</tr><tr><td align="left"><i class="fa fa-circle-o"></i> <i class="fa fa-circle-o"></i> </td><td align="right"><i class="fa fa-circle-o"></i> <i class="fa fa-circle-o"></i> </tr></table>
|uhtml|bestof|<h2><strong>Game 1</strong> of <a href="/game-bestof3-gen9vgc2025regi-2391183885">a best-of-3</a></h2>
|t:|1750813248
|gametype|doubles
|player|p1|BaldWimpLo|1|
|player|p2|Legend0331|shauntal|
|teamsize|p1|6
|teamsize|p2|6
|gen|9
|tier|[Gen 9] VGC 2025 Reg I
|rule|Species Clause: Limit one of each Pokémon
|rule|Item Clause: Limit 1 of each item
|raw|<div class="infobox"><details class="readmore" open><summary><strong>1 custom rule:</strong></summary> Best of = 3</details></div>
|clearpoke
|poke|p1|Gholdengo, L50|
|poke|p1|Rillaboom, L50, M|
|poke|p1|Annihilape, L50, M|
|poke|p1|Ninetales-Alola, L50, M|
|poke|p1|Ursaluna, L50, M|
|poke|p1|Dragonite, L50, F|
|poke|p2|Amoonguss, L50, F|
|poke|p2|Whimsicott, L50, F|
|poke|p2|Mimikyu, L50, F|
|poke|p2|Zoroark, L50, M|
|poke|p2|Flamigo, L50, F|
|poke|p2|Metagross, L50|
|teampreview|4
|inactive|Battle timer is ON: inactive players will automatically lose when time's up. (requested by BaldWimpLo)
|inactiveoff|Battle timer is now OFF.
Legend0331 has agreed to open team sheets.
BaldWimpLo has agreed to open team sheets.
|showteam|p1|Gholdengo||LifeOrb|GoodasGold|MakeItRain,ShadowBall,Protect,NastyPlot||||||50|,,,,,Steel]Rillaboom||AssaultVest|GrassySurge|FakeOut,WoodHammer,HighHorsepower,GrassyGlide|||M|||50|,,,,,Fire]Annihilape||Leftovers|Defiant|RageFist,Protect,BulkUp,DrainPunch|||M|||50|,,,,,Grass]Ninetales-Alola||LightClay|SnowWarning|Blizzard,AuroraVeil,IcyWind,Encore|||M|||50|,,,,,Water]Ursaluna||FlameOrb|Guts|HeadlongRush,Facade,Protect,Earthquake|||M|||50|,,,,,Normal]Dragonite||LoadedDice|Multiscale|ScaleShot,Protect,Haze,Tailwind|||F|||50|,,,,,Normal
|showteam|p2|Amoonguss||SitrusBerry|Regenerator|Spore,RagePowder,PollenPuff,ClearSmog|||F|||50|,,,,,Grass]Whimsicott||FocusSash|Prankster|Encore,Tailwind,LightScreen,Moonblast|||F|||50|,,,,,Steel]Mimikyu||RedCard|Disguise|SwordsDance,DrainPunch,ShadowClaw,PlayRough|||F|||50|,,,,,Ghost]Zoroark||ChoiceSpecs|Illusion|DarkPulse,Trick,Uturn,SludgeBomb|||M|||50|,,,,,Dark]Flamigo||LifeOrb|Scrappy|CloseCombat,Detect,WideGuard,BraveBird|||F|||50|,,,,,Flying]Metagross||AssaultVest|ClearBody|PsychicFangs,HeavySlam,StompingTantrum,BulletPunch||||||50|,,,,,Dragon
|
|t:|1750813324
|start
|switch|p1a: Gholdengo|Gholdengo, L50|100/100
|switch|p1b: Rillaboom|Rillaboom, L50, M|100/100
|switch|p2a: The Crewmate|Amoonguss, L50, F|100/100
|switch|p2b: X-Pac|Metagross, L50, shiny|100/100
|-fieldstart|move: Grassy Terrain|[from] ability: Grassy Surge|[of] p1b: Rillaboom
|turn|1
|
|t:|1750813367
|move|p1b: Rillaboom|Fake Out|p2b: X-Pac
|-damage|p2b: X-Pac|71/100
|replace|p2b: WHO AM I?!|Zoroark, L50, M, shiny
|-end|p2b: WHO AM I?!|Illusion
|move|p2a: The Crewmate|Rage Powder|p2a: The Crewmate
|-singleturn|p2a: The Crewmate|move: Rage Powder
|cant|p2b: WHO AM I?!|flinch
|move|p1a: Gholdengo|Nasty Plot|p1a: Gholdengo
|-boost|p1a: Gholdengo|spa|2
|
|-heal|p2b: WHO AM I?!|77/100|[from] Grassy Terrain
|upkeep
|turn|2
|
|t:|1750813404
|switch|p1b: Ninetales|Ninetales-Alola, L50, M|100/100
|-weather|Snowscape|[from] ability: Snow Warning|[of] p1b: Ninetales
|-terastallize|p1a: Gholdengo|Steel
|move|p2a: The Crewmate|Rage Powder|p2a: The Crewmate
|-singleturn|p2a: The Crewmate|move: Rage Powder
|move|p2b: WHO AM I?!|Trick|p1b: Ninetales
|-activate|p2b: WHO AM I?!|move: Trick|[of] p1b: Ninetales
|-item|p1b: Ninetales|Choice Specs|[from] move: Trick
|-item|p2b: WHO AM I?!|Light Clay|[from] move: Trick
|move|p1a: Gholdengo|Make It Rain|p2a: The Crewmate|[spread] p2a,p2b
|-damage|p2a: The Crewmate|0 fnt
|-damage|p2b: WHO AM I?!|0 fnt
|-unboost|p1a: Gholdengo|spa|1
|faint|p2a: The Crewmate
|faint|p2b: WHO AM I?!
|-damage|p1a: Gholdengo|91/100|[from] item: Life Orb
|
|-weather|Snowscape|[upkeep]
|-heal|p1a: Gholdengo|97/100|[from] Grassy Terrain
|upkeep
|
|t:|1750813424
|switch|p2b: John Doe|Mimikyu, L50, F, shiny|100/100
|switch|p2a: X-Pac|Metagross, L50, shiny|100/100
|turn|3
|
|t:|1750813457
|move|p2a: X-Pac|Bullet Punch|p1b: Ninetales
|-supereffective|p1b: Ninetales
|-damage|p1b: Ninetales|33/100
|move|p1b: Ninetales|Aurora Veil|p1b: Ninetales
|-sidestart|p1: BaldWimpLo|move: Aurora Veil
|move|p1a: Gholdengo|Shadow Ball|p2a: X-Pac
|-supereffective|p2a: X-Pac
|-damage|p2a: X-Pac|0 fnt
|faint|p2a: X-Pac
|-damage|p1a: Gholdengo|87/100|[from] item: Life Orb
|move|p2b: John Doe|Swords Dance|p2b: John Doe
|-boost|p2b: John Doe|atk|2
|
|-weather|Snowscape|[upkeep]
|-heal|p1b: Ninetales|38/100|[from] Grassy Terrain
|-heal|p1a: Gholdengo|93/100|[from] Grassy Terrain
|upkeep
|turn|4
|
|t:|1750813500
|switch|p1b: Rillaboom|Rillaboom, L50, M|100/100
|move|p1a: Gholdengo|Shadow Ball|p2b: John Doe
|-activate|p2b: John Doe|ability: Disguise
|-damage|p2b: John Doe|100/100
|-unboost|p2b: John Doe|spd|1
|detailschange|p2b: John Doe|Mimikyu-Busted, L50, F, shiny
|-damage|p2b: John Doe|88/100|[from] pokemon: Mimikyu-Busted
|-enditem|p2b: John Doe|Red Card|[of] p1a: Gholdengo
|drag|p1a: Dragonite|Dragonite, L50, F|100/100
|move|p2b: John Doe|Shadow Claw|p1b: Rillaboom
|-crit|p1b: Rillaboom
|-damage|p1b: Rillaboom|16/100
|
|-weather|Snowscape|[upkeep]
|-heal|p2b: John Doe|94/100|[from] Grassy Terrain
|-heal|p1b: Rillaboom|22/100|[from] Grassy Terrain
|upkeep
|turn|5
|
|t:|1750813527
|move|p1b: Rillaboom|Grassy Glide|p2b: John Doe
|-damage|p2b: John Doe|32/100
|move|p2b: John Doe|Play Rough|p1a: Dragonite
|-supereffective|p1a: Dragonite
|-damage|p1a: Dragonite|42/100
|move|p1a: Dragonite|Haze|p1a: Dragonite
|-clearallboost
|
|-weather|Snowscape|[upkeep]
|-heal|p2b: John Doe|38/100|[from] Grassy Terrain
|-heal|p1b: Rillaboom|28/100|[from] Grassy Terrain
|-fieldend|move: Grassy Terrain
|upkeep
|turn|6
|
|t:|1750813553
|-terastallize|p2b: John Doe|Ghost
|move|p2b: John Doe|Drain Punch|p1b: Rillaboom
|-damage|p1b: Rillaboom|15/100
|-heal|p2b: John Doe|49/100|[from] drain|[of] p1b: Rillaboom
|move|p1a: Dragonite|Tailwind|p1a: Dragonite
|-sidestart|p1: BaldWimpLo|move: Tailwind
|move|p1b: Rillaboom|Wood Hammer|p2b: John Doe
|-damage|p2b: John Doe|0 fnt
|faint|p2b: John Doe
|-damage|p1b: Rillaboom|4/100|[from] Recoil
|
|win|BaldWimpLo
|inactive|BaldWimpLo has 30 seconds to confirm battle start!
|inactive|Legend0331 has 30 seconds to confirm battle start!
||BaldWimpLo is ready for game 2.
|inactive|Legend0331 has 20 seconds to confirm battle start!
|l|☆Legend0331
|player|p2|
|inactive|Legend0331 has 10 seconds to confirm battle start!
|inactive|Legend0331 has 0 seconds to confirm battle start!
|uhtml|next|Next: <a href="/battle-gen9vgc2025regi-2391186489"><strong>Game 2 of 3</strong></a>
