|j|☆mailo100
|j|☆Cdogp
|t:|1750805154
|gametype|doubles
|player|p1|mailo100|grimsley|1566
|player|p2|Cdogp|wattson|1631
|teamsize|p1|6
|teamsize|p2|6
|gen|9
|tier|[Gen 9] VGC 2025 Reg I
|rated|
|rule|Species Clause: Limit one of each Pokémon
|rule|Item Clause: Limit 1 of each item
|clearpoke
|poke|p1|Gouging Fire, L50|
|poke|p1|Raging Bolt, L50|
|poke|p1|Groudon, L50|
|poke|p1|Lilligant-Hisui, L50, F|
|poke|p1|Lunala, L50|
|poke|p1|Grimmsnarl, L50, M|
|poke|p2|Whimsicott, L50, F|
|poke|p2|Urshifu-*, L50, F|
|poke|p2|Ursaluna, L50, F|
|poke|p2|Miraidon, L50|
|poke|p2|Lunala, L50|
|poke|p2|Incineroar, L50, F|
|teampreview|4
|inactive|Battle timer is ON: inactive players will automatically lose when time's up. (requested by mailo100)
|
|t:|1750805184
|start
|switch|p1a: Groudon|Groudon, L50, shiny|100/100
|switch|p1b: Lilligant|Lilligant-Hisui, L50, F, shiny|100/100
|switch|p2a: Miraidon|Miraidon, L50|100/100
|switch|p2b: Incineroar|Incineroar, L50, F|100/100
|-fieldstart|move: Electric Terrain|[from] ability: Hadron Engine|[of] p2a: Miraidon
|-weather|SunnyDay|[from] ability: Drought|[of] p1a: Groudon
|-ability|p2b: Incineroar|Intimidate|boost
|-unboost|p1a: Groudon|atk|1
|-unboost|p1b: Lilligant|atk|1
|turn|1
|l|☆Cdogp
|inactive|Cdogp disconnected and has a minute to reconnect!
|player|p2|
|j|☆Cdogp
|inactive|Cdogp reconnected and has 40 seconds left.
|player|p2|Cdogp|wattson|
|
|t:|1750805208
|move|p1b: Lilligant|Protect|p1b: Lilligant
|-singleturn|p1b: Lilligant|Protect
|move|p2b: Incineroar|Fake Out|p1a: Groudon
|-damage|p1a: Groudon|94/100
|move|p2a: Miraidon|Volt Switch|p1b: Lilligant
|-activate|p1b: Lilligant|move: Protect
|cant|p1a: Groudon|flinch
|
|-weather|SunnyDay|[upkeep]
|upkeep
|turn|2
|
|t:|1750805216
|move|p1b: Lilligant|Coaching|p1a: Groudon
|-boost|p1a: Groudon|atk|1
|-boost|p1a: Groudon|def|1
|move|p2a: Miraidon|Volt Switch|p1b: Lilligant
|-resisted|p1b: Lilligant
|-damage|p1b: Lilligant|35/100
|
|t:|1750805219
|switch|p2a: Lunala|Lunala, L50|100/100|[from] Volt Switch
|-enditem|p2a: Lunala|Electric Seed
|-boost|p2a: Lunala|def|1|[from] item: Electric Seed
|move|p1a: Groudon|Precipice Blades|p2b: Incineroar|[spread] p2b
|-miss|p1a: Groudon|p2a: Lunala
|-supereffective|p2b: Incineroar
|-damage|p2b: Incineroar|28/100
|move|p2b: Incineroar|U-turn|p1a: Groudon
|-damage|p1a: Groudon|85/100
|
|t:|1750805221
|switch|p2b: Ursaluna|Ursaluna, L50, F|100/100|[from] U-turn
|
|-weather|SunnyDay|[upkeep]
|-status|p2b: Ursaluna|brn|[from] item: Flame Orb
|upkeep
|turn|3
|
|t:|1750805230
|-terastallize|p2b: Ursaluna|Ghost
|move|p1b: Lilligant|Coaching|p1a: Groudon
|-boost|p1a: Groudon|atk|1
|-boost|p1a: Groudon|def|1
|move|p1a: Groudon|Precipice Blades|p2a: Lunala|[spread] p2a,p2b
|-damage|p2a: Lunala|80/100
|-damage|p2b: Ursaluna|39/100 brn
|move|p2b: Ursaluna|Facade|p1a: Groudon
|-damage|p1a: Groudon|41/100
|move|p2a: Lunala|Trick Room|p2a: Lunala
|-fieldstart|move: Trick Room|[of] p2a: Lunala
|
|-weather|SunnyDay|[upkeep]
|-damage|p2b: Ursaluna|33/100 brn|[from] brn
|upkeep
|turn|4
|
|t:|1750805252
|switch|p1b: Grimmsnarl|Grimmsnarl, L50, M, shiny|100/100
|move|p2b: Ursaluna|Facade|p1b: Grimmsnarl
|-damage|p1b: Grimmsnarl|0 fnt
|faint|p1b: Grimmsnarl
|move|p1a: Groudon|Precipice Blades|p2b: Ursaluna|[spread] p2a,p2b
|-crit|p2b: Ursaluna
|-damage|p2a: Lunala|38/100
|-damage|p2b: Ursaluna|0 fnt
|faint|p2b: Ursaluna
|move|p2a: Lunala|Moongeist Beam|p1a: Groudon
|-damage|p1a: Groudon|9/100
|
|-weather|SunnyDay|[upkeep]
|upkeep
|
|t:|1750805272
|switch|p2b: Incineroar|Incineroar, L50, F|28/100
|switch|p1b: Gouging Fire|Gouging Fire, L50|100/100
|-ability|p2b: Incineroar|Intimidate|boost
|-unboost|p1a: Groudon|atk|1
|-fail|p1b: Gouging Fire|unboost|[from] item: Clear Amulet|[of] p1b: Gouging Fire
|-activate|p1b: Gouging Fire|ability: Protosynthesis
|-start|p1b: Gouging Fire|protosynthesisspe
|turn|5
|
|t:|1750805293
|switch|p1a: Lilligant|Lilligant-Hisui, L50, F, shiny|35/100
|move|p2b: Incineroar|Flare Blitz|p1a: Lilligant
|-supereffective|p1a: Lilligant
|-damage|p1a: Lilligant|0 fnt
|faint|p1a: Lilligant
|-damage|p2b: Incineroar|20/100|[from] Recoil
|move|p2a: Lunala|Moongeist Beam|p1b: Gouging Fire
|-damage|p1b: Gouging Fire|47/100
|move|p1b: Gouging Fire|Snarl|p2a: Lunala|[spread] p2a,p2b
|-supereffective|p2a: Lunala
|-resisted|p2b: Incineroar
|-damage|p2a: Lunala|21/100
|-damage|p2b: Incineroar|18/100
|-unboost|p2a: Lunala|spa|1
|-unboost|p2b: Incineroar|spa|1
|
|-weather|none
|-end|p1b: Gouging Fire|Protosynthesis
|-fieldend|move: Electric Terrain
|upkeep
|
|t:|1750805296
|switch|p1a: Groudon|Groudon, L50, shiny|9/100
|-weather|SunnyDay|[from] ability: Drought|[of] p1a: Groudon
|-activate|p1b: Gouging Fire|ability: Protosynthesis
|-start|p1b: Gouging Fire|protosynthesisspe
|turn|6
|
|t:|1750805304
|move|p2b: Incineroar|Flare Blitz|p1a: Groudon
|-damage|p1a: Groudon|0 fnt
|faint|p1a: Groudon
|-damage|p2b: Incineroar|15/100|[from] Recoil
|move|p2a: Lunala|Moongeist Beam|p1b: Gouging Fire
|-damage|p1b: Gouging Fire|8/100
|move|p1b: Gouging Fire|Breaking Swipe|p2b: Incineroar|[spread] p2a,p2b
|-crit|p2a: Lunala
|-damage|p2a: Lunala|0 fnt
|-damage|p2b: Incineroar|0 fnt
|faint|p2a: Lunala
|faint|p2b: Incineroar
|
|-weather|SunnyDay|[upkeep]
|upkeep
|
|t:|1750805306
|switch|p2b: Miraidon|Miraidon, L50|100/100
|-fieldstart|move: Electric Terrain|[from] ability: Hadron Engine|[of] p2b: Miraidon
|turn|7
|
|t:|1750805311
|move|p1b: Gouging Fire|Burning Bulwark|p1b: Gouging Fire
|-singleturn|p1b: Gouging Fire|move: Protect
|move|p2b: Miraidon|Dazzling Gleam|p1b: Gouging Fire
|-activate|p1b: Gouging Fire|move: Protect
|
|-weather|SunnyDay|[upkeep]
|-fieldend|move: Trick Room
|upkeep
|turn|8
|
|t:|1750805313
|move|p1b: Gouging Fire|Breaking Swipe|p2b: Miraidon
|-supereffective|p2b: Miraidon
|-damage|p2b: Miraidon|59/100
|-unboost|p2b: Miraidon|atk|1
|move|p2b: Miraidon|Dazzling Gleam|p1b: Gouging Fire
|-damage|p1b: Gouging Fire|0 fnt
|faint|p1b: Gouging Fire
|-end|p1b: Gouging Fire|Protosynthesis|[silent]
|
|win|Cdogp
|raw|mailo100's rating: 1566 &rarr; <strong>1550</strong><br />(-16 for losing)
|raw|Cdogp's rating: 1631 &rarr; <strong>1647</strong><br />(+16 for winning)
|l|☆mailo100
|player|p1|
|l|☆Cdogp
|player|p2|
