|j|☆drakkulll
|j|☆Dlotr
|t:|1750799891
|gametype|doubles
|player|p1|drakkulll|giovanni|1231
|player|p2|Dlotr|nate|1264
|teamsize|p1|6
|teamsize|p2|6
|gen|9
|tier|[Gen 9] VGC 2025 Reg I
|rated|
|rule|Species Clause: Limit one of each Pokémon
|rule|Item Clause: Limit 1 of each item
|clearpoke
|poke|p1|Mightyena, L50, M|
|poke|p1|Lycanroc-Midnight, L50, M|
|poke|p1|Tyranitar, L50, M|
|poke|p1|Lunala, L50|
|poke|p1|Zamazenta-*, L50|
|poke|p1|Raging Bolt, L50|
|poke|p2|Calyrex-Shadow, L50|
|poke|p2|Indeedee-F, L50, F|
|poke|p2|Zamazenta-*, L50|
|poke|p2|Incineroar, L50, M|
|poke|p2|Pachirisu, L50, M|
|poke|p2|Ursaluna-Bloodmoon, L50, M|
|teampreview|4
|inactive|Battle timer is ON: inactive players will automatically lose when time's up. (requested by drakkulll)
|
|t:|1750799920
|start
|switch|p1a: Jesus|Lunala, L50|100/100
|switch|p1b: Cthulu|Mightyena, L50, M|100/100
|switch|p2a: Ursaluna|Ursaluna-Bloodmoon, L50, M|100/100
|switch|p2b: Pachirisu|Pachirisu, L50, M|100/100
|-ability|p1b: Cthulu|Intimidate|boost
|-unboost|p2a: Ursaluna|atk|1
|-unboost|p2b: Pachirisu|atk|1
|turn|1
|
|t:|1750799941
|move|p2b: Pachirisu|Nuzzle|p1a: Jesus
|-damage|p1a: Jesus|99/100
|-status|p1a: Jesus|par
|move|p1b: Cthulu|Yawn|p2a: Ursaluna
|-start|p2a: Ursaluna|move: Yawn|[of] p1b: Cthulu
|move|p2a: Ursaluna|Hyper Voice|p1b: Cthulu|[spread] p1a,p1b
|-damage|p1a: Jesus|69/100 par
|-damage|p1b: Cthulu|58/100
|move|p1a: Jesus|Meteor Beam||[still]
|-prepare|p1a: Jesus|Meteor Beam
|-boost|p1a: Jesus|spa|1
|-enditem|p1a: Jesus|Power Herb
|-anim|p1a: Jesus|Meteor Beam|p2b: Pachirisu
|-crit|p2b: Pachirisu
|-enditem|p2b: Pachirisu|Focus Sash
|-damage|p2b: Pachirisu|1/100
|
|upkeep
|turn|2
|
|t:|1750799964
|switch|p2a: Ex gf|Indeedee-F, L50, F|100/100
|-fieldstart|move: Psychic Terrain|[from] ability: Psychic Surge|[of] p2a: Ex gf
|move|p2b: Pachirisu|Protect|p2b: Pachirisu
|-singleturn|p2b: Pachirisu|Protect
|move|p1a: Jesus|Wide Guard|p1a: Jesus
|-singleturn|p1a: Jesus|Wide Guard
|move|p1b: Cthulu|Super Fang|p2a: Ex gf
|-damage|p2a: Ex gf|51/100
|
|upkeep
|turn|3
|
|t:|1750799986
|move|p2b: Pachirisu|Follow Me|p2b: Pachirisu
|-singleturn|p2b: Pachirisu|move: Follow Me
|move|p2a: Ex gf|Shadow Ball|p1a: Jesus
|-supereffective|p1a: Jesus
|-damage|p1a: Jesus|22/100 par
|move|p1b: Cthulu|Yawn|p2b: Pachirisu
|-start|p2b: Pachirisu|move: Yawn|[of] p1b: Cthulu
|move|p1a: Jesus|Moongeist Beam|p2b: Pachirisu
|-damage|p2b: Pachirisu|0 fnt
|faint|p2b: Pachirisu
|
|upkeep
|
|t:|1750799992
|switch|p2b: Horse girl|Calyrex-Shadow, L50|100/100
|-ability|p2b: Horse girl|As One
|-ability|p2b: Horse girl|Unnerve
|turn|4
|
|t:|1750800007
|move|p2a: Ex gf|Protect|p2a: Ex gf
|-singleturn|p2a: Ex gf|Protect
|move|p1a: Jesus|Wide Guard|p1a: Jesus
|-singleturn|p1a: Jesus|Wide Guard
|move|p2b: Horse girl|Astral Barrage|p1b: Cthulu|[spread] 
|-activate|p1a: Jesus|move: Wide Guard
|-activate|p1b: Cthulu|move: Wide Guard
|move|p1b: Cthulu|Foul Play|p2b: Horse girl
|-supereffective|p2b: Horse girl
|-damage|p2b: Horse girl|0 fnt
|faint|p2b: Horse girl
|
|upkeep
|
|t:|1750800012
|switch|p2b: Ursaluna|Ursaluna-Bloodmoon, L50, M|100/100
|turn|5
|
|t:|1750800031
|move|p1a: Jesus|Wide Guard|p1a: Jesus
|-singleturn|p1a: Jesus|Wide Guard
|move|p2a: Ex gf|Follow Me|p2a: Ex gf
|-singleturn|p2a: Ex gf|move: Follow Me
|move|p1b: Cthulu|Yawn|p2a: Ex gf
|-start|p2a: Ex gf|move: Yawn|[of] p1b: Cthulu
|move|p2b: Ursaluna|Hyper Voice|p1a: Jesus|[spread] 
|-activate|p1a: Jesus|move: Wide Guard
|-activate|p1b: Cthulu|move: Wide Guard
|
|upkeep
|turn|6
|
|t:|1750800051
|move|p1a: Jesus|Wide Guard|p1a: Jesus
|-singleturn|p1a: Jesus|Wide Guard
|move|p2a: Ex gf|Follow Me|p2a: Ex gf
|-singleturn|p2a: Ex gf|move: Follow Me
|move|p1b: Cthulu|Foul Play|p2a: Ex gf
|-supereffective|p2a: Ex gf
|-damage|p2a: Ex gf|16/100
|move|p2b: Ursaluna|Blood Moon|p1a: Jesus
|-damage|p1a: Jesus|0 fnt
|faint|p1a: Jesus
|
|-end|p2a: Ex gf|move: Yawn|[silent]
|-status|p2a: Ex gf|slp
|upkeep
|
|t:|1750800063
|switch|p1a: Patricio|Zamazenta-Crowned, L50|100/100
|-ability|p1a: Patricio|Dauntless Shield|boost
|-boost|p1a: Patricio|def|1
|turn|7
|
|t:|1750800074
|move|p1a: Patricio|Body Press|p2b: Ursaluna
|-supereffective|p2b: Ursaluna
|-damage|p2b: Ursaluna|15/100
|cant|p2a: Ex gf|slp
|move|p1b: Cthulu|Foul Play|p2a: Ex gf
|-supereffective|p2a: Ex gf
|-damage|p2a: Ex gf|0 fnt
|faint|p2a: Ex gf
|move|p2b: Ursaluna|Earth Power|p1a: Patricio
|-supereffective|p1a: Patricio
|-damage|p1a: Patricio|25/100
|
|upkeep
|turn|8
|-message|Dlotr forfeited.
|
|win|drakkulll
|raw|drakkulll's rating: 1231 &rarr; <strong>1258</strong><br />(+27 for winning)
|raw|Dlotr's rating: 1264 &rarr; <strong>1237</strong><br />(-27 for losing)
|l|☆Dlotr
|player|p2|
|l|☆drakkulll
|player|p1|
