|j|☆goluckypig
|j|☆TCM Zaukepoo
|t:|1750798650
|gametype|doubles
|player|p1|goluckypig|swimmer|1231
|player|p2|TCM Zaukepoo|1|1192
|teamsize|p1|6
|teamsize|p2|6
|gen|9
|tier|[Gen 9] VGC 2025 Reg I
|rated|
|rule|Species Clause: Limit one of each Pokémon
|rule|Item Clause: Limit 1 of each item
|clearpoke
|poke|p1|Koraidon, L50|
|poke|p1|Walking Wake, L50|
|poke|p1|Sandy Shocks, L50|
|poke|p1|Ho-Oh, L50|
|poke|p1|Rillaboom, L50, M|
|poke|p1|Cobalion, L50|
|poke|p2|Smeargle, L50, F|
|poke|p2|Calyrex-Ice, L50|
|poke|p2|Zamazenta-*, L50|
|poke|p2|Roaring Moon, L50|
|poke|p2|Rillaboom, L50, F|
|poke|p2|Muk-Alola, L50, M|
|teampreview|4
|inactive|Battle timer is ON: inactive players will automatically lose when time's up. (requested by TCM Zaukepoo)
|inactive|goluckypig has 60 seconds left.
|
|t:|1750798694
|start
|switch|p1a: Cobalion|Cobalion, L50|100/100
|switch|p1b: Ho-Oh|Ho-Oh, L50|100/100
|switch|p2a: Smeargle|Smeargle, L50, F|100/100
|switch|p2b: Muk|Muk-Alola, L50, M, shiny|100/100
|turn|1
|l|☆TCM Zaukepoo
|inactive|TCM Zaukepoo disconnected and has a minute to reconnect!
|player|p2|
|inactive|TCM Zaukepoo has 30 seconds left.
|inactive|TCM Zaukepoo has 20 seconds left.
|j|☆TCM Zaukepoo
|inactive|TCM Zaukepoo reconnected and has 20 seconds left.
|player|p2|TCM Zaukepoo|1|
|inactive|TCM Zaukepoo has 15 seconds left.
|inactive|TCM Zaukepoo has 10 seconds left.
|
|t:|1750798740
|move|p2a: Smeargle|Follow Me|p2a: Smeargle
|-singleturn|p2a: Smeargle|move: Follow Me
|move|p1a: Cobalion|Body Press|p2a: Smeargle
|-supereffective|p2a: Smeargle
|-enditem|p2a: Smeargle|Focus Sash
|-damage|p2a: Smeargle|1/100
|move|p1b: Ho-Oh|Sacred Fire|p2a: Smeargle
|-damage|p2a: Smeargle|0 fnt
|faint|p2a: Smeargle
|-ability|p2b: Muk|Moody|[from] ability: Power of Alchemy|[of] p2a: Smeargle
|move|p2b: Muk|Minimize|p2b: Muk
|-boost|p2b: Muk|evasion|2
|
|-ability|p2b: Muk|Moody|boost
|-boost|p2b: Muk|spe|2
|-unboost|p2b: Muk|spd|1
|upkeep
|
|t:|1750798744
|switch|p2a: Rillaboom|Rillaboom, L50, F|100/100
|-fieldstart|move: Grassy Terrain|[from] ability: Grassy Surge|[of] p2a: Rillaboom
|-enditem|p1a: Cobalion|Grassy Seed
|-boost|p1a: Cobalion|def|1|[from] item: Grassy Seed
|turn|2
|
|t:|1750798764
|move|p2a: Rillaboom|Fake Out|p1b: Ho-Oh
|-damage|p1b: Ho-Oh|89/100
|move|p2b: Muk|Minimize|p2b: Muk
|-boost|p2b: Muk|evasion|2
|move|p1a: Cobalion|Coaching|p1b: Ho-Oh
|-boost|p1b: Ho-Oh|atk|1
|-boost|p1b: Ho-Oh|def|1
|cant|p1b: Ho-Oh|flinch
|
|-ability|p2b: Muk|Moody|boost
|-boost|p2b: Muk|spd|2
|-unboost|p2b: Muk|atk|1
|upkeep
|turn|3
|
|t:|1750798784
|move|p2b: Muk|Minimize|p2b: Muk
|-boost|p2b: Muk|evasion|2
|move|p1a: Cobalion|Coaching|p1b: Ho-Oh
|-boost|p1b: Ho-Oh|atk|1
|-boost|p1b: Ho-Oh|def|1
|move|p1b: Ho-Oh|Sacred Fire|p2a: Rillaboom
|-supereffective|p2a: Rillaboom
|-damage|p2a: Rillaboom|0 fnt
|faint|p2a: Rillaboom
|
|-ability|p2b: Muk|Moody|boost
|-boost|p2b: Muk|atk|2
|-unboost|p2b: Muk|spd|1
|upkeep
|
|t:|1750798786
|switch|p2a: Calyrex|Calyrex-Ice, L50|100/100
|-ability|p2a: Calyrex|As One
|-ability|p2a: Calyrex|Unnerve
|turn|4
|
|t:|1750798808
|move|p2a: Calyrex|Protect|p2a: Calyrex
|-singleturn|p2a: Calyrex|Protect
|move|p2b: Muk|Toxic|p1b: Ho-Oh
|-status|p1b: Ho-Oh|tox
|move|p1a: Cobalion|Coaching|p1b: Ho-Oh
|-boost|p1b: Ho-Oh|atk|1
|-boost|p1b: Ho-Oh|def|1
|move|p1b: Ho-Oh|Sacred Fire|p2a: Calyrex
|-activate|p2a: Calyrex|move: Protect
|
|-damage|p1b: Ho-Oh|83/100 tox|[from] psn
|-ability|p2b: Muk|Moody|boost
|-boost|p2b: Muk|atk|2
|-unboost|p2b: Muk|spd|1
|upkeep
|turn|5
|
|t:|1750798818
|-terastallize|p2a: Calyrex|Water
|move|p2b: Muk|Knock Off|p1a: Cobalion
|-resisted|p1a: Cobalion
|-damage|p1a: Cobalion|90/100
|-ability|p1a: Cobalion|Justified|boost
|-boost|p1a: Cobalion|atk|1
|move|p1a: Cobalion|Iron Defense|p1a: Cobalion
|-boost|p1a: Cobalion|def|2
|move|p1b: Ho-Oh|Sacred Fire|p2a: Calyrex
|-resisted|p2a: Calyrex
|-damage|p2a: Calyrex|60/100
|-status|p2a: Calyrex|brn
|move|p2a: Calyrex|Trick Room|p2a: Calyrex
|-fieldstart|move: Trick Room|[of] p2a: Calyrex
|
|-heal|p2a: Calyrex|66/100 brn|[from] Grassy Terrain
|-heal|p1a: Cobalion|96/100|[from] Grassy Terrain
|-damage|p1b: Ho-Oh|71/100 tox|[from] psn
|-damage|p2a: Calyrex|60/100 brn|[from] brn
|-ability|p2b: Muk|Moody|boost
|-boost|p2b: Muk|atk|2
|-unboost|p2b: Muk|def|1
|upkeep
|turn|6
|
|t:|1750798840
|move|p1a: Cobalion|Protect|p1a: Cobalion
|-singleturn|p1a: Cobalion|Protect
|move|p2a: Calyrex|High Horsepower|p1a: Cobalion
|-activate|p1a: Cobalion|move: Protect
|move|p1b: Ho-Oh|Brave Bird|p2b: Muk
|-damage|p2b: Muk|0 fnt
|faint|p2b: Muk
|-damage|p1b: Ho-Oh|43/100 tox|[from] Recoil
|
|-heal|p2a: Calyrex|66/100 brn|[from] Grassy Terrain
|-heal|p1a: Cobalion|100/100|[from] Grassy Terrain
|-damage|p1b: Ho-Oh|24/100 tox|[from] psn
|-damage|p2a: Calyrex|60/100 brn|[from] brn
|-fieldend|move: Grassy Terrain
|upkeep
|turn|7
|-message|TCM Zaukepoo forfeited.
|
|win|goluckypig
|raw|goluckypig's rating: 1231 &rarr; <strong>1253</strong><br />(+22 for winning)
|raw|TCM Zaukepoo's rating: 1192 &rarr; <strong>1170</strong><br />(-22 for losing)
|l|☆TCM Zaukepoo
|player|p2|
|l|☆goluckypig
|player|p1|
