|j|☆Moorzaube
|j|☆turok050
|t:|1750849247
|gametype|doubles
|player|p1|Moorzaube|169|1148
|player|p2|turok050|2|1245
|teamsize|p1|6
|teamsize|p2|6
|gen|9
|tier|[Gen 9] VGC 2025 Reg I
|rated|
|rule|Species Clause: Limit one of each Pokémon
|rule|Item Clause: Limit 1 of each item
|clearpoke
|poke|p1|Calyrex-Shadow, L50|
|poke|p1|Zamazenta-*, L50|
|poke|p1|Rillaboom, L50, F|
|poke|p1|Urshifu-*, L50, F|
|poke|p1|Chien-Pao, L50|
|poke|p1|Incineroar, L50, F|
|poke|p2|Koraidon, L50|
|poke|p2|Groudon, L50|
|poke|p2|Incineroar, L50, M|
|poke|p2|Milotic, L50, M|
|poke|p2|Venusaur, L50, F|
|poke|p2|Walking Wake, L50|
|teampreview|4
|inactive|Battle timer is ON: inactive players will automatically lose when time's up. (requested by turok050)
|
|t:|1750849275
|start
|switch|p1a: Calyrex|Calyrex-Shadow, L50|100/100
|switch|p1b: Rillaboom|Rillaboom, L50, F|100/100
|switch|p2a: Milotic|Milotic, L50, M|100/100
|switch|p2b: Incineroar|Incineroar, L50, M|100/100
|-ability|p1a: Calyrex|As One
|-ability|p1a: Calyrex|Unnerve
|-fieldstart|move: Grassy Terrain|[from] ability: Grassy Surge|[of] p1b: Rillaboom
|-ability|p2b: Incineroar|Intimidate|boost
|-unboost|p1a: Calyrex|atk|1
|-unboost|p1b: Rillaboom|atk|1
|turn|1
|
|t:|1750849293
|move|p1b: Rillaboom|Fake Out|p2b: Incineroar
|-damage|p2b: Incineroar|92/100
|move|p1a: Calyrex|Astral Barrage|p2b: Incineroar|[spread] p2a,p2b
|-resisted|p2b: Incineroar
|-damage|p2a: Milotic|58/100
|-damage|p2b: Incineroar|69/100
|move|p2a: Milotic|Icy Wind|p1b: Rillaboom|[spread] p1a,p1b
|-supereffective|p1b: Rillaboom
|-damage|p1a: Calyrex|89/100
|-damage|p1b: Rillaboom|86/100
|-unboost|p1a: Calyrex|spe|1
|-unboost|p1b: Rillaboom|spe|1
|cant|p2b: Incineroar|flinch
|
|-heal|p1a: Calyrex|95/100|[from] Grassy Terrain
|-heal|p2a: Milotic|63/100|[from] Grassy Terrain
|-heal|p2b: Incineroar|75/100|[from] Grassy Terrain
|-heal|p1b: Rillaboom|92/100|[from] Grassy Terrain
|upkeep
|turn|2
|
|t:|1750849309
|move|p2a: Milotic|Protect|p2a: Milotic
|-singleturn|p2a: Milotic|Protect
|move|p1a: Calyrex|Encore||[still]
|-fail|p1a: Calyrex
|move|p2b: Incineroar|Knock Off|p1a: Calyrex
|-supereffective|p1a: Calyrex
|-damage|p1a: Calyrex|0 fnt
|-enditem|p1a: Calyrex|Focus Sash|[from] move: Knock Off|[of] p2b: Incineroar
|faint|p1a: Calyrex
|move|p1b: Rillaboom|Wood Hammer|p2a: Milotic
|-activate|p2a: Milotic|move: Protect
|
|-heal|p2a: Milotic|69/100|[from] Grassy Terrain
|-heal|p2b: Incineroar|81/100|[from] Grassy Terrain
|-heal|p1b: Rillaboom|98/100|[from] Grassy Terrain
|upkeep
|j| Naktix
|
|t:|1750849323
|switch|p1a: Zamazenta|Zamazenta-Crowned, L50|100/100
|-ability|p1a: Zamazenta|Dauntless Shield|boost
|-boost|p1a: Zamazenta|def|1
|turn|3
|
|t:|1750849338
|switch|p2a: Koraidon|Koraidon, L50|100/100
|-weather|SunnyDay|[from] ability: Orichalcum Pulse|[of] p2a: Koraidon
|-activate|p2a: Koraidon|Orichalcum Pulse|[source]
|-terastallize|p2b: Incineroar|Ground
|move|p1a: Zamazenta|Body Press|p2b: Incineroar
|-damage|p2b: Incineroar|13/100
|-enditem|p2b: Incineroar|Iapapa Berry|[eat]
|-heal|p2b: Incineroar|46/100|[from] item: Iapapa Berry
|move|p2b: Incineroar|Taunt|p1a: Zamazenta
|-start|p1a: Zamazenta|move: Taunt
|move|p1b: Rillaboom|Wood Hammer|p2a: Koraidon
|-resisted|p2a: Koraidon
|-damage|p2a: Koraidon|78/100
|-damage|p1b: Rillaboom|91/100|[from] Recoil
|
|-weather|SunnyDay|[upkeep]
|-heal|p2a: Koraidon|84/100|[from] Grassy Terrain
|-heal|p2b: Incineroar|52/100|[from] Grassy Terrain
|-heal|p1b: Rillaboom|97/100|[from] Grassy Terrain
|upkeep
|turn|4
|inactive|Moorzaube has 30 seconds left.
|inactive|turok050 has 30 seconds left.
|
|t:|1750849368
|switch|p2b: Venusaur|Venusaur, L50, F, shiny|100/100
|-terastallize|p1a: Zamazenta|Dragon
|move|p1b: Rillaboom|Grassy Glide|p2b: Venusaur
|-resisted|p2b: Venusaur
|-damage|p2b: Venusaur|93/100
|move|p2a: Koraidon|Collision Course|p1a: Zamazenta
|-damage|p1a: Zamazenta|60/100
|move|p1a: Zamazenta|Body Press|p2a: Koraidon
|-damage|p2a: Koraidon|17/100
|
|-weather|SunnyDay|[upkeep]
|-heal|p2b: Venusaur|99/100|[from] Grassy Terrain
|-heal|p2b: Venusaur|100/100|[from] item: Leftovers
|-heal|p2a: Koraidon|23/100|[from] Grassy Terrain
|-heal|p1a: Zamazenta|66/100|[from] Grassy Terrain
|-heal|p1b: Rillaboom|100/100|[from] Grassy Terrain
|upkeep
|turn|5
|inactive|Moorzaube has 30 seconds left.
|
|t:|1750849398
|switch|p2a: Incineroar|Incineroar, L50, M, tera:Ground|52/100
|-ability|p2a: Incineroar|Intimidate|boost
|-unboost|p1a: Zamazenta|atk|1
|-unboost|p1b: Rillaboom|atk|1
|move|p1b: Rillaboom|Grassy Glide|p2a: Incineroar
|-supereffective|p2a: Incineroar
|-crit|p2a: Incineroar
|-damage|p2a: Incineroar|0 fnt
|faint|p2a: Incineroar
|move|p2b: Venusaur|Growth|p2b: Venusaur
|-boost|p2b: Venusaur|atk|2
|-boost|p2b: Venusaur|spa|2
|move|p1a: Zamazenta|Heavy Slam|p2b: Venusaur
|-damage|p2b: Venusaur|59/100
|
|-weather|SunnyDay|[upkeep]
|-heal|p2b: Venusaur|65/100|[from] Grassy Terrain
|-heal|p2b: Venusaur|71/100|[from] item: Leftovers
|-heal|p1a: Zamazenta|72/100|[from] Grassy Terrain
|-fieldend|move: Grassy Terrain
|upkeep
|
|t:|1750849405
|switch|p2a: Milotic|Milotic, L50, M|69/100
|turn|6
|
|t:|1750849427
|switch|p1b: Chien-Pao|Chien-Pao, L50|100/100
|-ability|p1b: Chien-Pao|Sword of Ruin
|move|p2b: Venusaur|Sludge Bomb|p1b: Chien-Pao
|-damage|p1b: Chien-Pao|0 fnt
|faint|p1b: Chien-Pao
|move|p1a: Zamazenta|Heavy Slam|p2b: Venusaur
|-damage|p2b: Venusaur|24/100
|move|p2a: Milotic|Icy Wind|p1a: Zamazenta
|-supereffective|p1a: Zamazenta
|-damage|p1a: Zamazenta|52/100
|-unboost|p1a: Zamazenta|spe|1
|
|-weather|SunnyDay|[upkeep]
|-heal|p2b: Venusaur|30/100|[from] item: Leftovers
|-end|p1a: Zamazenta|move: Taunt
|upkeep
|
|t:|1750849438
|switch|p1b: Rillaboom|Rillaboom, L50, F|100/100
|-fieldstart|move: Grassy Terrain|[from] ability: Grassy Surge|[of] p1b: Rillaboom
|turn|7
|inactive|Moorzaube has 30 seconds left.
|
|t:|1750849464
|move|p2b: Venusaur|Protect|p2b: Venusaur
|-singleturn|p2b: Venusaur|Protect
|move|p2a: Milotic|Protect|p2a: Milotic
|-singleturn|p2a: Milotic|Protect
|move|p1b: Rillaboom|Grassy Glide|p2a: Milotic
|-activate|p2a: Milotic|move: Protect
|move|p1a: Zamazenta|Heavy Slam|p2b: Venusaur
|-activate|p2b: Venusaur|move: Protect
|
|-weather|none
|-heal|p2b: Venusaur|36/100|[from] Grassy Terrain
|-heal|p2b: Venusaur|42/100|[from] item: Leftovers
|-heal|p1a: Zamazenta|58/100|[from] Grassy Terrain
|-heal|p2a: Milotic|75/100|[from] Grassy Terrain
|upkeep
|turn|8
|
|t:|1750849487
|switch|p2a: Koraidon|Koraidon, L50|23/100
|-weather|SunnyDay|[from] ability: Orichalcum Pulse|[of] p2a: Koraidon
|-activate|p2a: Koraidon|Orichalcum Pulse|[source]
|move|p2b: Venusaur|Sludge Bomb|p1b: Rillaboom
|-supereffective|p1b: Rillaboom
|-damage|p1b: Rillaboom|5/100
|move|p1b: Rillaboom|Wood Hammer|p2a: Koraidon
|-resisted|p2a: Koraidon
|-damage|p2a: Koraidon|0 fnt
|faint|p2a: Koraidon
|-damage|p1b: Rillaboom|0 fnt|[from] Recoil
|faint|p1b: Rillaboom
|move|p1a: Zamazenta|Heavy Slam|p2b: Venusaur
|-damage|p2b: Venusaur|0 fnt
|faint|p2b: Venusaur
|
|-weather|SunnyDay|[upkeep]
|-heal|p1a: Zamazenta|64/100|[from] Grassy Terrain
|upkeep
|
|t:|1750849506
|switch|p2b: Milotic|Milotic, L50, M|75/100
|turn|9
|
|t:|1750849514
|move|p1a: Zamazenta|Body Press|p2b: Milotic
|-damage|p2b: Milotic|11/100
|-enditem|p2b: Milotic|Aguav Berry|[eat]
|-heal|p2b: Milotic|44/100|[from] item: Aguav Berry
|move|p2b: Milotic|Haze|p2b: Milotic
|-clearallboost
|
|-weather|SunnyDay|[upkeep]
|-heal|p1a: Zamazenta|70/100|[from] Grassy Terrain
|-heal|p2b: Milotic|50/100|[from] Grassy Terrain
|upkeep
|turn|10
|
|t:|1750849526
|move|p1a: Zamazenta|Body Press|p2b: Milotic
|-damage|p2b: Milotic|4/100
|move|p2b: Milotic|Icy Wind|p1a: Zamazenta
|-supereffective|p1a: Zamazenta
|-crit|p1a: Zamazenta
|-damage|p1a: Zamazenta|37/100
|-unboost|p1a: Zamazenta|spe|1
|
|-weather|SunnyDay|[upkeep]
|-heal|p1a: Zamazenta|43/100|[from] Grassy Terrain
|-heal|p2b: Milotic|10/100|[from] Grassy Terrain
|upkeep
|turn|11
|
|t:|1750849536
|move|p1a: Zamazenta|Body Press|p2b: Milotic
|-damage|p2b: Milotic|0 fnt
|faint|p2b: Milotic
|
|win|Moorzaube
|raw|Moorzaube's rating: 1148 &rarr; <strong>1180</strong><br />(+32 for winning)
|raw|turok050's rating: 1245 &rarr; <strong>1213</strong><br />(-32 for losing)
|l|☆turok050
|player|p2|
|l| Naktix
|l|☆Moorzaube
|player|p1|
