|j|☆Angelo Neres
|j|☆Tepig_nNz_498
|t:|1750864657
|gametype|doubles
|player|p1|Angelo Neres|102|1470
|player|p2|Tepig_nNz_498|266|1516
|teamsize|p1|6
|teamsize|p2|6
|gen|9
|tier|[Gen 9] VGC 2025 Reg I
|rated|
|rule|Species Clause: Limit one of each Pokémon
|rule|Item Clause: Limit 1 of each item
|clearpoke
|poke|p1|Groudon, L50|
|poke|p1|Moltres-Galar, L50|
|poke|p1|Scream Tail, L50|
|poke|p1|Grimmsnarl, L50, M|
|poke|p1|Zamazenta-*, L50|
|poke|p1|Tsareena, L50, F|
|poke|p2|Ludicolo, L50, M|
|poke|p2|Kyogre, L50|
|poke|p2|Tornadus, L50, M|
|poke|p2|Primarina, L50, F|
|poke|p2|Zacian-*, L50|
|poke|p2|Urshifu-*, L50, F|
|teampreview|4
|inactive|Battle timer is ON: inactive players will automatically lose when time's up. (requested by Angelo Neres)
|
|t:|1750864683
|start
|switch|p1a: Grimmsnarl|Grimmsnarl, L50, M, shiny|100/100
|switch|p1b: Scream Tail|Scream Tail, L50, shiny|100/100
|switch|p2a: Tornadus|Tornadus, L50, M|100/100
|switch|p2b: Zacian|Zacian-Crowned, L50, shiny|100/100
|-ability|p2b: Zacian|Intrepid Sword|boost
|-boost|p2b: Zacian|atk|1
|turn|1
|inactive|Angelo Neres has 30 seconds left.
|
|t:|1750864716
|-terastallize|p2b: Zacian|Ground
|-terastallize|p1b: Scream Tail|Normal
|move|p2a: Tornadus|Taunt|p1b: Scream Tail
|-start|p1b: Scream Tail|move: Taunt
|-enditem|p1b: Scream Tail|Mental Herb
|-end|p1b: Scream Tail|move: Taunt
|move|p1a: Grimmsnarl|Parting Shot|p2b: Zacian
|-unboost|p2b: Zacian|atk|1
|-unboost|p2b: Zacian|spa|1
|
|t:|1750864727
|switch|p1a: Groudon|Groudon, L50, shiny|100/100|[from] Parting Shot
|-weather|SunnyDay|[from] ability: Drought|[of] p1a: Groudon
|-activate|p1b: Scream Tail|ability: Protosynthesis
|-start|p1b: Scream Tail|protosynthesisspe
|move|p1b: Scream Tail|Thunder Wave|p2b: Zacian
|-immune|p2b: Zacian
|move|p2b: Zacian|Play Rough|p1a: Groudon
|-damage|p1a: Groudon|68/100
|
|-weather|SunnyDay|[upkeep]
|upkeep
|turn|2
|inactive|Angelo Neres has 30 seconds left.
|inactive|Angelo Neres has 20 seconds left.
|inactive|Angelo Neres has 15 seconds left.
|inactive|Angelo Neres has 10 seconds left.
|inactive|Angelo Neres has 5 seconds left.
|
|t:|1750864781
|move|p2a: Tornadus|Rain Dance|p2a: Tornadus
|-weather|RainDance
|-end|p1b: Scream Tail|Protosynthesis
|move|p2b: Zacian|Play Rough|p1b: Scream Tail
|-damage|p1b: Scream Tail|63/100
|move|p1b: Scream Tail|Disable|p2b: Zacian
|-start|p2b: Zacian|Disable|Play Rough
|move|p1a: Groudon|Heat Crash|p2a: Tornadus
|-damage|p2a: Tornadus|64/100
|
|-weather|RainDance|[upkeep]
|upkeep
|turn|3
|
|t:|1750864802
|-end|p1b: Scream Tail|Protosynthesis|[silent]
|switch|p1b: Grimmsnarl|Grimmsnarl, L50, M, shiny|100/100
|move|p2b: Zacian|Tera Blast|p1b: Grimmsnarl|[anim] Tera Blast Ground
|-damage|p1b: Grimmsnarl|56/100
|move|p2a: Tornadus|Bleakwind Storm|p1a: Groudon|[spread] p1a,p1b
|-damage|p1a: Groudon|45/100
|-damage|p1b: Grimmsnarl|21/100
|move|p1a: Groudon|Stone Edge|p2a: Tornadus
|-supereffective|p2a: Tornadus
|-crit|p2a: Tornadus
|-damage|p2a: Tornadus|0 fnt
|faint|p2a: Tornadus
|
|-weather|RainDance|[upkeep]
|upkeep
|
|t:|1750864815
|switch|p2a: Urshifu|Urshifu-Rapid-Strike, L50, F|100/100
|turn|4
|
|t:|1750864834
|switch|p1a: Moltres|Moltres-Galar, L50, shiny|100/100
|move|p1b: Grimmsnarl|Parting Shot|p2b: Zacian
|-unboost|p2b: Zacian|atk|1
|-unboost|p2b: Zacian|spa|1
|
|t:|1750864840
|switch|p1b: Groudon|Groudon, L50, shiny|45/100|[from] Parting Shot
|-weather|SunnyDay|[from] ability: Drought|[of] p1b: Groudon
|move|p2a: Urshifu|Surging Strikes|p1a: Moltres
|-crit|p1a: Moltres
|-damage|p1a: Moltres|90/100
|-crit|p1a: Moltres
|-damage|p1a: Moltres|79/100
|-crit|p1a: Moltres
|-damage|p1a: Moltres|70/100
|-hitcount|p1a: Moltres|3
|move|p2b: Zacian|Tera Blast|p1b: Groudon|[anim] Tera Blast Ground
|-damage|p1b: Groudon|24/100
|
|-weather|SunnyDay|[upkeep]
|upkeep
|turn|5
|inactive|Angelo Neres has 30 seconds left.
|inactive|Angelo Neres has 20 seconds left.
|inactive|Angelo Neres has 15 seconds left.
|
|t:|1750864882
|switch|p2b: Kyogre|Kyogre, L50|100/100
|-weather|RainDance|[from] ability: Drizzle|[of] p2b: Kyogre
|switch|p1b: Grimmsnarl|Grimmsnarl, L50, M, shiny|21/100
|move|p2a: Urshifu|Surging Strikes|p1b: Grimmsnarl
|-crit|p1b: Grimmsnarl
|-damage|p1b: Grimmsnarl|0 fnt
|faint|p1b: Grimmsnarl
|-hitcount|p1: Grimmsnarl|1
|move|p1a: Moltres|Tailwind|p1a: Moltres
|-sidestart|p1: Angelo Neres|move: Tailwind
|
|-weather|RainDance|[upkeep]
|upkeep
|
|t:|1750864900
|switch|p1b: Groudon|Groudon, L50, shiny|24/100
|-weather|SunnyDay|[from] ability: Drought|[of] p1b: Groudon
|turn|6
|
|t:|1750864923
|switch|p2a: Zacian|Zacian-Crowned, L50, shiny, tera:Ground|100/100
|move|p1a: Moltres|Fiery Wrath|p2b: Kyogre|[spread] p2a,p2b
|-damage|p2a: Zacian|75/100
|-damage|p2b: Kyogre|75/100
|move|p1b: Groudon|Precipice Blades|p2b: Kyogre|[spread] p2a,p2b
|-damage|p2a: Zacian|27/100
|-damage|p2b: Kyogre|10/100
|move|p2b: Kyogre|Origin Pulse|p1b: Groudon|[spread] p1a
|-miss|p2b: Kyogre|p1b: Groudon
|-damage|p1a: Moltres|47/100
|-ability|p1a: Moltres|Berserk|boost
|-boost|p1a: Moltres|spa|1
|-damage|p2b: Kyogre|0 fnt|[from] item: Life Orb
|faint|p2b: Kyogre
|-enditem|p1a: Moltres|Sitrus Berry|[eat]
|-heal|p1a: Moltres|72/100|[from] item: Sitrus Berry
|
|-weather|SunnyDay|[upkeep]
|upkeep
|-message|Tepig_nNz_498 forfeited.
|
|win|Angelo Neres
|raw|Angelo Neres's rating: 1470 &rarr; <strong>1493</strong><br />(+23 for winning)
|raw|Tepig_nNz_498's rating: 1516 &rarr; <strong>1493</strong><br />(-23 for losing)
|l|☆Tepig_nNz_498
|player|p2|
|l|☆Angelo Neres
|player|p1|
