|j|☆mizu_ouro
|j|☆CaltonD
|t:|1750733303
|gametype|doubles
|player|p1|mizu_ouro|1|1452
|player|p2|CaltonD|101|1380
|teamsize|p1|6
|teamsize|p2|6
|gen|9
|tier|[Gen 9] VGC 2025 Reg I
|rated|
|rule|Species Clause: Limit one of each Pokémon
|rule|Item Clause: Limit 1 of each item
|clearpoke
|poke|p1|Calyrex-Shadow, L50|
|poke|p1|Koraidon, L50|
|poke|p1|Smeargle, L50, F|
|poke|p1|Tornadus, L50, M|
|poke|p1|Rillaboom, L50, F|
|poke|p1|Raging Bolt, L50|
|poke|p2|Fezandipiti, L50, M|
|poke|p2|Miraidon, L50|
|poke|p2|Calyrex-Ice, L50|
|poke|p2|Ursaluna-Bloodmoon, L50, M|
|poke|p2|Toxapex, L50, M|
|poke|p2|Sinistcha, L50|
|teampreview|4
|
|t:|1750733318
|start
|switch|p1a: Calyrex|Calyrex-Shadow, L50|100/100
|switch|p1b: Smeargle|Smeargle, L50, F, shiny|100/100
|switch|p2a: Ursaluna|Ursaluna-Bloodmoon, L50, M|100/100
|switch|p2b: Miraidon|Miraidon, L50|100/100
|-ability|p1a: Calyrex|As One
|-ability|p1a: Calyrex|Unnerve
|-fieldstart|move: Electric Terrain|[from] ability: Hadron Engine|[of] p2b: Miraidon
|turn|1
|inactive|Battle timer is ON: inactive players will automatically lose when time's up. (requested by CaltonD)
|
|t:|1750733339
|move|p1b: Smeargle|Fake Out|p2b: Miraidon
|-damage|p2b: Miraidon|95/100
|cant|p2b: Miraidon|flinch
|move|p1a: Calyrex|Astral Barrage|p2a: Ursaluna|[spread] p2b
|-immune|p2a: Ursaluna
|-damage|p2b: Miraidon|38/100
|-damage|p1a: Calyrex|91/100|[from] item: Life Orb
|move|p2a: Ursaluna|Blood Moon|p1a: Calyrex
|-damage|p1a: Calyrex|2/100
|
|-ability|p1b: Smeargle|Moody|boost
|-boost|p1b: Smeargle|spa|2
|-unboost|p1b: Smeargle|spd|1
|upkeep
|turn|2
|inactive|mizu_ouro has 30 seconds left.
|inactive|CaltonD has 30 seconds left.
|
|t:|1750733377
|switch|p1a: Rillaboom|Rillaboom, L50, F, shiny|100/100
|-fieldstart|move: Grassy Terrain|[from] ability: Grassy Surge|[of] p1a: Rillaboom
|move|p2a: Ursaluna|Vacuum Wave|p1a: Rillaboom
|-damage|p1a: Rillaboom|88/100
|move|p2b: Miraidon|Dazzling Gleam|p1a: Rillaboom|[spread] p1a,p1b
|-damage|p1a: Rillaboom|71/100
|-damage|p1b: Smeargle|30/100
|move|p1b: Smeargle|Spore|p2a: Ursaluna
|-status|p2a: Ursaluna|slp|[from] move: Spore
|
|-heal|p2b: Miraidon|43/100|[from] Grassy Terrain
|-heal|p1b: Smeargle|36/100|[from] Grassy Terrain
|-heal|p1a: Rillaboom|77/100|[from] Grassy Terrain
|-ability|p1b: Smeargle|Moody|boost
|-boost|p1b: Smeargle|def|2
|-unboost|p1b: Smeargle|spd|1
|upkeep
|turn|3
|inactive|CaltonD has 30 seconds left.
|inactive|CaltonD has 20 seconds left.
|inactive|CaltonD has 15 seconds left.
|
|t:|1750733418
|switch|p2b: Toxapex|Toxapex, L50, M|100/100
|cant|p2a: Ursaluna|slp
|move|p1a: Rillaboom|Fake Out|p2b: Toxapex
|-damage|p2b: Toxapex|91/100
|move|p1b: Smeargle|Spore|p2b: Toxapex
|-status|p2b: Toxapex|slp|[from] move: Spore
|
|-heal|p1b: Smeargle|42/100|[from] Grassy Terrain
|-heal|p1a: Rillaboom|83/100|[from] Grassy Terrain
|-heal|p2b: Toxapex|97/100 slp|[from] Grassy Terrain
|-ability|p1b: Smeargle|Moody|boost
|-boost|p1b: Smeargle|spe|2
|-unboost|p1b: Smeargle|def|1
|upkeep
|turn|4
|
|t:|1750733436
|cant|p2a: Ursaluna|slp
|move|p1b: Smeargle|Decorate|p1a: Rillaboom
|-boost|p1a: Rillaboom|atk|2
|-boost|p1a: Rillaboom|spa|2
|move|p1a: Rillaboom|Wood Hammer|p2a: Ursaluna
|-supereffective|p2a: Ursaluna
|-damage|p2a: Ursaluna|0 fnt
|faint|p2a: Ursaluna
|-damage|p1a: Rillaboom|45/100|[from] Recoil
|cant|p2b: Toxapex|slp
|
|-heal|p1b: Smeargle|49/100|[from] Grassy Terrain
|-heal|p1a: Rillaboom|52/100|[from] Grassy Terrain
|-heal|p2b: Toxapex|100/100 slp|[from] Grassy Terrain
|-ability|p1b: Smeargle|Moody|boost
|-boost|p1b: Smeargle|def|2
|-unboost|p1b: Smeargle|spe|1
|upkeep
|
|t:|1750733452
|switch|p2a: Miraidon|Miraidon, L50|43/100
|-fieldstart|move: Electric Terrain|[from] ability: Hadron Engine|[of] p2a: Miraidon
|turn|5
|
|t:|1750733462
|move|p1b: Smeargle|Follow Me|p1b: Smeargle
|-singleturn|p1b: Smeargle|move: Follow Me
|move|p2a: Miraidon|Dazzling Gleam|p1a: Rillaboom|[spread] p1a,p1b
|-damage|p1a: Rillaboom|31/100
|-damage|p1b: Smeargle|0 fnt
|faint|p1b: Smeargle
|move|p1a: Rillaboom|U-turn|p2a: Miraidon
|-damage|p2a: Miraidon|0 fnt
|faint|p2a: Miraidon
|
|t:|1750733472
|switch|p1a: Calyrex|Calyrex-Shadow, L50|2/100|[from] U-turn
|-ability|p1a: Calyrex|As One
|-ability|p1a: Calyrex|Unnerve
|-curestatus|p2b: Toxapex|slp|[msg]
|move|p2b: Toxapex|Toxic Spikes|p1a: Calyrex
|-sidestart|p1: mizu_ouro|move: Toxic Spikes
|
|upkeep
|
|t:|1750733482
|switch|p2a: Calyrex|Calyrex-Ice, L50|100/100
|switch|p1b: Rillaboom|Rillaboom, L50, F, shiny|31/100
|-ability|p2a: Calyrex|As One
|-ability|p2a: Calyrex|Unnerve
|-status|p1b: Rillaboom|psn
|-fieldstart|move: Grassy Terrain|[from] ability: Grassy Surge|[of] p1b: Rillaboom
|turn|6
|
|t:|1750733495
|move|p2a: Calyrex|Protect|p2a: Calyrex
|-singleturn|p2a: Calyrex|Protect
|move|p2b: Toxapex|Baneful Bunker|p2b: Toxapex
|-singleturn|p2b: Toxapex|move: Protect
|move|p1b: Rillaboom|Fake Out|p2a: Calyrex
|-activate|p2a: Calyrex|move: Protect
|move|p1a: Calyrex|Psychic|p2b: Toxapex
|-activate|p2b: Toxapex|move: Protect
|
|-heal|p1a: Calyrex|8/100|[from] Grassy Terrain
|-heal|p1b: Rillaboom|37/100 psn|[from] Grassy Terrain
|-damage|p1b: Rillaboom|24/100 psn|[from] psn
|upkeep
|turn|7
|
|t:|1750733513
|-terastallize|p2a: Calyrex|Fire
|move|p2b: Toxapex|Wide Guard|p2b: Toxapex
|-singleturn|p2b: Toxapex|Wide Guard
|move|p1a: Calyrex|Psychic|p2b: Toxapex
|-supereffective|p2b: Toxapex
|-damage|p2b: Toxapex|0 fnt
|faint|p2b: Toxapex
|-ability|p1a: Calyrex|Grim Neigh|boost
|-boost|p1a: Calyrex|spa|1
|-damage|p1a: Calyrex|0 fnt|[from] item: Life Orb
|faint|p1a: Calyrex
|move|p1b: Rillaboom|Wood Hammer|p2a: Calyrex
|-resisted|p2a: Calyrex
|-damage|p2a: Calyrex|82/100
|-damage|p1b: Rillaboom|18/100 psn|[from] Recoil
|move|p2a: Calyrex|Glacial Lance|p1b: Rillaboom
|-supereffective|p1b: Rillaboom
|-damage|p1b: Rillaboom|0 fnt
|faint|p1b: Rillaboom
|-ability|p2a: Calyrex|Chilling Neigh|boost
|-boost|p2a: Calyrex|atk|1
|
|-heal|p2a: Calyrex|87/100|[from] Grassy Terrain
|-heal|p2a: Calyrex|93/100|[from] item: Leftovers
|upkeep
|inactive|mizu_ouro has 30 seconds left.
|
|t:|1750733539
|switch|p1a: Koraidon|Koraidon, L50|100/100
|-status|p1a: Koraidon|psn
|-weather|SunnyDay|[from] ability: Orichalcum Pulse|[of] p1a: Koraidon
|-activate|p1a: Koraidon|Orichalcum Pulse|[source]
|turn|8
|
|t:|1750733547
|move|p1a: Koraidon|Collision Course|p2a: Calyrex
|-damage|p2a: Calyrex|46/100
|move|p2a: Calyrex|Leech Seed|p1a: Koraidon
|-start|p1a: Koraidon|move: Leech Seed
|
|-weather|SunnyDay|[upkeep]
|-heal|p2a: Calyrex|52/100|[from] Grassy Terrain
|-heal|p2a: Calyrex|58/100|[from] item: Leftovers
|-damage|p1a: Koraidon|88/100 psn|[from] Leech Seed|[of] p2a: Calyrex
|-heal|p2a: Calyrex|68/100|[silent]
|-damage|p1a: Koraidon|75/100 psn|[from] psn
|upkeep
|turn|9
|-message|mizu_ouro forfeited.
|
|win|CaltonD
|raw|mizu_ouro's rating: 1452 &rarr; <strong>1428</strong><br />(-24 for losing)
|raw|CaltonD's rating: 1380 &rarr; <strong>1404</strong><br />(+24 for winning)
|l|☆mizu_ouro
|player|p1|
|l|☆CaltonD
|player|p2|
