|j|☆SeanDeMol
|j|☆Megaman087
|t:|1750732697
|gametype|doubles
|player|p1|SeanDeMol|steven|1384
|player|p2|Megaman087|lucas|1349
|teamsize|p1|6
|teamsize|p2|6
|gen|9
|tier|[Gen 9] VGC 2025 Reg I
|rated|
|rule|Species Clause: Limit one of each Pokémon
|rule|Item Clause: Limit 1 of each item
|clearpoke
|poke|p1|Incineroar, L50, M|
|poke|p1|Urshifu-*, L50, F|
|poke|p1|Miraidon, L50|
|poke|p1|Calyrex-Ice, L50|
|poke|p1|Landorus, L50, M|
|poke|p1|Farigiraf, L50, M|
|poke|p2|Eternatus, L50|
|poke|p2|Grimmsnarl, L50, M|
|poke|p2|Wo-Chien, L50|
|poke|p2|Qwilfish-Hisui, L50, F|
|poke|p2|Cresselia, L50, F|
|poke|p2|Palkia-Origin, L50|
|teampreview|4
|inactive|Battle timer is ON: inactive players will automatically lose when time's up. (requested by SeanDeMol)
|inactive|SeanDeMol has 60 seconds left.
|
|t:|1750732744
|start
|switch|p1a: Calyrex|Calyrex-Ice, L50|100/100
|switch|p1b: Incineroar|Incineroar, L50, M|100/100
|switch|p2a: Grimmsnarl|Grimmsnarl, L50, M|100/100
|switch|p2b: Qwilfish|Qwilfish-Hisui, L50, F, shiny|100/100
|-ability|p1a: Calyrex|As One
|-ability|p1a: Calyrex|Unnerve
|-ability|p2b: Qwilfish|Intimidate|boost
|-unboost|p1a: Calyrex|atk|1
|-unboost|p1b: Incineroar|atk|1
|-ability|p1b: Incineroar|Intimidate|boost
|-unboost|p2a: Grimmsnarl|atk|1
|-unboost|p2b: Qwilfish|atk|1
|turn|1
|
|t:|1750732767
|move|p1b: Incineroar|Fake Out|p2a: Grimmsnarl
|-damage|p2a: Grimmsnarl|93/100
|cant|p2a: Grimmsnarl|flinch
|move|p2b: Qwilfish|Toxic Spikes|p1b: Incineroar
|-sidestart|p1: SeanDeMol|move: Toxic Spikes
|move|p1a: Calyrex|Leech Seed|p2a: Grimmsnarl
|-start|p2a: Grimmsnarl|move: Leech Seed
|
|-damage|p2a: Grimmsnarl|81/100|[from] Leech Seed|[of] p1a: Calyrex
|upkeep
|turn|2
|inactive|SeanDeMol has 30 seconds left.
|
|t:|1750732796
|move|p2a: Grimmsnarl|Reflect|p2a: Grimmsnarl
|-sidestart|p2: Megaman087|Reflect
|move|p2b: Qwilfish|Toxic Spikes|p1a: Calyrex
|-sidestart|p1: SeanDeMol|move: Toxic Spikes
|move|p1b: Incineroar|Flare Blitz|p2a: Grimmsnarl
|-damage|p2a: Grimmsnarl|61/100
|-damage|p1b: Incineroar|94/100|[from] Recoil
|move|p1a: Calyrex|Trick Room|p1a: Calyrex
|-fieldstart|move: Trick Room|[of] p1a: Calyrex
|
|-damage|p2a: Grimmsnarl|49/100|[from] Leech Seed|[of] p1a: Calyrex
|upkeep
|turn|3
|
|t:|1750732815
|move|p1a: Calyrex|Leech Seed|p2b: Qwilfish
|-start|p2b: Qwilfish|move: Leech Seed
|move|p2a: Grimmsnarl|Foul Play|p1a: Calyrex
|-supereffective|p1a: Calyrex
|-damage|p1a: Calyrex|50/100
|move|p1b: Incineroar|Knock Off|p2b: Qwilfish
|-resisted|p2b: Qwilfish
|-damage|p2b: Qwilfish|94/100
|-enditem|p2b: Qwilfish|Eviolite|[from] move: Knock Off|[of] p1b: Incineroar
|move|p2b: Qwilfish|Throat Chop|p1a: Calyrex
|-supereffective|p1a: Calyrex
|-damage|p1a: Calyrex|29/100
|-start|p1a: Calyrex|Throat Chop|[silent]
|
|-heal|p1a: Calyrex|35/100|[from] item: Leftovers
|-damage|p2a: Grimmsnarl|37/100|[from] Leech Seed|[of] p1a: Calyrex
|-heal|p1a: Calyrex|47/100|[silent]
|-damage|p2b: Qwilfish|81/100|[from] Leech Seed|[of] p1a: Calyrex
|-heal|p1a: Calyrex|57/100|[silent]
|upkeep
|turn|4
|inactive|SeanDeMol has 30 seconds left.
|
|t:|1750732841
|switch|p2b: Eternatus|Eternatus, L50|100/100
|-ability|p2b: Eternatus|Pressure
|move|p1a: Calyrex|Protect|p1a: Calyrex
|-singleturn|p1a: Calyrex|Protect
|move|p2a: Grimmsnarl|Foul Play|p1a: Calyrex
|-activate|p1a: Calyrex|move: Protect
|move|p1b: Incineroar|Knock Off|p2a: Grimmsnarl
|-resisted|p2a: Grimmsnarl
|-damage|p2a: Grimmsnarl|33/100
|-enditem|p2a: Grimmsnarl|Light Clay|[from] move: Knock Off|[of] p1b: Incineroar
|
|-heal|p1a: Calyrex|63/100|[from] item: Leftovers
|-damage|p2a: Grimmsnarl|21/100|[from] Leech Seed|[of] p1a: Calyrex
|-heal|p1a: Calyrex|75/100|[silent]
|-end|p1a: Calyrex|Throat Chop|[silent]
|upkeep
|turn|5
|
|t:|1750732860
|switch|p2a: Qwilfish|Qwilfish-Hisui, L50, F, shiny|81/100
|-ability|p2a: Qwilfish|Intimidate|boost
|-unboost|p1a: Calyrex|atk|1
|-unboost|p1b: Incineroar|atk|1
|move|p1a: Calyrex|Glacial Lance|p2b: Eternatus|[spread] p2a,p2b
|-supereffective|p2b: Eternatus
|-damage|p2a: Qwilfish|61/100
|-damage|p2b: Eternatus|72/100
|move|p1b: Incineroar|Knock Off|p2b: Eternatus
|-damage|p2b: Eternatus|62/100
|-enditem|p2b: Eternatus|Covert Cloak|[from] move: Knock Off|[of] p1b: Incineroar
|move|p2b: Eternatus|Cosmic Power|p2b: Eternatus
|-boost|p2b: Eternatus|def|1
|-boost|p2b: Eternatus|spd|1
|
|-heal|p1a: Calyrex|81/100|[from] item: Leftovers
|upkeep
|turn|6
|inactive|SeanDeMol has 30 seconds left.
|
|t:|1750732886
|switch|p2a: Grimmsnarl|Grimmsnarl, L50, M|21/100
|move|p1a: Calyrex|Leech Seed|p2b: Eternatus
|-start|p2b: Eternatus|move: Leech Seed
|move|p1b: Incineroar|Flare Blitz|p2a: Grimmsnarl
|-crit|p2a: Grimmsnarl
|-damage|p2a: Grimmsnarl|0 fnt
|faint|p2a: Grimmsnarl
|-damage|p1b: Incineroar|87/100|[from] Recoil
|move|p2b: Eternatus|Cosmic Power|p2b: Eternatus
|-boost|p2b: Eternatus|def|1
|-boost|p2b: Eternatus|spd|1
|
|-heal|p1a: Calyrex|86/100|[from] item: Leftovers
|-damage|p2b: Eternatus|49/100|[from] Leech Seed|[of] p1a: Calyrex
|-heal|p1a: Calyrex|100/100|[silent]
|-fieldend|move: Trick Room
|upkeep
|
|t:|1750732904
|switch|p2a: Qwilfish|Qwilfish-Hisui, L50, F, shiny|61/100
|-ability|p2a: Qwilfish|Intimidate|boost
|-unboost|p1a: Calyrex|atk|1
|-unboost|p1b: Incineroar|atk|1
|turn|7
|
|t:|1750732915
|switch|p2a: Palkia|Palkia-Origin, L50|100/100
|-ability|p2a: Palkia|Pressure
|move|p1a: Calyrex|Protect|p1a: Calyrex
|-singleturn|p1a: Calyrex|Protect
|move|p2b: Eternatus|Recover|p2b: Eternatus
|-heal|p2b: Eternatus|99/100
|move|p1b: Incineroar|Flare Blitz|p2a: Palkia
|-resisted|p2a: Palkia
|-damage|p2a: Palkia|98/100
|-damage|p1b: Incineroar|86/100|[from] Recoil
|
|-damage|p2b: Eternatus|87/100|[from] Leech Seed|[of] p1a: Calyrex
|upkeep
|turn|8
|
|t:|1750732934
|switch|p2a: Qwilfish|Qwilfish-Hisui, L50, F, shiny|61/100
|-ability|p2a: Qwilfish|Intimidate|boost
|-unboost|p1a: Calyrex|atk|1
|-unboost|p1b: Incineroar|atk|1
|move|p2b: Eternatus|Cosmic Power|p2b: Eternatus
|-boost|p2b: Eternatus|def|1
|-boost|p2b: Eternatus|spd|1
|move|p1b: Incineroar|Knock Off|p2a: Qwilfish
|-resisted|p2a: Qwilfish
|-damage|p2a: Qwilfish|57/100
|move|p1a: Calyrex|Leech Seed|p2a: Qwilfish
|-start|p2a: Qwilfish|move: Leech Seed
|
|-damage|p2b: Eternatus|74/100|[from] Leech Seed|[of] p1a: Calyrex
|-damage|p2a: Qwilfish|45/100|[from] Leech Seed|[of] p1a: Calyrex
|upkeep
|turn|9
|inactive|SeanDeMol has 30 seconds left.
|
|t:|1750732962
|switch|p2a: Palkia|Palkia-Origin, L50|98/100
|-ability|p2a: Palkia|Pressure
|move|p2b: Eternatus|Cosmic Power|p2b: Eternatus
|-boost|p2b: Eternatus|def|1
|-boost|p2b: Eternatus|spd|1
|move|p1b: Incineroar|Knock Off|p2a: Palkia
|-damage|p2a: Palkia|93/100
|move|p1a: Calyrex|Trick Room|p1a: Calyrex
|-fieldstart|move: Trick Room|[of] p1a: Calyrex
|
|-damage|p2b: Eternatus|62/100|[from] Leech Seed|[of] p1a: Calyrex
|-sideend|p2: Megaman087|Reflect
|upkeep
|turn|10
|inactive|SeanDeMol has 30 seconds left.
|
|t:|1750732991
|move|p1a: Calyrex|Leech Seed|p2a: Palkia|[miss]
|-miss|p1a: Calyrex|p2a: Palkia
|move|p1b: Incineroar|Knock Off|p2a: Palkia
|-damage|p2a: Palkia|85/100
|move|p2a: Palkia|Spacial Rend|p1a: Calyrex
|-damage|p1a: Calyrex|66/100
|move|p2b: Eternatus|Fire Spin|p1a: Calyrex
|-supereffective|p1a: Calyrex
|-damage|p1a: Calyrex|51/100
|-activate|p1a: Calyrex|move: Fire Spin|[of] p2b: Eternatus
|
|-heal|p1a: Calyrex|57/100|[from] item: Leftovers
|-damage|p2b: Eternatus|49/100|[from] Leech Seed|[of] p1a: Calyrex
|-heal|p1a: Calyrex|72/100|[silent]
|-damage|p1a: Calyrex|59/100|[from] move: Fire Spin|[partiallytrapped]
|upkeep
|turn|11
|
|t:|1750733015
|move|p1a: Calyrex|Leech Seed|p2a: Palkia
|-start|p2a: Palkia|move: Leech Seed
|move|p1b: Incineroar|Knock Off|p2b: Eternatus
|-damage|p2b: Eternatus|47/100
|move|p2a: Palkia|Spacial Rend|p1a: Calyrex
|-damage|p1a: Calyrex|24/100
|move|p2b: Eternatus|Recover|p2b: Eternatus
|-heal|p2b: Eternatus|97/100
|
|-heal|p1a: Calyrex|30/100|[from] item: Leftovers
|-damage|p2a: Palkia|73/100|[from] Leech Seed|[of] p1a: Calyrex
|-heal|p1a: Calyrex|42/100|[silent]
|-damage|p2b: Eternatus|84/100|[from] Leech Seed|[of] p1a: Calyrex
|-heal|p1a: Calyrex|56/100|[silent]
|-damage|p1a: Calyrex|44/100|[from] move: Fire Spin|[partiallytrapped]
|upkeep
|turn|12
|
|t:|1750733036
|switch|p2a: Qwilfish|Qwilfish-Hisui, L50, F, shiny|45/100
|-ability|p2a: Qwilfish|Intimidate|boost
|-unboost|p1a: Calyrex|atk|1
|-unboost|p1b: Incineroar|atk|1
|move|p1a: Calyrex|Protect|p1a: Calyrex
|-singleturn|p1a: Calyrex|Protect
|move|p1b: Incineroar|Flare Blitz|p2a: Qwilfish
|-damage|p2a: Qwilfish|30/100
|-damage|p1b: Incineroar|82/100|[from] Recoil
|move|p2b: Eternatus|Fire Spin|p1a: Calyrex
|-activate|p1a: Calyrex|move: Protect
|
|-heal|p1a: Calyrex|50/100|[from] item: Leftovers
|-damage|p2b: Eternatus|72/100|[from] Leech Seed|[of] p1a: Calyrex
|-heal|p1a: Calyrex|64/100|[silent]
|-damage|p1a: Calyrex|52/100|[from] move: Fire Spin|[partiallytrapped]
|upkeep
|turn|13
|
|t:|1750733059
|switch|p2a: Palkia|Palkia-Origin, L50|73/100
|-ability|p2a: Palkia|Pressure
|-terastallize|p1a: Calyrex|Water
|move|p1a: Calyrex|Leech Seed|p2a: Palkia
|-start|p2a: Palkia|move: Leech Seed
|move|p1b: Incineroar|Flare Blitz|p2a: Palkia
|-resisted|p2a: Palkia
|-damage|p2a: Palkia|71/100
|-status|p2a: Palkia|brn
|-damage|p1b: Incineroar|81/100|[from] Recoil
|move|p2b: Eternatus|Recover|p2b: Eternatus
|-heal|p2b: Eternatus|100/100
|
|-heal|p1a: Calyrex|58/100|[from] item: Leftovers
|-damage|p2a: Palkia|58/100 brn|[from] Leech Seed|[of] p1a: Calyrex
|-heal|p1a: Calyrex|70/100|[silent]
|-damage|p2b: Eternatus|88/100|[from] Leech Seed|[of] p1a: Calyrex
|-heal|p1a: Calyrex|84/100|[silent]
|-damage|p2a: Palkia|52/100 brn|[from] brn
|-damage|p1a: Calyrex|72/100|[from] move: Fire Spin|[partiallytrapped]
|-fieldend|move: Trick Room
|upkeep
|turn|14
|inactive|SeanDeMol has 30 seconds left.
|
|t:|1750733086
|switch|p2a: Qwilfish|Qwilfish-Hisui, L50, F, shiny|30/100
|-ability|p2a: Qwilfish|Intimidate|boost
|-unboost|p1a: Calyrex|atk|1
|-unboost|p1b: Incineroar|atk|1
|move|p2b: Eternatus|Fire Spin|p1b: Incineroar
|-resisted|p1b: Incineroar
|-crit|p1b: Incineroar
|-damage|p1b: Incineroar|75/100
|-activate|p1b: Incineroar|move: Fire Spin|[of] p2b: Eternatus
|move|p1b: Incineroar|Flare Blitz|p2a: Qwilfish
|-damage|p2a: Qwilfish|15/100
|-damage|p1b: Incineroar|71/100|[from] Recoil
|move|p1a: Calyrex|Leech Seed|p2a: Qwilfish
|-start|p2a: Qwilfish|move: Leech Seed
|
|-heal|p1a: Calyrex|78/100|[from] item: Leftovers
|-damage|p2b: Eternatus|75/100|[from] Leech Seed|[of] p1a: Calyrex
|-heal|p1a: Calyrex|92/100|[silent]
|-damage|p2a: Qwilfish|3/100|[from] Leech Seed|[of] p1a: Calyrex
|-heal|p1a: Calyrex|100/100|[silent]
|-damage|p1b: Incineroar|59/100|[from] move: Fire Spin|[partiallytrapped]
|-damage|p1a: Calyrex|88/100|[from] move: Fire Spin|[partiallytrapped]
|upkeep
|turn|15
|inactive|SeanDeMol has 30 seconds left.
|inactive|Megaman087 has 30 seconds left.
|inactive|SeanDeMol has 20 seconds left.
|
|t:|1750733121
|switch|p2a: Palkia|Palkia-Origin, L50|52/100 brn
|-ability|p2a: Palkia|Pressure
|move|p2b: Eternatus|Protect|p2b: Eternatus
|-singleturn|p2b: Eternatus|Protect
|move|p1b: Incineroar|Flare Blitz|p2a: Palkia
|-resisted|p2a: Palkia
|-damage|p2a: Palkia|50/100 brn
|-damage|p1b: Incineroar|58/100|[from] Recoil
|move|p1a: Calyrex|Leech Seed|p2a: Palkia
|-start|p2a: Palkia|move: Leech Seed
|
|-heal|p1a: Calyrex|94/100|[from] item: Leftovers
|-damage|p2b: Eternatus|63/100|[from] Leech Seed|[of] p1a: Calyrex
|-heal|p1a: Calyrex|100/100|[silent]
|-damage|p2a: Palkia|38/100 brn|[from] Leech Seed|[of] p1a: Calyrex
|-damage|p2a: Palkia|32/100 brn|[from] brn
|-damage|p1b: Incineroar|46/100|[from] move: Fire Spin|[partiallytrapped]
|-end|p1a: Calyrex|Fire Spin|[partiallytrapped]
|upkeep
|turn|16
|
|t:|1750733144
|move|p2a: Palkia|Protect|p2a: Palkia
|-singleturn|p2a: Palkia|Protect
|move|p1a: Calyrex|Protect|p1a: Calyrex
|-singleturn|p1a: Calyrex|Protect
|move|p2b: Eternatus|Recover|p2b: Eternatus
|-heal|p2b: Eternatus|100/100
|move|p1b: Incineroar|Flare Blitz|p2a: Palkia
|-activate|p2a: Palkia|move: Protect
|
|-damage|p2b: Eternatus|88/100|[from] Leech Seed|[of] p1a: Calyrex
|-damage|p2a: Palkia|20/100 brn|[from] Leech Seed|[of] p1a: Calyrex
|-damage|p2a: Palkia|14/100 brn|[from] brn
|-damage|p1b: Incineroar|33/100|[from] move: Fire Spin|[partiallytrapped]
|upkeep
|turn|17
|
|t:|1750733162
|switch|p2a: Qwilfish|Qwilfish-Hisui, L50, F, shiny|3/100
|-ability|p2a: Qwilfish|Intimidate|boost
|-unboost|p1a: Calyrex|atk|0
|-unboost|p1b: Incineroar|atk|0
|move|p2b: Eternatus|Fire Spin|p1a: Calyrex|[miss]
|-miss|p2b: Eternatus|p1a: Calyrex
|move|p1b: Incineroar|Flare Blitz|p2a: Qwilfish
|-damage|p2a: Qwilfish|0 fnt
|faint|p2a: Qwilfish
|-damage|p1b: Incineroar|33/100|[from] Recoil
|move|p1a: Calyrex|Leech Seed|p2b: Eternatus|[miss]
|-miss|p1a: Calyrex|p2b: Eternatus
|
|-damage|p2b: Eternatus|75/100|[from] Leech Seed|[of] p1a: Calyrex
|-damage|p1b: Incineroar|20/100|[from] move: Fire Spin|[partiallytrapped]
|upkeep
|
|t:|1750733173
|switch|p2a: Palkia|Palkia-Origin, L50|14/100 brn
|-ability|p2a: Palkia|Pressure
|turn|18
|
|t:|1750733186
|move|p1a: Calyrex|Protect|p1a: Calyrex
|-singleturn|p1a: Calyrex|Protect
|move|p2b: Eternatus|Fire Spin|p1a: Calyrex
|-activate|p1a: Calyrex|move: Protect
|move|p2a: Palkia|Psych Up|p2b: Eternatus
|-copyboost|p2a: Palkia|p2b: Eternatus|[from] move: Psych Up
|move|p1b: Incineroar|Flare Blitz|p2a: Palkia
|-resisted|p2a: Palkia
|-damage|p2a: Palkia|13/100 brn
|-damage|p1b: Incineroar|20/100|[from] Recoil
|
|-damage|p2b: Eternatus|63/100|[from] Leech Seed|[of] p1a: Calyrex
|-damage|p2a: Palkia|7/100 brn|[from] brn
|-end|p1b: Incineroar|Fire Spin|[partiallytrapped]
|upkeep
|turn|19
|
|t:|1750733209
|move|p1a: Calyrex|Protect||[still]
|-fail|p1a: Calyrex
|move|p2b: Eternatus|Fire Spin|p1a: Calyrex
|-resisted|p1a: Calyrex
|-damage|p1a: Calyrex|97/100
|-activate|p1a: Calyrex|move: Fire Spin|[of] p2b: Eternatus
|move|p2a: Palkia|Spacial Rend|p1a: Calyrex
|-damage|p1a: Calyrex|58/100
|move|p1b: Incineroar|Flare Blitz|p2a: Palkia
|-resisted|p2a: Palkia
|-damage|p2a: Palkia|7/100 brn
|-damage|p1b: Incineroar|19/100|[from] Recoil
|
|-heal|p1a: Calyrex|63/100|[from] item: Leftovers
|-damage|p2b: Eternatus|50/100|[from] Leech Seed|[of] p1a: Calyrex
|-heal|p1a: Calyrex|78/100|[silent]
|-damage|p2a: Palkia|0 fnt|[from] brn
|faint|p2a: Palkia
|-damage|p1a: Calyrex|66/100|[from] move: Fire Spin|[partiallytrapped]
|upkeep
|turn|20
|inactive|SeanDeMol has 30 seconds left.
|inactive|SeanDeMol has 20 seconds left.
|inactive|SeanDeMol has 15 seconds left.
|
|t:|1750733236
|switch|p1b: Miraidon|Miraidon, L50|100/100
|-status|p1b: Miraidon|tox
|-fieldstart|move: Electric Terrain|[from] ability: Hadron Engine|[of] p1b: Miraidon
|move|p1a: Calyrex|Protect|p1a: Calyrex
|-singleturn|p1a: Calyrex|Protect
|move|p2b: Eternatus|Recover|p2b: Eternatus
|-heal|p2b: Eternatus|100/100
|
|-heal|p1a: Calyrex|72/100|[from] item: Leftovers
|-damage|p2b: Eternatus|88/100|[from] Leech Seed|[of] p1a: Calyrex
|-heal|p1a: Calyrex|86/100|[silent]
|-damage|p1b: Miraidon|95/100 tox|[from] psn
|-damage|p1a: Calyrex|74/100|[from] move: Fire Spin|[partiallytrapped]
|upkeep
|turn|21
|inactive|SeanDeMol has 15 seconds left this turn.
|inactive|SeanDeMol has 10 seconds left.
|inactive|SeanDeMol has 5 seconds left.
|-message|SeanDeMol lost due to inactivity.
|
|win|Megaman087
|raw|SeanDeMol's rating: 1384 &rarr; <strong>1362</strong><br />(-22 for losing)
|raw|Megaman087's rating: 1349 &rarr; <strong>1371</strong><br />(+22 for winning)
|l|☆Megaman087
|player|p2|
|l|☆SeanDeMol
|player|p1|
|j|☆SeanDeMol
|player|p1|SeanDeMol|steven|
|l|☆SeanDeMol
|player|p1|
