|j|☆kirbyhat5
|j|☆Yjrkdke
|t:|1750799793
|gametype|doubles
|player|p1|kirbyhat5|266|1070
|player|p2|Yjrkdke|gambler|1083
|teamsize|p1|6
|teamsize|p2|6
|gen|9
|tier|[Gen 9] VGC 2025 Reg I
|rated|
|rule|Species Clause: Limit one of each Pokémon
|rule|Item Clause: Limit 1 of each item
|clearpoke
|poke|p1|Rayquaza, L50|
|poke|p1|Zacian-*, L50|
|poke|p1|Chien-Pao, L50|
|poke|p1|Suicune, L50|
|poke|p1|Rillaboom, L50, F|
|poke|p1|Iron Valiant, L50|
|poke|p2|Pikachu, L50, M|
|poke|p2|Cramorant, L50, M|
|poke|p2|Tatsugiri-Droopy, L50, M|
|poke|p2|Overqwil, L50, F|
|poke|p2|Hitmontop, L50, M|
|poke|p2|Amoonguss, L50, M|
|teampreview|4
kirbyhat5 has agreed to open team sheets.
|inactive|Battle timer is ON: inactive players will automatically lose when time's up. (requested by Yjrkdke)
Yjrkdke has agreed to open team sheets.
|showteam|p1|Rayquaza||ClearAmulet|AirLock|ExtremeSpeed,DragonAscent,SwordsDance,Protect||||||50|,,,,,Normal]Zacian-Crowned||RustedSword|IntrepidSword|SacredSword,behemothblade,Protect,PlayRough||||||50|,,,,,Fairy]Chien-Pao||FocusSash|SwordofRuin|SacredSword,Crunch,Protect,IceSpinner||||||50|,,,,,Dark]Suicune||SitrusBerry|InnerFocus|Scald,Tailwind,IceBeam,Snarl||||||50|,,,,,Grass]Rillaboom||AssaultVest|GrassySurge|FakeOut,GrassyGlide,KnockOff,HighHorsepower|||F|||50|,,,,,Fire]Iron Valiant||BoosterEnergy|QuarkDrive|IcyWind,WideGuard,Taunt,Moonblast||||||50|,,,,,Grass
|showteam|p2|Pikachu||LightBall|LightningRod|FakeOut,Thunderbolt,UpperHand,QuickAttack|||M|||50|,,,,,Flying]Cramorant||FocusSash|GulpMissile|Surf,Tailwind,AirSlash,Endure|||M|||50|,,,,,Ghost]Tatsugiri-Droopy||WhiteHerb|StormDrain|MuddyWater,IcyWind,DracoMeteor,Endure|||M|||50|,,,,,Steel]Overqwil||ClearAmulet|Intimidate|PoisonJab,Crunch,Minimize,FellStinger|||F|||50|,,,,,Bug]Hitmontop||CovertCloak|Intimidate|FakeOut,CloseCombat,BulletPunch,WideGuard|||M|||50|,,,,,Dark]Amoonguss||RockyHelmet|Regenerator|Spore,RagePowder,PollenPuff,ClearSmog|||M|||50|,,,,,Dark
|inactive|kirbyhat5 has 60 seconds left.
|inactive|kirbyhat5 has 30 seconds left.
|inactive|kirbyhat5 has 20 seconds left.
|inactive|kirbyhat5 has 15 seconds left.
|inactive|kirbyhat5 has 10 seconds left.
|inactive|kirbyhat5 has 5 seconds left.
|
|t:|1750799902
|start
|switch|p1a: Rayquaza|Rayquaza, L50|100/100
|switch|p1b: Zacian|Zacian-Crowned, L50|100/100
|switch|p2a: Mrs. Puff|Overqwil, L50, F, shiny|100/100
|switch|p2b: Beyblade|Hitmontop, L50, M|100/100
|-ability|p1b: Zacian|Intrepid Sword|boost
|-boost|p1b: Zacian|atk|1
|-ability|p1a: Rayquaza|Air Lock
|-ability|p2b: Beyblade|Intimidate|boost
|-fail|p1a: Rayquaza|unboost|[from] item: Clear Amulet|[of] p1a: Rayquaza
|-unboost|p1b: Zacian|atk|1
|-ability|p2a: Mrs. Puff|Intimidate|boost
|-fail|p1a: Rayquaza|unboost|[from] item: Clear Amulet|[of] p1a: Rayquaza
|-unboost|p1b: Zacian|atk|1
|turn|1
|
|t:|1750799916
|move|p2b: Beyblade|Fake Out|p1a: Rayquaza
|-crit|p1a: Rayquaza
|-damage|p1a: Rayquaza|83/100
|move|p1b: Zacian|Behemoth Blade|p2a: Mrs. Puff
|-damage|p2a: Mrs. Puff|59/100
|cant|p1a: Rayquaza|flinch
|move|p2a: Mrs. Puff|Minimize|p2a: Mrs. Puff
|-boost|p2a: Mrs. Puff|evasion|2
|
|upkeep
|turn|2
|inactive|Yjrkdke has 30 seconds left.
|
|t:|1750799946
|move|p1b: Zacian|Sacred Sword|p2a: Mrs. Puff
|-damage|p2a: Mrs. Puff|35/100
|move|p1a: Rayquaza|Swords Dance|p1a: Rayquaza
|-boost|p1a: Rayquaza|atk|2
|move|p2b: Beyblade|Close Combat|p1b: Zacian
|-damage|p1b: Zacian|46/100
|-unboost|p2b: Beyblade|def|1
|-unboost|p2b: Beyblade|spd|1
|move|p2a: Mrs. Puff|Minimize|p2a: Mrs. Puff
|-boost|p2a: Mrs. Puff|evasion|2
|
|upkeep
|turn|3
|
|t:|1750799969
|switch|p2b: Shrooms|Amoonguss, L50, M|100/100
|move|p1a: Rayquaza|Extreme Speed|p2a: Mrs. Puff
|-damage|p2a: Mrs. Puff|0 fnt
|faint|p2a: Mrs. Puff
|move|p1b: Zacian|Play Rough|p2b: Shrooms
|-resisted|p2b: Shrooms
|-damage|p2b: Shrooms|87/100
|-damage|p1b: Zacian|30/100|[from] item: Rocky Helmet|[of] p2b: Shrooms
|
|upkeep
|
|t:|1750799979
|switch|p2a: Ratatouille|Pikachu, L50, M, shiny|100/100
|turn|4
|
|t:|1750800004
|switch|p1b: Chien-Pao|Chien-Pao, L50|100/100
|-ability|p1b: Chien-Pao|Sword of Ruin
|move|p2a: Ratatouille|Fake Out|p1a: Rayquaza
|-damage|p1a: Rayquaza|68/100
|cant|p1a: Rayquaza|flinch
|move|p2b: Shrooms|Spore|p1a: Rayquaza
|-status|p1a: Rayquaza|slp|[from] move: Spore
|
|upkeep
|turn|5
|
|t:|1750800024
|-terastallize|p2b: Shrooms|Dark
|cant|p1a: Rayquaza|slp
|move|p2b: Shrooms|Rage Powder|p2b: Shrooms
|-singleturn|p2b: Shrooms|move: Rage Powder
|move|p1b: Chien-Pao|Ice Spinner|p2b: Shrooms
|-damage|p2b: Shrooms|46/100
|-damage|p1b: Chien-Pao|84/100|[from] item: Rocky Helmet|[of] p2b: Shrooms
|move|p2a: Ratatouille|Thunderbolt|p1a: Rayquaza
|-damage|p1a: Rayquaza|12/100 slp
|
|upkeep
|turn|6
|inactive|kirbyhat5 has 30 seconds left.
|inactive|kirbyhat5 has 20 seconds left.
|inactive|Yjrkdke has 30 seconds left.
|inactive|kirbyhat5 has 15 seconds left.
|inactive|kirbyhat5 has 10 seconds left.
|inactive|kirbyhat5 has 5 seconds left.
|
|t:|1750800079
|switch|p2b: Beyblade|Hitmontop, L50, M|100/100
|-ability|p2b: Beyblade|Intimidate|boost
|-fail|p1a: Rayquaza|unboost|[from] item: Clear Amulet|[of] p1a: Rayquaza
|-unboost|p1b: Chien-Pao|atk|1
|cant|p1a: Rayquaza|slp
|move|p1b: Chien-Pao|Sacred Sword|p2b: Beyblade
|-damage|p2b: Beyblade|64/100
|move|p2a: Ratatouille|Thunderbolt|p1a: Rayquaza
|-damage|p1a: Rayquaza|0 fnt
|faint|p1a: Rayquaza
|
|upkeep
|
|t:|1750800083
|switch|p1a: Zacian|Zacian-Crowned, L50|30/100
|turn|7
|
|t:|1750800097
|move|p1a: Zacian|Protect|p1a: Zacian
|-singleturn|p1a: Zacian|Protect
|move|p2b: Beyblade|Fake Out|p1a: Zacian
|-activate|p1a: Zacian|move: Protect
|move|p1b: Chien-Pao|Sacred Sword|p2a: Ratatouille
|-damage|p2a: Ratatouille|4/100
|move|p2a: Ratatouille|Thunderbolt|p1a: Zacian
|-activate|p1a: Zacian|move: Protect
|
|upkeep
|turn|8
|
|t:|1750800109
|switch|p2a: Shrooms|Amoonguss, L50, M, tera:Dark|79/100
|move|p1a: Zacian|Play Rough|p2b: Beyblade
|-supereffective|p2b: Beyblade
|-crit|p2b: Beyblade
|-damage|p2b: Beyblade|0 fnt
|faint|p2b: Beyblade
|move|p1b: Chien-Pao|Sacred Sword|p2a: Shrooms
|-supereffective|p2a: Shrooms
|-damage|p2a: Shrooms|33/100
|-damage|p1b: Chien-Pao|68/100|[from] item: Rocky Helmet|[of] p2a: Shrooms
|
|upkeep
|
|t:|1750800119
|switch|p2b: Ratatouille|Pikachu, L50, M, shiny|4/100
|turn|9
|
|t:|1750800130
|move|p1a: Zacian|Protect|p1a: Zacian
|-singleturn|p1a: Zacian|Protect
|move|p1b: Chien-Pao|Protect|p1b: Chien-Pao
|-singleturn|p1b: Chien-Pao|Protect
|move|p2a: Shrooms|Rage Powder|p2a: Shrooms
|-singleturn|p2a: Shrooms|move: Rage Powder
|move|p2b: Ratatouille|Thunderbolt|p1a: Zacian
|-activate|p1a: Zacian|move: Protect
|
|upkeep
|turn|10
|-message|Yjrkdke forfeited.
|
|win|kirbyhat5
|raw|kirbyhat5's rating: 1070 &rarr; <strong>1103</strong><br />(+33 for winning)
|raw|Yjrkdke's rating: 1109 &rarr; <strong>1081</strong><br />(-28 for losing)
|l|☆Yjrkdke
|player|p2|
|l|☆kirbyhat5
|player|p1|
