|j|☆paradize91
|j|☆Gibsteroni
|t:|1750799968
|gametype|doubles
|player|p1|paradize91|hilbert-wonderlauncher|1368
|player|p2|Gibsteroni|170|1385
|teamsize|p1|6
|teamsize|p2|6
|gen|9
|tier|[Gen 9] VGC 2025 Reg I
|rated|
|rule|Species Clause: Limit one of each Pokémon
|rule|Item Clause: Limit 1 of each item
|clearpoke
|poke|p1|Koraidon, L50|
|poke|p1|Lunala, L50|
|poke|p1|Chi-Yu, L50|
|poke|p1|Ursaluna, L50, F|
|poke|p1|Brute Bonnet, L50|
|poke|p1|Flutter Mane, L50|
|poke|p2|Giratina-Origin, L50|
|poke|p2|Amoonguss, L50, M|
|poke|p2|Terapagos, L50, M|
|poke|p2|Incineroar, L50, F|
|poke|p2|Arcanine, L50, M|
|poke|p2|Chien-Pao, L50|
|teampreview|4
|inactive|Battle timer is ON: inactive players will automatically lose when time's up. (requested by paradize91)
paradize91 rejected open team sheets.
|inactive|Gibsteroni has 60 seconds left.
|
|t:|1750800015
|start
|switch|p1a: Lunala|Lunala, L50, shiny|100/100
|switch|p1b: Brute Bonnet|Brute Bonnet, L50|100/100
|switch|p2a: Arcanine|Arcanine, L50, M|100/100
|switch|p2b: Chien-Pao|Chien-Pao, L50|100/100
|-ability|p2b: Chien-Pao|Sword of Ruin
|-ability|p2a: Arcanine|Intimidate|boost
|-unboost|p1a: Lunala|atk|1
|-unboost|p1b: Brute Bonnet|atk|1
|turn|1
|inactive|paradize91 has 30 seconds left.
|inactive|Gibsteroni has 30 seconds left.
|
|t:|1750800046
|-terastallize|p1a: Lunala|Fairy
|move|p2b: Chien-Pao|Protect|p2b: Chien-Pao
|-singleturn|p2b: Chien-Pao|Protect
|move|p1b: Brute Bonnet|Rage Powder|p1b: Brute Bonnet
|-singleturn|p1b: Brute Bonnet|move: Rage Powder
|move|p2a: Arcanine|Howl|p2a: Arcanine|[spread] p2a,p2b
|-boost|p2a: Arcanine|atk|1
|-boost|p2b: Chien-Pao|atk|1
|move|p1a: Lunala|Trick Room|p1a: Lunala
|-fieldstart|move: Trick Room|[of] p1a: Lunala
|
|upkeep
|turn|2
|inactive|paradize91 has 30 seconds left.
|inactive|Gibsteroni has 30 seconds left.
|inactive|Gibsteroni has 20 seconds left.
|inactive|Gibsteroni has 15 seconds left.
|
|t:|1750800087
|switch|p2b: Incineroar|Incineroar, L50, F|100/100
|-ability|p2b: Incineroar|Intimidate|boost
|-unboost|p1a: Lunala|atk|1
|-unboost|p1b: Brute Bonnet|atk|1
|move|p1b: Brute Bonnet|Spore|p2b: Incineroar
|-status|p2b: Incineroar|slp|[from] move: Spore
|move|p2a: Arcanine|Flare Blitz|p1b: Brute Bonnet
|-supereffective|p1b: Brute Bonnet
|-damage|p1b: Brute Bonnet|0 fnt
|faint|p1b: Brute Bonnet
|-end|p1b: Brute Bonnet|Protosynthesis|[silent]
|-damage|p2a: Arcanine|64/100|[from] Recoil
|move|p1a: Lunala|Meteor Beam||[still]
|-prepare|p1a: Lunala|Meteor Beam
|-boost|p1a: Lunala|spa|1
|-enditem|p1a: Lunala|Power Herb
|-anim|p1a: Lunala|Meteor Beam|p2a: Arcanine
|-supereffective|p2a: Arcanine
|-damage|p2a: Arcanine|0 fnt
|faint|p2a: Arcanine
|
|upkeep
|
|t:|1750800107
|switch|p1b: Ursaluna|Ursaluna, L50, F|100/100
|switch|p2a: Terapagos|Terapagos, L50, M|100/100
|-activate|p2a: Terapagos|ability: Tera Shift
|detailschange|p2a: Terapagos|Terapagos-Terastal, L50, M
|-heal|p2a: Terapagos|100/100|[silent]
|turn|3
|
|t:|1750800126
|move|p1a: Lunala|Wide Guard|p1a: Lunala
|-singleturn|p1a: Lunala|Wide Guard
|move|p1b: Ursaluna|Facade|p2a: Terapagos
|-activate|p2a: Terapagos|ability: Tera Shell
|-resisted|p2a: Terapagos
|-damage|p2a: Terapagos|83/100
|cant|p2b: Incineroar|slp
|move|p2a: Terapagos|Calm Mind|p2a: Terapagos
|-boost|p2a: Terapagos|spa|1
|-boost|p2a: Terapagos|spd|1
|
|-status|p1b: Ursaluna|brn|[from] item: Flame Orb
|upkeep
|turn|4
|
|t:|1750800148
|move|p2a: Terapagos|Protect|p2a: Terapagos
|-singleturn|p2a: Terapagos|Protect
|move|p1a: Lunala|Wide Guard|p1a: Lunala
|-singleturn|p1a: Lunala|Wide Guard
|move|p1b: Ursaluna|Earthquake|p2b: Incineroar|[spread] p2b
|-activate|p1a: Lunala|move: Wide Guard
|-activate|p2a: Terapagos|move: Protect
|-supereffective|p2b: Incineroar
|-damage|p2b: Incineroar|0 fnt
|faint|p2b: Incineroar
|
|-damage|p1b: Ursaluna|95/100 brn|[from] brn
|upkeep
|
|t:|1750800159
|switch|p2b: Chien-Pao|Chien-Pao, L50|100/100
|-ability|p2b: Chien-Pao|Sword of Ruin
|turn|5
|inactive|Gibsteroni has 30 seconds left.
|
|t:|1750800188
|-terastallize|p2a: Terapagos|Stellar
|detailschange|p2a: Terapagos|Terapagos-Stellar, L50, M, tera:Stellar
|-heal|p2a: Terapagos|87/100|[silent]
|move|p2b: Chien-Pao|Protect|p2b: Chien-Pao
|-singleturn|p2b: Chien-Pao|Protect
|move|p1b: Ursaluna|Earthquake|p2a: Terapagos|[spread] p1a,p2a
|-activate|p2b: Chien-Pao|move: Protect
|-damage|p1a: Lunala|61/100
|-damage|p2a: Terapagos|35/100
|move|p2a: Terapagos|Tera Starstorm|p1a: Lunala|[spread] p1a,p1b
|-supereffective|p1a: Lunala
|-damage|p1a: Lunala|0 fnt
|-damage|p1b: Ursaluna|51/100 brn
|faint|p1a: Lunala
|
|-damage|p1b: Ursaluna|45/100 brn|[from] brn
|-fieldend|move: Trick Room
|upkeep
|
|t:|1750800202
|switch|p1a: Koraidon|Koraidon, L50|100/100
|-weather|SunnyDay|[from] ability: Orichalcum Pulse|[of] p1a: Koraidon
|-activate|p1a: Koraidon|Orichalcum Pulse|[source]
|turn|6
|
|t:|1750800219
|move|p1a: Koraidon|Close Combat|p2a: Terapagos
|-supereffective|p2a: Terapagos
|-damage|p2a: Terapagos|0 fnt
|-unboost|p1a: Koraidon|def|1
|-unboost|p1a: Koraidon|spd|1
|faint|p2a: Terapagos
|detailschange|p2: Terapagos|Terapagos, L50, M|[silent]
|-damage|p1a: Koraidon|91/100|[from] item: Life Orb
|move|p2b: Chien-Pao|Ice Spinner|p1a: Koraidon
|-supereffective|p1a: Koraidon
|-damage|p1a: Koraidon|0 fnt
|faint|p1a: Koraidon
|move|p1b: Ursaluna|Facade|p2b: Chien-Pao
|-enditem|p2b: Chien-Pao|Focus Sash
|-damage|p2b: Chien-Pao|1/100
|
|-weather|SunnyDay|[upkeep]
|-damage|p1b: Ursaluna|39/100 brn|[from] brn
|upkeep
|turn|7
|
|t:|1750800239
|move|p1b: Ursaluna|Protect|p1b: Ursaluna
|-singleturn|p1b: Ursaluna|Protect
|move|p2b: Chien-Pao|Ice Spinner|p1b: Ursaluna
|-activate|p1b: Ursaluna|move: Protect
|
|-weather|SunnyDay|[upkeep]
|-damage|p1b: Ursaluna|33/100 brn|[from] brn
|upkeep
|turn|8
|
|t:|1750800247
|move|p2b: Chien-Pao|Ice Spinner|p1b: Ursaluna
|-supereffective|p1b: Ursaluna
|-damage|p1b: Ursaluna|0 fnt
|faint|p1b: Ursaluna
|
|win|Gibsteroni
|raw|paradize91's rating: 1368 &rarr; <strong>1349</strong><br />(-19 for losing)
|raw|Gibsteroni's rating: 1385 &rarr; <strong>1404</strong><br />(+19 for winning)
|l|☆paradize91
|player|p1|
|l|☆Gibsteroni
|player|p2|
