|j|☆gm0ney23
|j|☆soolers
|t:|1750775372
|gametype|doubles
|player|p1|gm0ney23|morty|1382
|player|p2|soolers|266|1427
|teamsize|p1|6
|teamsize|p2|6
|gen|9
|tier|[Gen 9] VGC 2025 Reg I
|rated|
|rule|Species Clause: Limit one of each Pokémon
|rule|Item Clause: Limit 1 of each item
|clearpoke
|poke|p1|Miraidon, L50|
|poke|p1|Porygon2, L50|
|poke|p1|Entei, L50|
|poke|p1|Sableye, L50, M|
|poke|p1|Kyogre, L50|
|poke|p1|Flutter Mane, L50|
|poke|p2|Dialga-Origin, L50|
|poke|p2|Palkia-Origin, L50|
|poke|p2|Pelipper, L50, M|
|poke|p2|Landorus-Therian, L50, M|
|poke|p2|Ogerpon-Wellspring, L50, F|
|poke|p2|Toxicroak, L50, F|
|teampreview|4
|
|t:|1750775406
|start
|switch|p1a: Miraidon|Miraidon, L50|100/100
|switch|p1b: Sableye|Sableye, L50, M, shiny|100/100
|switch|p2a: Landorus|Landorus-Therian, L50, M|100/100
|switch|p2b: Toxicroak|Toxicroak, L50, F|100/100
|-ability|p2a: Landorus|Intimidate|boost
|-unboost|p1a: Miraidon|atk|1
|-unboost|p1b: Sableye|atk|1
|-fieldstart|move: Electric Terrain|[from] ability: Hadron Engine|[of] p1a: Miraidon
|turn|1
|inactive|Battle timer is ON: inactive players will automatically lose when time's up. (requested by gm0ney23)
|inactive|gm0ney23 has 60 seconds left.
|
|t:|1750775443
|-terastallize|p1a: Miraidon|Fairy
|move|p2b: Toxicroak|Fake Out|p1a: Miraidon
|-damage|p1a: Miraidon|89/100
|move|p1b: Sableye|Light Screen|p1b: Sableye
|-sidestart|p1: gm0ney23|move: Light Screen
|move|p2a: Landorus|Stomping Tantrum|p1a: Miraidon
|-damage|p1a: Miraidon|47/100
|cant|p1a: Miraidon|flinch
|
|upkeep
|turn|2
|inactive|gm0ney23 has 30 seconds left.
|
|t:|1750775475
|move|p1b: Sableye|Will-O-Wisp|p2a: Landorus
|-status|p2a: Landorus|brn
|move|p2a: Landorus|Stomping Tantrum|p1a: Miraidon
|-damage|p1a: Miraidon|28/100
|move|p1a: Miraidon|Volt Switch|p2b: Toxicroak
|-damage|p2b: Toxicroak|7/100
|
|t:|1750775485
|switch|p1a: Kyogre|Kyogre, L50|100/100|[from] Volt Switch
|-weather|RainDance|[from] ability: Drizzle|[of] p1a: Kyogre
|move|p2b: Toxicroak|Poison Jab|p1a: Kyogre
|-damage|p1a: Kyogre|64/100
|
|-weather|RainDance|[upkeep]
|-heal|p2b: Toxicroak|19/100|[from] ability: Dry Skin
|-heal|p1a: Kyogre|70/100|[from] item: Leftovers
|-damage|p2a: Landorus|94/100 brn|[from] brn
|upkeep
|turn|3
|
|t:|1750775500
|switch|p2a: Palkia|Palkia-Origin, L50|100/100
|switch|p1b: Porygon2|Porygon2, L50, shiny|100/100
|-ability|p1b: Porygon2|Download|boost
|-boost|p1b: Porygon2|atk|1
|move|p2b: Toxicroak|Sucker Punch|p1a: Kyogre
|-damage|p1a: Kyogre|49/100
|move|p1a: Kyogre|Ice Beam|p2a: Palkia
|-damage|p2a: Palkia|66/100
|
|-weather|RainDance|[upkeep]
|-heal|p2b: Toxicroak|32/100|[from] ability: Dry Skin
|-heal|p1a: Kyogre|55/100|[from] item: Leftovers
|upkeep
|turn|4
|inactive|gm0ney23 has 30 seconds left.
|
|t:|1750775528
|-terastallize|p2a: Palkia|Water
|move|p1a: Kyogre|Protect|p1a: Kyogre
|-singleturn|p1a: Kyogre|Protect
|move|p2a: Palkia|Surf|p1a: Kyogre|[spread] p1b
|-activate|p1a: Kyogre|move: Protect
|-heal|p2b: Toxicroak|56/100|[from] ability: Dry Skin|[of] p2a: Palkia
|-damage|p1b: Porygon2|57/100
|move|p2b: Toxicroak|Poison Jab|p1b: Porygon2
|-damage|p1b: Porygon2|40/100
|-status|p1b: Porygon2|psn
|move|p1b: Porygon2|Electroweb|p2a: Palkia|[spread] p2b
|-miss|p1b: Porygon2|p2a: Palkia
|-damage|p2b: Toxicroak|44/100
|-unboost|p2b: Toxicroak|spe|1
|
|-weather|RainDance|[upkeep]
|-heal|p2b: Toxicroak|57/100|[from] ability: Dry Skin
|-heal|p1a: Kyogre|60/100|[from] item: Leftovers
|-damage|p1b: Porygon2|27/100 psn|[from] psn
|upkeep
|turn|5
|
|t:|1750775550
|move|p2b: Toxicroak|Sucker Punch|p1a: Kyogre
|-damage|p1a: Kyogre|39/100
|move|p2a: Palkia|Surf|p1b: Porygon2|[spread] p1a,p1b
|-heal|p2b: Toxicroak|81/100|[from] ability: Dry Skin|[of] p2a: Palkia
|-resisted|p1a: Kyogre
|-damage|p1a: Kyogre|18/100
|-damage|p1b: Porygon2|0 fnt
|faint|p1b: Porygon2
|move|p1a: Kyogre|Thunder|p2a: Palkia
|-supereffective|p2a: Palkia
|-damage|p2a: Palkia|0 fnt
|faint|p2a: Palkia
|
|-weather|RainDance|[upkeep]
|-heal|p2b: Toxicroak|94/100|[from] ability: Dry Skin
|-heal|p1a: Kyogre|24/100|[from] item: Leftovers
|-fieldend|move: Electric Terrain
|upkeep
|
|t:|1750775568
|switch|p2a: Landorus|Landorus-Therian, L50, M|94/100 brn
|switch|p1b: Miraidon|Miraidon, L50, tera:Fairy|28/100
|-ability|p2a: Landorus|Intimidate|boost
|-unboost|p1a: Kyogre|atk|1
|-unboost|p1b: Miraidon|atk|1
|-fieldstart|move: Electric Terrain|[from] ability: Hadron Engine|[of] p1b: Miraidon
|turn|6
|
|t:|1750775590
|move|p1a: Kyogre|Protect|p1a: Kyogre
|-singleturn|p1a: Kyogre|Protect
|move|p2a: Landorus|Stomping Tantrum|p1a: Kyogre
|-activate|p1a: Kyogre|move: Protect
|move|p1b: Miraidon|Electro Drift|p2b: Toxicroak
|-damage|p2b: Toxicroak|0 fnt
|faint|p2b: Toxicroak
|
|-weather|none
|-heal|p1a: Kyogre|30/100|[from] item: Leftovers
|-damage|p2a: Landorus|88/100 brn|[from] brn
|upkeep
|
|t:|1750775599
|switch|p2b: Dialga|Dialga-Origin, L50|100/100
|turn|7
|
|t:|1750775613
|switch|p1b: Sableye|Sableye, L50, M, shiny|100/100
|move|p2a: Landorus|Stomping Tantrum|p1a: Kyogre
|-damage|p1a: Kyogre|12/100
|move|p2b: Dialga|Flash Cannon|p1b: Sableye
|-damage|p1b: Sableye|52/100
|move|p1a: Kyogre|Ice Beam|p2a: Landorus
|-supereffective|p2a: Landorus
|-damage|p2a: Landorus|0 fnt
|faint|p2a: Landorus
|
|-heal|p1a: Kyogre|18/100|[from] item: Leftovers
|upkeep
|turn|8
|
|t:|1750775627
|move|p1a: Kyogre|Protect|p1a: Kyogre
|-singleturn|p1a: Kyogre|Protect
|move|p1b: Sableye|Thunder Wave|p2b: Dialga
|-status|p2b: Dialga|par
|move|p2b: Dialga|Flash Cannon|p1a: Kyogre
|-activate|p1a: Kyogre|move: Protect
|
|-heal|p1a: Kyogre|24/100|[from] item: Leftovers
|-sideend|p1: gm0ney23|move: Light Screen
|upkeep
|turn|9
|
|t:|1750775639
|move|p1b: Sableye|Light Screen|p1b: Sableye
|-sidestart|p1: gm0ney23|move: Light Screen
|move|p1a: Kyogre|Origin Pulse|p2b: Dialga
|-resisted|p2b: Dialga
|-damage|p2b: Dialga|75/100 par
|move|p2b: Dialga|Trick Room|p2b: Dialga
|-fieldstart|move: Trick Room|[of] p2b: Dialga
|
|-heal|p1a: Kyogre|29/100|[from] item: Leftovers
|upkeep
|turn|10
|
|t:|1750775653
|move|p1b: Sableye|Quash|p2b: Dialga
|-activate|p2b: Dialga|move: Quash
|move|p1a: Kyogre|Ice Beam|p2b: Dialga
|-damage|p2b: Dialga|48/100 par
|cant|p2b: Dialga|par
|
|-heal|p1a: Kyogre|35/100|[from] item: Leftovers
|-fieldend|move: Electric Terrain
|upkeep
|turn|11
|
|t:|1750775666
|move|p1a: Kyogre|Protect|p1a: Kyogre
|-singleturn|p1a: Kyogre|Protect
|move|p1b: Sableye|Quash|p2b: Dialga
|-activate|p2b: Dialga|move: Quash
|cant|p2b: Dialga|par
|
|-heal|p1a: Kyogre|41/100|[from] item: Leftovers
|upkeep
|turn|12
|
|t:|1750775675
|move|p1b: Sableye|Quash|p2b: Dialga
|-activate|p2b: Dialga|move: Quash
|move|p1a: Kyogre|Ice Beam|p2b: Dialga
|-damage|p2b: Dialga|20/100 par
|cant|p2b: Dialga|par
|
|-heal|p1a: Kyogre|47/100|[from] item: Leftovers
|upkeep
|turn|13
|-message|soolers forfeited.
|
|win|gm0ney23
|raw|gm0ney23's rating: 1382 &rarr; <strong>1405</strong><br />(+23 for winning)
|raw|soolers's rating: 1427 &rarr; <strong>1404</strong><br />(-23 for losing)
|l|☆soolers
|player|p2|
|l|☆gm0ney23
|player|p1|
