|j|☆smario1705
|j|☆Babbozia
|t:|1750878534
|gametype|doubles
|player|p1|smario1705|alder|1219
|player|p2|Babbozia|colress|1189
|teamsize|p1|6
|teamsize|p2|6
|gen|9
|tier|[Gen 9] VGC 2025 Reg I
|rated|
|rule|Species Clause: Limit one of each Pokémon
|rule|Item Clause: Limit 1 of each item
|clearpoke
|poke|p1|Koraidon, L50|
|poke|p1|Lunala, L50|
|poke|p1|Incineroar, L50, F|
|poke|p1|Amoonguss, L50, M|
|poke|p1|Grimmsnarl, L50, M|
|poke|p1|Chien-Pao, L50|
|poke|p2|Calyrex-Shadow, L50|
|poke|p2|Koraidon, L50|
|poke|p2|Incineroar, L50, F|
|poke|p2|Indeedee-F, L50, F|
|poke|p2|Walking Wake, L50|
|poke|p2|Chien-Pao, L50|
|teampreview|4
|inactive|Battle timer is ON: inactive players will automatically lose when time's up. (requested by Babbozia)
|inactive|smario1705 has 60 seconds left.
|
|t:|1750878581
|start
|switch|p1a: Lunala|Lunala, L50|100/100
|switch|p1b: Chien-Pao|Chien-Pao, L50|100/100
|switch|p2a: Calyrex|Calyrex-Shadow, L50|100/100
|switch|p2b: Indeedee|Indeedee-F, L50, F|100/100
|-ability|p2a: Calyrex|As One
|-ability|p2a: Calyrex|Unnerve
|-ability|p1b: Chien-Pao|Sword of Ruin
|-fieldstart|move: Psychic Terrain|[from] ability: Psychic Surge|[of] p2b: Indeedee
|-enditem|p2b: Indeedee|Psychic Seed
|-boost|p2b: Indeedee|spd|1|[from] item: Psychic Seed
|turn|1
|inactive|smario1705 has 30 seconds left.
|
|t:|1750878611
|-terastallize|p1a: Lunala|Fairy
|move|p2b: Indeedee|Follow Me|p2b: Indeedee
|-singleturn|p2b: Indeedee|move: Follow Me
|move|p2a: Calyrex|Astral Barrage|p1a: Lunala|[spread] p1a,p1b
|-resisted|p1b: Chien-Pao
|-damage|p1a: Lunala|79/100
|-damage|p1b: Chien-Pao|46/100
|move|p1b: Chien-Pao|Ice Spinner|p2b: Indeedee
|-damage|p2b: Indeedee|41/100
|-fieldend|move: Psychic Terrain
|move|p1a: Lunala|Dazzling Gleam|p2a: Calyrex|[spread] p2a,p2b
|-damage|p2a: Calyrex|66/100
|-damage|p2b: Indeedee|24/100
|
|upkeep
|turn|2
|inactive|smario1705 has 30 seconds left.
|inactive|Babbozia has 30 seconds left.
|
|t:|1750878637
|-terastallize|p2a: Calyrex|Dark
|move|p2b: Indeedee|Helping Hand|p2a: Calyrex
|-singleturn|p2a: Calyrex|Helping Hand|[of] p2b: Indeedee
|move|p1b: Chien-Pao|Protect|p1b: Chien-Pao
|-singleturn|p1b: Chien-Pao|Protect
|move|p2a: Calyrex|Astral Barrage|p1b: Chien-Pao|[spread] p1a
|-activate|p1b: Chien-Pao|move: Protect
|-damage|p1a: Lunala|8/100
|move|p1a: Lunala|Moongeist Beam|p2a: Calyrex
|-resisted|p2a: Calyrex
|-damage|p2a: Calyrex|38/100
|
|upkeep
|turn|3
|inactive|smario1705 has 30 seconds left.
|inactive|smario1705 has 20 seconds left.
|
|t:|1750878673
|switch|p1b: Grimmsnarl|Grimmsnarl, L50, M|100/100
|move|p2a: Calyrex|Protect|p2a: Calyrex
|-singleturn|p2a: Calyrex|Protect
|move|p1a: Lunala|Dazzling Gleam|p2a: Calyrex|[spread] p2b
|-activate|p2a: Calyrex|move: Protect
|-damage|p2b: Indeedee|3/100
|move|p2b: Indeedee|Dazzling Gleam|p1a: Lunala|[spread] p1a,p1b
|-supereffective|p1b: Grimmsnarl
|-damage|p1a: Lunala|0 fnt
|-damage|p1b: Grimmsnarl|81/100
|faint|p1a: Lunala
|
|upkeep
|
|t:|1750878689
|switch|p1a: Chien-Pao|Chien-Pao, L50|46/100
|-ability|p1a: Chien-Pao|Sword of Ruin
|turn|4
|
|t:|1750878704
|move|p2b: Indeedee|Helping Hand|p2a: Calyrex
|-singleturn|p2a: Calyrex|Helping Hand|[of] p2b: Indeedee
|move|p1a: Chien-Pao|Sucker Punch|p2a: Calyrex
|-resisted|p2a: Calyrex
|-crit|p2a: Calyrex
|-damage|p2a: Calyrex|0 fnt
|faint|p2a: Calyrex
|move|p1b: Grimmsnarl|Spirit Break|p2b: Indeedee
|-damage|p2b: Indeedee|0 fnt
|faint|p2b: Indeedee
|
|upkeep
|
|t:|1750878713
|switch|p2a: Koraidon|Koraidon, L50|100/100
|switch|p2b: Chien-Pao|Chien-Pao, L50|100/100
|-weather|SunnyDay|[from] ability: Orichalcum Pulse|[of] p2a: Koraidon
|-activate|p2a: Koraidon|Orichalcum Pulse|[source]
|-ability|p2b: Chien-Pao|Sword of Ruin
|turn|5
|
|t:|1750878741
|move|p2b: Chien-Pao|Protect|p2b: Chien-Pao
|-singleturn|p2b: Chien-Pao|Protect
|move|p1b: Grimmsnarl|Thunder Wave|p2a: Koraidon
|-status|p2a: Koraidon|par
|move|p1a: Chien-Pao|Ice Spinner|p2a: Koraidon
|-supereffective|p2a: Koraidon
|-damage|p2a: Koraidon|8/100 par
|move|p2a: Koraidon|Flame Charge|p1a: Chien-Pao
|-supereffective|p1a: Chien-Pao
|-damage|p1a: Chien-Pao|0 fnt
|-boost|p2a: Koraidon|spe|1
|faint|p1a: Chien-Pao
|-damage|p2a: Koraidon|0 fnt|[from] item: Life Orb
|faint|p2a: Koraidon
|
|-weather|SunnyDay|[upkeep]
|upkeep
|-message|Babbozia forfeited.
|
|win|smario1705
|raw|smario1705's rating: 1219 &rarr; <strong>1242</strong><br />(+23 for winning)
|raw|Babbozia's rating: 1189 &rarr; <strong>1166</strong><br />(-23 for losing)
|l|☆Babbozia
|player|p2|
