|j|☆okstew
|j|☆Braver123
|t:|1750706248
|gametype|doubles
|player|p1|okstew|schoolkid-gen4dp|1379
|player|p2|Braver123|1|1389
|teamsize|p1|6
|teamsize|p2|6
|gen|9
|tier|[Gen 9] VGC 2025 Reg I
|rated|
|rule|Species Clause: Limit one of each Pokémon
|rule|Item Clause: Limit 1 of each item
|clearpoke
|poke|p1|Calyrex-Shadow, L50|
|poke|p1|Ho-Oh, L50|
|poke|p1|Garganacl, L50, F|
|poke|p1|Clodsire, L50, M|
|poke|p1|Incineroar, L50, F|
|poke|p1|Rillaboom, L50, F|
|poke|p2|Calyrex-Shadow, L50|
|poke|p2|Miraidon, L50|
|poke|p2|Whimsicott, L50, M|
|poke|p2|Farigiraf, L50, F|
|poke|p2|Urshifu-*, L50, M|
|poke|p2|Grimmsnarl, L50, M|
|teampreview|4
okstew has agreed to open team sheets.
Braver123 has agreed to open team sheets.
|showteam|p1|Calyrex-Shadow||FocusSash|AsOneSpectrier|AstralBarrage,Hex,PollenPuff,Protect||||||50|,,,,,Ghost]Ho-Oh||ClearAmulet|Regenerator|SacredFire,BraveBird,Tailwind,Protect||||||50|,,,,,Grass]Garganacl||RockyHelmet|PurifyingSalt|SaltCure,HelpingHand,WideGuard,Protect|||F|||50|,,,,,Bug]Clodsire||Leftovers|WaterAbsorb|Toxic,HelpingHand,AfterYou,Protect|||M|||50|,,,,,Fire]Incineroar||SafetyGoggles|Intimidate|FakeOut,KnockOff,WillOWisp,PartingShot|||F|||50|,,,,,Ghost]Rillaboom||AssaultVest|GrassySurge|WoodHammer,Uturn,HighHorsepower,FakeOut|||F|||50|,,,,,Water
|showteam|p2|Calyrex-Shadow||FocusSash|AsOneSpectrier|AstralBarrage,Psychic,Protect,DarkPulse||||||50|,,,,,Dark]Miraidon||ChoiceSpecs|HadronEngine|ElectroDrift,VoltSwitch,DracoMeteor,DazzlingGleam||||||50|,,,,,Fairy]Whimsicott||CovertCloak|Prankster|Moonblast,Tailwind,HelpingHand,Encore|||M|||50|,,,,,Ghost]Farigiraf||ElectricSeed|ArmorTail|FoulPlay,PsychicFangs,TrickRoom,Protect|||F|||50|,,,,,Water]Urshifu-Rapid-Strike||ChoiceScarf|UnseenFist|SurgingStrikes,CloseCombat,Uturn,AquaJet|||M|||50|,,,,,Stellar]Grimmsnarl||LightClay|Prankster|FoulPlay,SpiritBreak,LightScreen,Reflect|||M|||50|,,,,,Ghost
|inactive|Battle timer is ON: inactive players will automatically lose when time's up. (requested by okstew)
|
|t:|1750706326
|start
|switch|p1a: Rillaboom|Rillaboom, L50, F|100/100
|switch|p1b: Calyrex|Calyrex-Shadow, L50|100/100
|switch|p2a: Calyrex|Calyrex-Shadow, L50|100/100
|switch|p2b: Whimsicott|Whimsicott, L50, M|100/100
|-ability|p2a: Calyrex|As One
|-ability|p2a: Calyrex|Unnerve
|-ability|p1b: Calyrex|As One
|-ability|p1b: Calyrex|Unnerve
|-fieldstart|move: Grassy Terrain|[from] ability: Grassy Surge|[of] p1a: Rillaboom
|turn|1
|inactive|okstew has 30 seconds left.
|inactive|Braver123 has 30 seconds left.
|inactive|Braver123 has 20 seconds left.
|inactive|Braver123 has 15 seconds left.
|
|t:|1750706367
|-terastallize|p2a: Calyrex|Dark
|move|p1b: Calyrex|Protect|p1b: Calyrex
|-singleturn|p1b: Calyrex|Protect
|move|p2b: Whimsicott|Tailwind|p2b: Whimsicott
|-sidestart|p2: Braver123|move: Tailwind
|move|p2a: Calyrex|Astral Barrage|p1b: Calyrex|[spread] p1a
|-activate|p1b: Calyrex|move: Protect
|-damage|p1a: Rillaboom|61/100
|move|p1a: Rillaboom|U-turn|p2a: Calyrex
|-supereffective|p2a: Calyrex
|-damage|p2a: Calyrex|44/100
|
|t:|1750706390
|switch|p1a: Ho-Oh|Ho-Oh, L50|100/100|[from] U-turn
|
|-heal|p2a: Calyrex|50/100|[from] Grassy Terrain
|upkeep
|turn|2
|
|t:|1750706402
|switch|p1b: Rillaboom|Rillaboom, L50, F|61/100
|move|p2a: Calyrex|Protect|p2a: Calyrex
|-singleturn|p2a: Calyrex|Protect
|move|p2b: Whimsicott|Encore||[still]
|-fail|p2b: Whimsicott
|move|p1a: Ho-Oh|Brave Bird|p2b: Whimsicott
|-supereffective|p2b: Whimsicott
|-damage|p2b: Whimsicott|0 fnt
|faint|p2b: Whimsicott
|-damage|p1a: Ho-Oh|75/100|[from] Recoil
|
|-heal|p2a: Calyrex|56/100|[from] Grassy Terrain
|-heal|p1b: Rillaboom|67/100|[from] Grassy Terrain
|upkeep
|
|t:|1750706406
|switch|p2b: Miraidon|Miraidon, L50|100/100
|-fieldstart|move: Electric Terrain|[from] ability: Hadron Engine|[of] p2b: Miraidon
|turn|3
|inactive|okstew has 30 seconds left.
|inactive|okstew has 20 seconds left.
|inactive|okstew has 15 seconds left.
|inactive|okstew has 10 seconds left.
|
|t:|1750706451
|-terastallize|p1a: Ho-Oh|Grass
|move|p1b: Rillaboom|Fake Out|p2a: Calyrex
|-crit|p2a: Calyrex
|-damage|p2a: Calyrex|31/100
|cant|p2a: Calyrex|flinch
|move|p2b: Miraidon|Volt Switch|p1a: Ho-Oh
|-resisted|p1a: Ho-Oh
|-crit|p1a: Ho-Oh
|-damage|p1a: Ho-Oh|33/100
|
|t:|1750706456
|switch|p2b: Grimmsnarl|Grimmsnarl, L50, M|100/100|[from] Volt Switch
|move|p1a: Ho-Oh|Tailwind|p1a: Ho-Oh
|-sidestart|p1: okstew|move: Tailwind
|
|upkeep
|turn|4
|inactive|okstew has 30 seconds left.
|
|t:|1750706481
|move|p1a: Ho-Oh|Protect|p1a: Ho-Oh
|-singleturn|p1a: Ho-Oh|Protect
|move|p2b: Grimmsnarl|Reflect|p2b: Grimmsnarl
|-sidestart|p2: Braver123|Reflect
|move|p2a: Calyrex|Astral Barrage|p1b: Rillaboom|[spread] p1b
|-activate|p1a: Ho-Oh|move: Protect
|-damage|p1b: Rillaboom|29/100
|move|p1b: Rillaboom|U-turn|p2a: Calyrex
|-supereffective|p2a: Calyrex
|-damage|p2a: Calyrex|0 fnt
|faint|p2a: Calyrex
|
|t:|1750706497
|switch|p1b: Calyrex|Calyrex-Shadow, L50|100/100|[from] U-turn
|-ability|p1b: Calyrex|As One
|-ability|p1b: Calyrex|Unnerve
|
|-sideend|p2: Braver123|move: Tailwind
|upkeep
|
|t:|1750706505
|switch|p2a: Miraidon|Miraidon, L50|100/100
|-activate|p2a: Miraidon|ability: Hadron Engine
|turn|5
|
|t:|1750706528
|switch|p1b: Clodsire|Clodsire, L50, M|100/100
|switch|p1a: Rillaboom|Rillaboom, L50, F|29/100
|-fieldstart|move: Grassy Terrain|[from] ability: Grassy Surge|[of] p1a: Rillaboom
|move|p2b: Grimmsnarl|Light Screen|p2b: Grimmsnarl
|-sidestart|p2: Braver123|move: Light Screen
|move|p2a: Miraidon|Dazzling Gleam|p1a: Rillaboom|[spread] p1a,p1b
|-resisted|p1b: Clodsire
|-damage|p1a: Rillaboom|7/100
|-damage|p1b: Clodsire|92/100
|
|-heal|p1a: Rillaboom|13/100|[from] Grassy Terrain
|-heal|p1b: Clodsire|98/100|[from] Grassy Terrain
|-heal|p1b: Clodsire|100/100|[from] item: Leftovers
|upkeep
|turn|6
|inactive|okstew has 30 seconds left.
|
|t:|1750706554
|move|p1a: Rillaboom|Fake Out|p2a: Miraidon
|-damage|p2a: Miraidon|91/100
|cant|p2a: Miraidon|flinch
|move|p2b: Grimmsnarl|Foul Play|p1a: Rillaboom
|-damage|p1a: Rillaboom|0 fnt
|faint|p1a: Rillaboom
|move|p1b: Clodsire|Toxic|p2a: Miraidon
|-status|p2a: Miraidon|tox
|
|-heal|p2a: Miraidon|97/100 tox|[from] Grassy Terrain
|-damage|p2a: Miraidon|91/100 tox|[from] psn
|-sideend|p1: okstew|move: Tailwind
|upkeep
|
|t:|1750706567
|switch|p1a: Ho-Oh|Ho-Oh, L50, tera:Grass|67/100
|turn|7
|
|t:|1750706579
|move|p1a: Ho-Oh|Protect|p1a: Ho-Oh
|-singleturn|p1a: Ho-Oh|Protect
|move|p2a: Miraidon|Dazzling Gleam|p1b: Clodsire|[spread] p1b
|-activate|p1a: Ho-Oh|move: Protect
|-resisted|p1b: Clodsire
|-damage|p1b: Clodsire|92/100
|move|p2b: Grimmsnarl|Foul Play|p1a: Ho-Oh
|-activate|p1a: Ho-Oh|move: Protect
|move|p1b: Clodsire|Toxic|p2b: Grimmsnarl
|-status|p2b: Grimmsnarl|tox
|
|-heal|p2a: Miraidon|97/100 tox|[from] Grassy Terrain
|-heal|p1a: Ho-Oh|73/100|[from] Grassy Terrain
|-heal|p1b: Clodsire|98/100|[from] Grassy Terrain
|-heal|p1b: Clodsire|100/100|[from] item: Leftovers
|-damage|p2a: Miraidon|86/100 tox|[from] psn
|-damage|p2b: Grimmsnarl|95/100 tox|[from] psn
|upkeep
|turn|8
|inactive|okstew has 30 seconds left.
|inactive|okstew has 20 seconds left.
|
|t:|1750706617
|move|p1b: Clodsire|Helping Hand|p1a: Ho-Oh
|-singleturn|p1a: Ho-Oh|Helping Hand|[of] p1b: Clodsire
|move|p2a: Miraidon|Dazzling Gleam|p1a: Ho-Oh|[spread] p1a,p1b
|-resisted|p1b: Clodsire
|-damage|p1a: Ho-Oh|55/100
|-damage|p1b: Clodsire|92/100
|move|p1a: Ho-Oh|Brave Bird|p2b: Grimmsnarl
|-damage|p2b: Grimmsnarl|33/100 tox
|-damage|p1a: Ho-Oh|36/100|[from] Recoil
|move|p2b: Grimmsnarl|Foul Play|p1a: Ho-Oh
|-damage|p1a: Ho-Oh|0 fnt
|faint|p1a: Ho-Oh
|
|-heal|p2a: Miraidon|91/100 tox|[from] Grassy Terrain
|-heal|p2b: Grimmsnarl|39/100 tox|[from] Grassy Terrain
|-heal|p1b: Clodsire|98/100|[from] Grassy Terrain
|-heal|p1b: Clodsire|100/100|[from] item: Leftovers
|-damage|p2a: Miraidon|74/100 tox|[from] psn
|-damage|p2b: Grimmsnarl|27/100 tox|[from] psn
|upkeep
|
|t:|1750706632
|switch|p1a: Calyrex|Calyrex-Shadow, L50|100/100
|-ability|p1a: Calyrex|As One
|-ability|p1a: Calyrex|Unnerve
|turn|9
|
|t:|1750706648
|move|p1a: Calyrex|Protect|p1a: Calyrex
|-singleturn|p1a: Calyrex|Protect
|move|p1b: Clodsire|Protect|p1b: Clodsire
|-singleturn|p1b: Clodsire|Protect
|move|p2a: Miraidon|Dazzling Gleam|p1a: Calyrex|[spread] 
|-activate|p1a: Calyrex|move: Protect
|-activate|p1b: Clodsire|move: Protect
|move|p2b: Grimmsnarl|Foul Play|p1a: Calyrex
|-activate|p1a: Calyrex|move: Protect
|
|-heal|p2a: Miraidon|80/100 tox|[from] Grassy Terrain
|-heal|p2b: Grimmsnarl|33/100 tox|[from] Grassy Terrain
|-damage|p2a: Miraidon|57/100 tox|[from] psn
|-damage|p2b: Grimmsnarl|15/100 tox|[from] psn
|-fieldend|move: Grassy Terrain
|upkeep
|turn|10
|-message|Braver123 forfeited.
|
|win|okstew
|raw|okstew's rating: 1379 &rarr; <strong>1400</strong><br />(+21 for winning)
|raw|Braver123's rating: 1389 &rarr; <strong>1368</strong><br />(-21 for losing)
|l|☆Braver123
|player|p2|
|l|☆okstew
|player|p1|
