|j|☆jamieboy98
|j|☆ZEATHS
|t:|1750766274
|gametype|doubles
|player|p1|jamieboy98|pokemonbreeder|1056
|player|p2|ZEATHS|pokemaniac|1000
|teamsize|p1|6
|teamsize|p2|6
|gen|9
|tier|[Gen 9] VGC 2025 Reg I
|rated|
|rule|Species Clause: Limit one of each Pokémon
|rule|Item Clause: Limit 1 of each item
|clearpoke
|poke|p1|Calyrex-Shadow, L50|
|poke|p1|Zamazenta-*, L50|
|poke|p1|Grimmsnarl, L50, M|
|poke|p1|Urshifu-*, L50, M|
|poke|p1|Clefairy, L50, F|
|poke|p1|Tornadus, L50, M|
|poke|p2|Kyurem-White, L50|
|poke|p2|Zamazenta-*, L50|
|poke|p2|Amoonguss, L50, M|
|poke|p2|Incineroar, L50, M|
|poke|p2|Tornadus, L50, M|
|poke|p2|Urshifu-*, L50, M|
|teampreview|4
|
|t:|1750766315
|start
|switch|p1a: Tornadus|Tornadus, L50, M|100/100
|switch|p1b: Grimmsnarl|Grimmsnarl, L50, M|100/100
|switch|p2a: Kyurem|Kyurem-White, L50, shiny|100/100
|switch|p2b: Tornadus|Tornadus, L50, M, shiny|100/100
|-ability|p2a: Kyurem|Turboblaze
|turn|1
|
|t:|1750766340
|switch|p2a: Amoonguss|Amoonguss, L50, M, shiny|100/100
|move|p2b: Tornadus|Taunt|p1b: Grimmsnarl
|-hint|Since gen 7, Dark is immune to Prankster moves.
|-immune|p1b: Grimmsnarl
|move|p1a: Tornadus|Tailwind|p1a: Tornadus
|-sidestart|p1: jamieboy98|move: Tailwind
|move|p1b: Grimmsnarl|Light Screen|p1b: Grimmsnarl
|-sidestart|p1: jamieboy98|move: Light Screen
|
|upkeep
|turn|2
|
|t:|1750766385
|-terastallize|p1b: Grimmsnarl|Steel
|move|p2b: Tornadus|Tailwind|p2b: Tornadus
|-sidestart|p2: ZEATHS|move: Tailwind
|move|p1b: Grimmsnarl|Reflect|p1b: Grimmsnarl
|-sidestart|p1: jamieboy98|Reflect
|move|p1a: Tornadus|Bleakwind Storm|p2a: Amoonguss|[spread] p2a
|-miss|p1a: Tornadus|p2b: Tornadus
|-supereffective|p2a: Amoonguss
|-damage|p2a: Amoonguss|57/100
|-unboost|p2a: Amoonguss|spe|1
|move|p2a: Amoonguss|Spore|p1a: Tornadus
|-status|p1a: Tornadus|slp|[from] move: Spore
|
|upkeep
|turn|3
|
|t:|1750766417
|move|p2a: Amoonguss|Protect|p2a: Amoonguss
|-singleturn|p2a: Amoonguss|Protect
|move|p2b: Tornadus|Snowscape|p2b: Tornadus
|-weather|Snowscape
|cant|p1a: Tornadus|slp
|move|p1b: Grimmsnarl|Misty Terrain|p1b: Grimmsnarl
|-fieldstart|move: Misty Terrain
|
|-weather|Snowscape|[upkeep]
|upkeep
|turn|4
|
|t:|1750766455
|cant|p1a: Tornadus|slp
|move|p2b: Tornadus|Bleakwind Storm|p1b: Grimmsnarl|[spread] p1a,p1b
|-resisted|p1b: Grimmsnarl
|-damage|p1a: Tornadus|74/100 slp
|-damage|p1b: Grimmsnarl|89/100
|move|p1b: Grimmsnarl|Spirit Break|p2a: Amoonguss
|-resisted|p2a: Amoonguss
|-damage|p2a: Amoonguss|41/100
|-unboost|p2a: Amoonguss|spa|1
|-damage|p1b: Grimmsnarl|72/100|[from] item: Rocky Helmet|[of] p2a: Amoonguss
|move|p2a: Amoonguss|Spore|p1b: Grimmsnarl
|-activate|p1b: Grimmsnarl|move: Misty Terrain
|
|-weather|Snowscape|[upkeep]
|-sideend|p1: jamieboy98|move: Tailwind
|upkeep
|turn|5
|
|t:|1750766480
|switch|p2b: Kyurem|Kyurem-White, L50, shiny|100/100
|-ability|p2b: Kyurem|Turboblaze
|move|p2a: Amoonguss|Rage Powder|p2a: Amoonguss
|-singleturn|p2a: Amoonguss|move: Rage Powder
|-curestatus|p1a: Tornadus|slp|[msg]
|move|p1a: Tornadus|Taunt|p2a: Amoonguss
|-start|p2a: Amoonguss|move: Taunt
|move|p1b: Grimmsnarl|Spirit Break|p2a: Amoonguss
|-resisted|p2a: Amoonguss
|-damage|p2a: Amoonguss|23/100
|-unboost|p2a: Amoonguss|spa|1
|-damage|p1b: Grimmsnarl|56/100|[from] item: Rocky Helmet|[of] p2a: Amoonguss
|
|-weather|Snowscape|[upkeep]
|-sideend|p2: ZEATHS|move: Tailwind
|upkeep
|turn|6
|
|t:|1750766510
|move|p1a: Tornadus|Tailwind|p1a: Tornadus
|-sidestart|p1: jamieboy98|move: Tailwind
|move|p1b: Grimmsnarl|Spirit Break|p2b: Kyurem
|-supereffective|p2b: Kyurem
|-damage|p2b: Kyurem|63/100
|-unboost|p2b: Kyurem|spa|1
|move|p2b: Kyurem|Blizzard|p1b: Grimmsnarl|[spread] p1a,p1b
|-supereffective|p1a: Tornadus
|-resisted|p1b: Grimmsnarl
|-damage|p1a: Tornadus|3/100
|-damage|p1b: Grimmsnarl|39/100
|move|p2a: Amoonguss|Pollen Puff|p2b: Kyurem
|-heal|p2b: Kyurem|100/100
|
|-weather|Snowscape|[upkeep]
|upkeep
|turn|7
|
|t:|1750766533
|move|p1a: Tornadus|Bleakwind Storm|p2a: Amoonguss|[spread] p2a,p2b
|-supereffective|p2a: Amoonguss
|-damage|p2a: Amoonguss|0 fnt
|-damage|p2b: Kyurem|78/100
|faint|p2a: Amoonguss
|move|p1b: Grimmsnarl|Spirit Break|p2b: Kyurem
|-supereffective|p2b: Kyurem
|-damage|p2b: Kyurem|42/100
|-unboost|p2b: Kyurem|spa|1
|move|p2b: Kyurem|Blizzard|p1a: Tornadus|[spread] p1a,p1b
|-supereffective|p1a: Tornadus
|-resisted|p1b: Grimmsnarl
|-damage|p1a: Tornadus|0 fnt
|-damage|p1b: Grimmsnarl|27/100
|faint|p1a: Tornadus
|
|-weather|none
|-fieldend|Misty Terrain
|upkeep
|
|t:|1750766553
|switch|p1a: Calyrex|Calyrex-Shadow, L50|100/100
|switch|p2a: Zamazenta|Zamazenta-Crowned, L50|100/100
|-ability|p1a: Calyrex|As One
|-ability|p1a: Calyrex|Unnerve
|-ability|p2a: Zamazenta|Dauntless Shield|boost
|-boost|p2a: Zamazenta|def|1
|turn|8
|
|t:|1750766579
|switch|p2b: Tornadus|Tornadus, L50, M, shiny|100/100
|move|p2a: Zamazenta|Wide Guard|p2a: Zamazenta
|-singleturn|p2a: Zamazenta|Wide Guard
|move|p1a: Calyrex|Astral Barrage|p2a: Zamazenta|[spread] 
|-activate|p2a: Zamazenta|move: Wide Guard
|-activate|p2b: Tornadus|move: Wide Guard
|move|p1b: Grimmsnarl|Spirit Break|p2b: Tornadus
|-damage|p2b: Tornadus|51/100
|
|-sideend|p1: jamieboy98|move: Light Screen
|upkeep
|turn|9
|
|t:|1750766609
|move|p2a: Zamazenta|Wide Guard|p2a: Zamazenta
|-singleturn|p2a: Zamazenta|Wide Guard
|move|p2b: Tornadus|Snowscape|p2b: Tornadus
|-weather|Snowscape
|move|p1b: Grimmsnarl|Light Screen|p1b: Grimmsnarl
|-sidestart|p1: jamieboy98|move: Light Screen
|move|p1a: Calyrex|Astral Barrage|p2b: Tornadus|[spread] 
|-activate|p2a: Zamazenta|move: Wide Guard
|-activate|p2b: Tornadus|move: Wide Guard
|
|-weather|Snowscape|[upkeep]
|-sideend|p1: jamieboy98|Reflect
|-sideend|p1: jamieboy98|move: Tailwind
|upkeep
|turn|10
|
|t:|1750766625
|move|p2b: Tornadus|Tailwind|p2b: Tornadus
|-sidestart|p2: ZEATHS|move: Tailwind
|move|p1b: Grimmsnarl|Misty Terrain|p1b: Grimmsnarl
|-fieldstart|move: Misty Terrain
|move|p2a: Zamazenta|Body Press|p1b: Grimmsnarl
|-supereffective|p1b: Grimmsnarl
|-damage|p1b: Grimmsnarl|0 fnt
|faint|p1b: Grimmsnarl
|move|p1a: Calyrex|Astral Barrage|p2b: Tornadus|[spread] p2a,p2b
|-damage|p2a: Zamazenta|56/100
|-damage|p2b: Tornadus|0 fnt
|faint|p2b: Tornadus
|-ability|p1a: Calyrex|Grim Neigh|boost
|-boost|p1a: Calyrex|spa|1
|
|-weather|Snowscape|[upkeep]
|upkeep
|
|t:|1750766639
|switch|p2b: Kyurem|Kyurem-White, L50, shiny|42/100
|switch|p1b: Urshifu|Urshifu-Rapid-Strike, L50, M|100/100
|-ability|p2b: Kyurem|Turboblaze
|turn|11
|
|t:|1750766663
|move|p2a: Zamazenta|Wide Guard|p2a: Zamazenta
|-singleturn|p2a: Zamazenta|Wide Guard
|move|p2b: Kyurem|Blizzard|p1a: Calyrex|[spread] p1a,p1b
|-resisted|p1b: Urshifu
|-damage|p1a: Calyrex|45/100
|-damage|p1b: Urshifu|66/100
|move|p1a: Calyrex|Psychic|p2b: Kyurem
|-damage|p2b: Kyurem|0 fnt
|faint|p2b: Kyurem
|-ability|p1a: Calyrex|Grim Neigh|boost
|-boost|p1a: Calyrex|spa|1
|move|p1b: Urshifu|Close Combat|p2a: Zamazenta
|-supereffective|p2a: Zamazenta
|-damage|p2a: Zamazenta|0 fnt
|-unboost|p1b: Urshifu|def|1
|-unboost|p1b: Urshifu|spd|1
|faint|p2a: Zamazenta
|
|win|jamieboy98
|raw|jamieboy98's rating: 1056 &rarr; <strong>1083</strong><br />(+27 for winning)
|raw|ZEATHS's rating: 1000 &rarr; <strong>1000</strong><br />(+0 for losing)
|c|☆ZEATHS|gg
