|j|☆johnkharkiv
|j|☆ShellyV25
|t:|1750822177
|gametype|doubles
|player|p1|johnkharkiv|swimmerf-gen4dp|1123
|player|p2|ShellyV25|hilbert|1175
|teamsize|p1|6
|teamsize|p2|6
|gen|9
|tier|[Gen 9] VGC 2025 Reg I
|rated|
|rule|Species Clause: Limit one of each Pokémon
|rule|Item Clause: Limit 1 of each item
|clearpoke
|poke|p1|Ho-Oh, L50|
|poke|p1|Annihilape, L50, F|
|poke|p1|Electivire, L50, F|
|poke|p1|Whimsicott, L50, F|
|poke|p1|Indeedee-F, L50, F|
|poke|p1|Miraidon, L50|
|poke|p2|Calyrex-Shadow, L50|
|poke|p2|Chi-Yu, L50|
|poke|p2|Weezing-Galar, L50, M|
|poke|p2|Brute Bonnet, L50|
|poke|p2|Walking Wake, L50|
|poke|p2|Koraidon, L50|
|teampreview|4
|inactive|Battle timer is ON: inactive players will automatically lose when time's up. (requested by johnkharkiv)
|
|t:|1750822229
|start
|switch|p1a: Electivire|Electivire, L50, F, shiny|100/100
|switch|p1b: Annihilape|Annihilape, L50, F, shiny|100/100
|switch|p2a: Koraidon|Koraidon, L50|100/100
|switch|p2b: Walking Wake|Walking Wake, L50|100/100
|-weather|SunnyDay|[from] ability: Orichalcum Pulse|[of] p2a: Koraidon
|-activate|p2b: Walking Wake|ability: Protosynthesis
|-start|p2b: Walking Wake|protosynthesisspe
|-activate|p2a: Koraidon|Orichalcum Pulse|[source]
|turn|1
|
|t:|1750822250
|-terastallize|p2a: Koraidon|Fire
|move|p1a: Electivire|Follow Me|p1a: Electivire
|-singleturn|p1a: Electivire|move: Follow Me
|move|p2b: Walking Wake|Dragon Pulse|p1a: Electivire
|-damage|p1a: Electivire|22/100
|-enditem|p1a: Electivire|Sitrus Berry|[eat]
|-heal|p1a: Electivire|47/100|[from] item: Sitrus Berry
|move|p1b: Annihilape|Final Gambit|p2a: Koraidon
|-damage|p2a: Koraidon|0 fnt
|faint|p1b: Annihilape
|faint|p2a: Koraidon
|
|-weather|SunnyDay|[upkeep]
|upkeep
|
|t:|1750822272
|switch|p2a: Calyrex|Calyrex-Shadow, L50|100/100
|switch|p1b: Miraidon|Miraidon, L50|100/100
|-ability|p2a: Calyrex|As One
|-ability|p2a: Calyrex|Unnerve
|-fieldstart|move: Electric Terrain|[from] ability: Hadron Engine|[of] p1b: Miraidon
|turn|2
|
|t:|1750822291
|-terastallize|p1b: Miraidon|Electric
|move|p1a: Electivire|Follow Me|p1a: Electivire
|-singleturn|p1a: Electivire|move: Follow Me
|move|p2b: Walking Wake|Dragon Pulse|p1a: Electivire
|-damage|p1a: Electivire|0 fnt
|faint|p1a: Electivire
|move|p2a: Calyrex|Astral Barrage|p1b: Miraidon
|-damage|p1b: Miraidon|21/100
|-damage|p2a: Calyrex|91/100|[from] item: Life Orb
|move|p1b: Miraidon|Discharge|p2b: Walking Wake|[spread] p2a,p2b
|-damage|p2a: Calyrex|10/100
|-damage|p2b: Walking Wake|0 fnt
|faint|p2b: Walking Wake
|-end|p2b: Walking Wake|Protosynthesis|[silent]
|-damage|p1b: Miraidon|12/100|[from] item: Life Orb
|
|-weather|SunnyDay|[upkeep]
|upkeep
|
|t:|1750822307
|switch|p2b: Brute Bonnet|Brute Bonnet, L50, shiny|100/100
|switch|p1a: Ho-Oh|Ho-Oh, L50, shiny|100/100
|-activate|p2b: Brute Bonnet|ability: Protosynthesis
|-start|p2b: Brute Bonnet|protosynthesisdef
|turn|3
|
|t:|1750822321
|move|p1b: Miraidon|Protect|p1b: Miraidon
|-singleturn|p1b: Miraidon|Protect
|move|p2b: Brute Bonnet|Sucker Punch||[still]
|-fail|p2b: Brute Bonnet
|move|p2a: Calyrex|Astral Barrage|p1a: Ho-Oh|[spread] p1a
|-activate|p1b: Miraidon|move: Protect
|-damage|p1a: Ho-Oh|72/100
|-damage|p2a: Calyrex|0 fnt|[from] item: Life Orb
|faint|p2a: Calyrex
|move|p1a: Ho-Oh|Earthquake|p2b: Brute Bonnet|[spread] p2b
|-activate|p1b: Miraidon|move: Protect
|-resisted|p2b: Brute Bonnet
|-damage|p2b: Brute Bonnet|94/100
|
|-weather|SunnyDay|[upkeep]
|-heal|p2b: Brute Bonnet|99/100|[from] item: Leftovers
|upkeep
|turn|4
|
|t:|1750822344
|move|p1b: Miraidon|Protect|p1b: Miraidon
|-singleturn|p1b: Miraidon|Protect
|move|p2b: Brute Bonnet|Sucker Punch||[still]
|-fail|p2b: Brute Bonnet
|move|p1a: Ho-Oh|Sacred Fire|p2b: Brute Bonnet
|-supereffective|p2b: Brute Bonnet
|-damage|p2b: Brute Bonnet|6/100
|-status|p2b: Brute Bonnet|brn
|
|-weather|SunnyDay|[upkeep]
|-heal|p2b: Brute Bonnet|12/100 brn|[from] item: Leftovers
|-damage|p2b: Brute Bonnet|6/100 brn|[from] brn
|upkeep
|turn|5
|-message|ShellyV25 forfeited.
|
|win|johnkharkiv
|raw|johnkharkiv's rating: 1123 &rarr; <strong>1152</strong><br />(+29 for winning)
|raw|ShellyV25's rating: 1175 &rarr; <strong>1146</strong><br />(-29 for losing)
|l|☆ShellyV25
|player|p2|
|l|☆johnkharkiv
|player|p1|
