|j|☆wolfkeeper77
|j|☆lamebagels
|t:|1750796135
|gametype|doubles
|player|p1|wolfkeeper77|biker-gen4|1201
|player|p2|lamebagels|102|1193
|teamsize|p1|6
|teamsize|p2|6
|gen|9
|tier|[Gen 9] VGC 2025 Reg I
|rated|
|rule|Species Clause: Limit one of each Pokémon
|rule|Item Clause: Limit 1 of each item
|clearpoke
|poke|p1|Amoonguss, L50, M|
|poke|p1|Ursaluna-Bloodmoon, L50, M|
|poke|p1|Calyrex-Ice, L50|
|poke|p1|Incineroar, L50, F|
|poke|p1|Urshifu-*, L50, F|
|poke|p1|Lunala, L50|
|poke|p2|Vivillon-Pokeball, L50, M|
|poke|p2|Vaporeon, L50, M|
|poke|p2|Dragalge, L50, M|
|poke|p2|Enamorus-Therian, L50, F|
|poke|p2|Lugia, L50|
|poke|p2|Palkia, L50|
|teampreview|4
|
|t:|1750796184
|start
|switch|p1a: Incineroar|Incineroar, L50, F, shiny|100/100
|switch|p1b: Calyrex|Calyrex-Ice, L50|100/100
|switch|p2a: Nena|Enamorus-Therian, L50, F, shiny|100/100
|switch|p2b: Tanama|Vivillon-Pokeball, L50, M|100/100
|-ability|p1b: Calyrex|As One
|-ability|p1b: Calyrex|Unnerve
|-ability|p1a: Incineroar|Intimidate|boost
|-unboost|p2a: Nena|atk|1
|-unboost|p2b: Tanama|atk|1
|turn|1
|
|t:|1750796210
|-terastallize|p1b: Calyrex|Ground
|move|p2b: Tanama|Protect|p2b: Tanama
|-singleturn|p2b: Tanama|Protect
|move|p1a: Incineroar|Fake Out|p2b: Tanama
|-activate|p2b: Tanama|move: Protect
|move|p2a: Nena|Taunt|p1b: Calyrex
|-start|p1b: Calyrex|move: Taunt
|cant|p1b: Calyrex|move: Taunt|Trick Room
|
|upkeep
|turn|2
|
|t:|1750796227
|switch|p1b: Amoonguss|Amoonguss, L50, M, shiny|100/100
|move|p2b: Tanama|Pollen Puff|p1b: Amoonguss
|-damage|p1b: Amoonguss|75/100
|move|p2a: Nena|Dazzling Gleam|p1a: Incineroar|[spread] p1a,p1b
|-resisted|p1b: Amoonguss
|-damage|p1a: Incineroar|78/100
|-damage|p1b: Amoonguss|61/100
|move|p1a: Incineroar|Flare Blitz|p2b: Tanama
|-supereffective|p2b: Tanama
|-enditem|p2b: Tanama|Focus Sash
|-damage|p2b: Tanama|1/100
|-damage|p1a: Incineroar|49/100|[from] Recoil
|
|upkeep
|turn|3
|
|t:|1750796252
|move|p2b: Tanama|Protect|p2b: Tanama
|-singleturn|p2b: Tanama|Protect
|move|p2a: Nena|Taunt|p1b: Amoonguss
|-start|p1b: Amoonguss|move: Taunt
|move|p1a: Incineroar|Knock Off|p2a: Nena
|-resisted|p2a: Nena
|-damage|p2a: Nena|88/100
|-enditem|p2a: Nena|Leftovers|[from] move: Knock Off|[of] p1a: Incineroar
|move|p1b: Amoonguss|Pollen Puff|p1a: Incineroar
|-heal|p1a: Incineroar|99/100
|
|upkeep
|turn|4
|
|t:|1750796271
|move|p2b: Tanama|Hurricane|p1b: Amoonguss
|-supereffective|p1b: Amoonguss
|-damage|p1b: Amoonguss|1/100
|-enditem|p1b: Amoonguss|Sitrus Berry|[eat]
|-heal|p1b: Amoonguss|26/100|[from] item: Sitrus Berry
|move|p2a: Nena|Earth Power|p1b: Amoonguss
|-damage|p1b: Amoonguss|0 fnt
|faint|p1b: Amoonguss
|move|p1a: Incineroar|Parting Shot|p2a: Nena
|-unboost|p2a: Nena|atk|1
|-unboost|p2a: Nena|spa|1
|
|t:|1750796283
|switch|p1a: Calyrex|Calyrex-Ice, L50, tera:Ground|100/100|[from] Parting Shot
|-ability|p1a: Calyrex|As One
|-ability|p1a: Calyrex|Unnerve
|
|upkeep
|
|t:|1750796294
|switch|p1b: Incineroar|Incineroar, L50, F, shiny|99/100
|-ability|p1b: Incineroar|Intimidate|boost
|-unboost|p2a: Nena|atk|1
|-unboost|p2b: Tanama|atk|1
|turn|5
|
|t:|1750796311
|switch|p2b: Yúcahu|Palkia, L50, shiny|100/100
|-ability|p2b: Yúcahu|Pressure
|switch|p2a: Atabeysu|Vaporeon, L50, M, shiny|100/100
|move|p1b: Incineroar|Fake Out|p2a: Atabeysu
|-damage|p2a: Atabeysu|91/100
|move|p1a: Calyrex|Glacial Lance|p2b: Yúcahu|[spread] p2a,p2b
|-resisted|p2a: Atabeysu
|-damage|p2a: Atabeysu|66/100
|-damage|p2b: Yúcahu|54/100
|
|upkeep
|turn|6
|
|t:|1750796332
|-terastallize|p2b: Yúcahu|Water
|move|p1a: Calyrex|Protect|p1a: Calyrex
|-singleturn|p1a: Calyrex|Protect
|move|p2b: Yúcahu|Surf|p1b: Incineroar|[spread] p1b
|-activate|p1a: Calyrex|move: Protect
|-heal|p2a: Atabeysu|91/100|[from] ability: Water Absorb|[of] p2b: Yúcahu
|-supereffective|p1b: Incineroar
|-damage|p1b: Incineroar|13/100
|move|p2a: Atabeysu|Scald|p1a: Calyrex
|-activate|p1a: Calyrex|move: Protect
|move|p1b: Incineroar|Knock Off|p2b: Yúcahu
|-damage|p2b: Yúcahu|23/100
|-enditem|p2b: Yúcahu|Lustrous Orb|[from] move: Knock Off|[of] p1b: Incineroar
|
|upkeep
|turn|7
|
|t:|1750796357
|move|p2b: Yúcahu|Surf|p1a: Calyrex|[spread] p1a,p1b
|-heal|p2a: Atabeysu|100/100|[from] ability: Water Absorb|[of] p2b: Yúcahu
|-supereffective|p1a: Calyrex
|-supereffective|p1b: Incineroar
|-damage|p1a: Calyrex|39/100
|-damage|p1b: Incineroar|0 fnt
|faint|p1b: Incineroar
|move|p2a: Atabeysu|Scald|p1a: Calyrex
|-supereffective|p1a: Calyrex
|-damage|p1a: Calyrex|0 fnt
|faint|p1a: Calyrex
|
|upkeep
|-message|wolfkeeper77 forfeited.
|
|win|lamebagels
|raw|wolfkeeper77's rating: 1201 &rarr; <strong>1175</strong><br />(-26 for losing)
|raw|lamebagels's rating: 1193 &rarr; <strong>1219</strong><br />(+26 for winning)
|l|☆wolfkeeper77
|player|p1|
|l|☆lamebagels
|player|p2|
