|j|☆reznob
|j|☆Aozora Kazama青空風間
|t:|1750833812
|gametype|doubles
|player|p1|reznob|102|1295
|player|p2|Aozora Kazama青空風間|n|1216
|teamsize|p1|6
|teamsize|p2|6
|gen|9
|tier|[Gen 9] VGC 2025 Reg I
|rated|
|rule|Species Clause: Limit one of each Pokémon
|rule|Item Clause: Limit 1 of each item
|clearpoke
|poke|p1|Zamazenta-*, L50|
|poke|p1|Calyrex-Shadow, L50|
|poke|p1|Incineroar, L50, M|
|poke|p1|Indeedee-F, L50, F|
|poke|p1|Flutter Mane, L50|
|poke|p1|Ursaluna, L50, F|
|poke|p2|Tauros-Paldea-Blaze, L50, M|
|poke|p2|Koraidon, L50|
|poke|p2|Stonjourner, L50, M|
|poke|p2|Calyrex-Shadow, L50|
|poke|p2|Hatterene, L50, F|
|poke|p2|Indeedee-F, L50, F|
|teampreview|4
|inactive|Battle timer is ON: inactive players will automatically lose when time's up. (requested by Aozora Kazama青空風間)
|inactive|reznob has 60 seconds left.
|
|t:|1750833858
|start
|switch|p1a: Incineroar|Incineroar, L50, M|100/100
|switch|p1b: Calyrex|Calyrex-Shadow, L50|100/100
|switch|p2a: Calyrex|Calyrex-Shadow, L50|100/100
|switch|p2b: Stonehenge|Stonjourner, L50, M, shiny|100/100
|-ability|p2a: Calyrex|As One
|-ability|p2a: Calyrex|Unnerve
|-ability|p1b: Calyrex|As One
|-ability|p1b: Calyrex|Unnerve
|-ability|p1a: Incineroar|Intimidate|boost
|-unboost|p2a: Calyrex|atk|1
|-unboost|p2b: Stonehenge|atk|1
|turn|1
|
|t:|1750833868
|move|p2b: Stonehenge|Wide Guard|p2b: Stonehenge
|-singleturn|p2b: Stonehenge|Wide Guard
|move|p1b: Calyrex|Nasty Plot|p1b: Calyrex
|-boost|p1b: Calyrex|spa|2
|move|p2a: Calyrex|Astral Barrage|p1a: Incineroar|[spread] p1a,p1b
|-resisted|p1a: Incineroar
|-supereffective|p1b: Calyrex
|-damage|p1a: Incineroar|75/100
|-enditem|p1b: Calyrex|Focus Sash
|-damage|p1b: Calyrex|1/100
|move|p1a: Incineroar|Knock Off|p2a: Calyrex
|-supereffective|p2a: Calyrex
|-damage|p2a: Calyrex|0 fnt
|-enditem|p2a: Calyrex|Razor Claw|[from] move: Knock Off|[of] p1a: Incineroar
|faint|p2a: Calyrex
|
|upkeep
|
|t:|1750833886
|switch|p2a: Honda koraidon|Koraidon, L50|100/100
|-weather|SunnyDay|[from] ability: Orichalcum Pulse|[of] p2a: Honda koraidon
|-activate|p2a: Honda koraidon|Orichalcum Pulse|[source]
|turn|2
|
|t:|1750833905
|move|p1b: Calyrex|Protect|p1b: Calyrex
|-singleturn|p1b: Calyrex|Protect
|move|p2a: Honda koraidon|Protect|p2a: Honda koraidon
|-singleturn|p2a: Honda koraidon|Protect
|move|p2b: Stonehenge|Rock Slide|p1b: Calyrex|[spread] p1a
|-activate|p1b: Calyrex|move: Protect
|-supereffective|p1a: Incineroar
|-damage|p1a: Incineroar|36/100
|move|p1a: Incineroar|Knock Off|p2a: Honda koraidon
|-activate|p2a: Honda koraidon|move: Protect
|
|-weather|SunnyDay|[upkeep]
|upkeep
|turn|3
|
|t:|1750833923
|move|p2b: Stonehenge|Wide Guard|p2b: Stonehenge
|-singleturn|p2b: Stonehenge|Wide Guard
|move|p1b: Calyrex|Expanding Force|p2a: Honda koraidon
|-supereffective|p2a: Honda koraidon
|-damage|p2a: Honda koraidon|0 fnt
|faint|p2a: Honda koraidon
|-ability|p1b: Calyrex|Grim Neigh|boost
|-boost|p1b: Calyrex|spa|1
|move|p1a: Incineroar|Taunt|p2b: Stonehenge
|-start|p2b: Stonehenge|move: Taunt
|
|-weather|SunnyDay|[upkeep]
|upkeep
|
|t:|1750833927
|switch|p2a: Redbull|Tauros-Paldea-Blaze, L50, M, shiny|100/100
|turn|4
|
|t:|1750833949
|move|p2a: Redbull|Raging Bull|p1b: Calyrex
|-damage|p1b: Calyrex|0 fnt
|faint|p1b: Calyrex
|move|p2b: Stonehenge|Rock Slide|p1a: Incineroar|[miss]
|-miss|p2b: Stonehenge|p1a: Incineroar
|move|p1a: Incineroar|Flare Blitz|p2a: Redbull
|-resisted|p2a: Redbull
|-damage|p2a: Redbull|64/100
|-damage|p1a: Incineroar|27/100|[from] Recoil
|
|-weather|SunnyDay|[upkeep]
|upkeep
|
|t:|1750833959
|switch|p1b: Ursaluna|Ursaluna, L50, F|100/100
|turn|5
|
|t:|1750833969
|switch|p1a: Zamazenta|Zamazenta-Crowned, L50|100/100
|-ability|p1a: Zamazenta|Dauntless Shield|boost
|-boost|p1a: Zamazenta|def|1
|-terastallize|p2a: Redbull|Grass
|move|p1b: Ursaluna|Protect|p1b: Ursaluna
|-singleturn|p1b: Ursaluna|Protect
|move|p2a: Redbull|Raging Bull|p1a: Zamazenta
|-supereffective|p1a: Zamazenta
|-damage|p1a: Zamazenta|40/100
|move|p2b: Stonehenge|Low Kick|p1b: Ursaluna
|-activate|p1b: Ursaluna|move: Protect
|
|-weather|SunnyDay|[upkeep]
|-status|p1b: Ursaluna|brn|[from] item: Flame Orb
|upkeep
|turn|6
|inactive|reznob has 30 seconds left.
|inactive|reznob has 20 seconds left.
|
|t:|1750834004
|move|p2a: Redbull|Raging Bull|p1b: Ursaluna
|-damage|p1b: Ursaluna|43/100 brn
|move|p1a: Zamazenta|Body Press|p2b: Stonehenge
|-supereffective|p2b: Stonehenge
|-enditem|p2b: Stonehenge|Focus Sash
|-damage|p2b: Stonehenge|1/100
|move|p2b: Stonehenge|Low Kick|p1b: Ursaluna
|-supereffective|p1b: Ursaluna
|-damage|p1b: Ursaluna|0 fnt
|faint|p1b: Ursaluna
|
|-weather|none
|-end|p2b: Stonehenge|move: Taunt
|upkeep
|
|t:|1750834017
|switch|p1b: Incineroar|Incineroar, L50, M|27/100
|-ability|p1b: Incineroar|Intimidate|boost
|-unboost|p2a: Redbull|atk|1
|-unboost|p2b: Stonehenge|atk|1
|turn|7
|
|t:|1750834023
|move|p1b: Incineroar|Fake Out|p2a: Redbull
|-damage|p2a: Redbull|53/100
|cant|p2a: Redbull|flinch
|move|p1a: Zamazenta|Body Press|p2a: Redbull
|-crit|p2a: Redbull
|-damage|p2a: Redbull|0 fnt
|faint|p2a: Redbull
|move|p2b: Stonehenge|Low Kick|p1a: Zamazenta
|-supereffective|p1a: Zamazenta
|-damage|p1a: Zamazenta|24/100
|
|upkeep
|turn|8
|-message|Aozora Kazama青空風間 forfeited.
|
|win|reznob
|raw|reznob's rating: 1295 &rarr; <strong>1314</strong><br />(+19 for winning)
|raw|Aozora Kazama青空風間's rating: 1216 &rarr; <strong>1197</strong><br />(-19 for losing)
|l|☆Aozora Kazama青空風間
|player|p2|
|l|☆reznob
|player|p1|
