|j|☆InekoAki
|j|☆Jack Adamstim
|t:|1750752209
|gametype|doubles
|player|p1|InekoAki|lady|1584
|player|p2|Jack Adamstim|wallace|1625
|teamsize|p1|6
|teamsize|p2|6
|gen|9
|tier|[Gen 9] VGC 2025 Reg I
|rated|
|rule|Species Clause: Limit one of each Pokémon
|rule|Item Clause: Limit 1 of each item
|clearpoke
|poke|p1|Calyrex-Shadow, L50|
|poke|p1|Zamazenta-*, L50|
|poke|p1|Chien-Pao, L50|
|poke|p1|Raging Bolt, L50|
|poke|p1|Rillaboom, L50, M|
|poke|p1|Entei, L50|
|poke|p2|Calyrex-Shadow, L50|
|poke|p2|Zamazenta-*, L50|
|poke|p2|Incineroar, L50, M|
|poke|p2|Whimsicott, L50, M|
|poke|p2|Raging Bolt, L50|
|poke|p2|Rillaboom, L50, M|
|teampreview|4
|
|t:|1750752257
|start
|switch|p1a: Calyrex|Calyrex-Shadow, L50|100/100
|switch|p1b: Zamazenta|Zamazenta-Crowned, L50|100/100
|switch|p2a: Incineroar|Incineroar, L50, M|100/100
|switch|p2b: Calyrex|Calyrex-Shadow, L50|100/100
|-ability|p1a: Calyrex|As One
|-ability|p1a: Calyrex|Unnerve
|-ability|p2b: Calyrex|As One
|-ability|p2b: Calyrex|Unnerve
|-ability|p1b: Zamazenta|Dauntless Shield|boost
|-boost|p1b: Zamazenta|def|1
|-ability|p2a: Incineroar|Intimidate|boost
|-unboost|p1a: Calyrex|atk|1
|-unboost|p1b: Zamazenta|atk|1
|turn|1
|
|t:|1750752294
|move|p2b: Calyrex|Protect|p2b: Calyrex
|-singleturn|p2b: Calyrex|Protect
|move|p1a: Calyrex|Astral Barrage|p2b: Calyrex|[spread] p2a
|-activate|p2b: Calyrex|move: Protect
|-resisted|p2a: Incineroar
|-damage|p2a: Incineroar|73/100
|move|p1b: Zamazenta|Body Press|p2a: Incineroar
|-supereffective|p2a: Incineroar
|-damage|p2a: Incineroar|0 fnt
|-damage|p1b: Zamazenta|84/100|[from] item: Rocky Helmet|[of] p2a: Incineroar
|faint|p2a: Incineroar
|
|upkeep
|
|t:|1750752303
|switch|p2a: Whimsicott|Whimsicott, L50, M|100/100
|turn|2
|
|t:|1750752328
|move|p1b: Zamazenta|Wide Guard|p1b: Zamazenta
|-singleturn|p1b: Zamazenta|Wide Guard
|move|p2a: Whimsicott|Fake Tears|p1b: Zamazenta
|-unboost|p1b: Zamazenta|spd|2
|move|p1a: Calyrex|Astral Barrage|p2b: Calyrex|[spread] p2a,p2b
|-supereffective|p2b: Calyrex
|-damage|p2a: Whimsicott|48/100
|-enditem|p2b: Calyrex|Focus Sash
|-damage|p2b: Calyrex|1/100
|move|p2b: Calyrex|Psychic|p1b: Zamazenta
|-damage|p1b: Zamazenta|6/100
|
|upkeep
|turn|3
|j| Keo4
|
|t:|1750752387
|move|p2b: Calyrex|Protect|p2b: Calyrex
|-singleturn|p2b: Calyrex|Protect
|move|p1b: Zamazenta|Wide Guard|p1b: Zamazenta
|-singleturn|p1b: Zamazenta|Wide Guard
|move|p2a: Whimsicott|Tailwind|p2a: Whimsicott
|-sidestart|p2: Jack Adamstim|move: Tailwind
|move|p1a: Calyrex|Astral Barrage|p2b: Calyrex|[spread] p2a
|-activate|p2b: Calyrex|move: Protect
|-damage|p2a: Whimsicott|0 fnt
|faint|p2a: Whimsicott
|-ability|p1a: Calyrex|Grim Neigh|boost
|-boost|p1a: Calyrex|spa|1
|
|upkeep
|
|t:|1750752391
|switch|p2a: Zamazenta|Zamazenta-Crowned, L50|100/100
|-ability|p2a: Zamazenta|Dauntless Shield|boost
|-boost|p2a: Zamazenta|def|1
|turn|4
|
|t:|1750752417
|move|p2a: Zamazenta|Wide Guard|p2a: Zamazenta
|-singleturn|p2a: Zamazenta|Wide Guard
|move|p1b: Zamazenta|Wide Guard|p1b: Zamazenta
|-singleturn|p1b: Zamazenta|Wide Guard
|move|p2b: Calyrex|Encore|p1a: Calyrex
|-start|p1a: Calyrex|Encore
|move|p1a: Calyrex|Astral Barrage|p2a: Zamazenta|[spread] 
|-activate|p2a: Zamazenta|move: Wide Guard
|-activate|p2b: Calyrex|move: Wide Guard
|
|upkeep
|turn|5
|
|t:|1750752478
|move|p2a: Zamazenta|Wide Guard|p2a: Zamazenta
|-singleturn|p2a: Zamazenta|Wide Guard
|move|p1b: Zamazenta|Wide Guard|p1b: Zamazenta
|-singleturn|p1b: Zamazenta|Wide Guard
|move|p2b: Calyrex|Astral Barrage|p1a: Calyrex|[spread] 
|-activate|p1a: Calyrex|move: Wide Guard
|-activate|p1b: Zamazenta|move: Wide Guard
|move|p1a: Calyrex|Astral Barrage|p2b: Calyrex|[spread] 
|-activate|p2a: Zamazenta|move: Wide Guard
|-activate|p2b: Calyrex|move: Wide Guard
|
|upkeep
|turn|6
|
|t:|1750752507
|move|p2a: Zamazenta|Wide Guard|p2a: Zamazenta
|-singleturn|p2a: Zamazenta|Wide Guard
|move|p1b: Zamazenta|Wide Guard|p1b: Zamazenta
|-singleturn|p1b: Zamazenta|Wide Guard
|move|p2b: Calyrex|Psychic|p1a: Calyrex
|-resisted|p1a: Calyrex
|-damage|p1a: Calyrex|73/100
|move|p1a: Calyrex|Astral Barrage|p2a: Zamazenta|[spread] 
|-activate|p2a: Zamazenta|move: Wide Guard
|-activate|p2b: Calyrex|move: Wide Guard
|
|-end|p1a: Calyrex|Encore
|-sideend|p2: Jack Adamstim|move: Tailwind
|upkeep
|turn|7
|
|t:|1750752539
|move|p2b: Calyrex|Protect|p2b: Calyrex
|-singleturn|p2b: Calyrex|Protect
|move|p1a: Calyrex|Protect|p1a: Calyrex
|-singleturn|p1a: Calyrex|Protect
|move|p1b: Zamazenta|Behemoth Bash|p2b: Calyrex
|-activate|p2b: Calyrex|move: Protect
|move|p2a: Zamazenta|Heavy Slam|p1a: Calyrex
|-activate|p1a: Calyrex|move: Protect
|
|upkeep
|turn|8
|
|t:|1750752570
|move|p1b: Zamazenta|Wide Guard|p1b: Zamazenta
|-singleturn|p1b: Zamazenta|Wide Guard
|move|p2b: Calyrex|Psychic|p1b: Zamazenta
|-crit|p1b: Zamazenta
|-damage|p1b: Zamazenta|0 fnt
|faint|p1b: Zamazenta
|-ability|p2b: Calyrex|Grim Neigh|boost
|-boost|p2b: Calyrex|spa|1
|move|p1a: Calyrex|Psychic|p2b: Calyrex
|-resisted|p2b: Calyrex
|-damage|p2b: Calyrex|0 fnt
|faint|p2b: Calyrex
|-ability|p1a: Calyrex|Grim Neigh|boost
|-boost|p1a: Calyrex|spa|1
|move|p2a: Zamazenta|Heavy Slam|p1a: Calyrex
|-damage|p1a: Calyrex|19/100
|
|upkeep
|
|t:|1750752588
|switch|p1b: Entei|Entei, L50|100/100
|turn|9
|l| Keo4
|
|t:|1750752620
|-terastallize|p2a: Zamazenta|Dragon
|move|p1a: Calyrex|Psychic|p2a: Zamazenta
|-damage|p2a: Zamazenta|14/100
|move|p2a: Zamazenta|Heavy Slam|p1a: Calyrex
|-damage|p1a: Calyrex|0 fnt
|faint|p1a: Calyrex
|move|p1b: Entei|Flare Blitz|p2a: Zamazenta
|-resisted|p2a: Zamazenta
|-damage|p2a: Zamazenta|0 fnt
|faint|p2a: Zamazenta
|-damage|p1b: Entei|97/100|[from] Recoil
|
|win|InekoAki
|raw|InekoAki's rating: 1584 &rarr; <strong>1606</strong><br />(+22 for winning)
|raw|Jack Adamstim's rating: 1625 &rarr; <strong>1603</strong><br />(-22 for losing)
|l|☆Jack Adamstim
|player|p2|
