|j|☆lemonalt
|j|☆yanxi0421
|t:|1750847810
|gametype|doubles
|player|p1|lemonalt|plasmagrunt|1341
|player|p2|yanxi0421|1|1265
|teamsize|p1|6
|teamsize|p2|6
|gen|9
|tier|[Gen 9] VGC 2025 Reg I
|rated|
|rule|Species Clause: Limit one of each Pokémon
|rule|Item Clause: Limit 1 of each item
|clearpoke
|poke|p1|Miraidon, L50|
|poke|p1|Sneasler, L50, M|
|poke|p1|Iron Bundle, L50|
|poke|p1|Grimmsnarl, L50, M|
|poke|p1|Calyrex-Shadow, L50|
|poke|p1|Ditto, L50|
|poke|p2|Typhlosion-Hisui, L50, M|
|poke|p2|Lunala, L50|
|poke|p2|Koraidon, L50|
|poke|p2|Ogerpon-Cornerstone, L50, F|
|poke|p2|Rillaboom, L50, M|
|poke|p2|Incineroar, L50, F|
|teampreview|4
|inactive|Battle timer is ON: inactive players will automatically lose when time's up. (requested by lemonalt)
|inactive|yanxi0421 has 60 seconds left.
|
|t:|1750847840
|start
|switch|p1a: Miraidon|Miraidon, L50|100/100
|switch|p1b: Sneasler|Sneasler, L50, M|100/100
|switch|p2a: Lunala|Lunala, L50|100/100
|switch|p2b: Rillaboom|Rillaboom, L50, M|100/100
|-fieldstart|move: Electric Terrain|[from] ability: Hadron Engine|[of] p1a: Miraidon
|-enditem|p1b: Sneasler|Electric Seed
|-boost|p1b: Sneasler|def|1|[from] item: Electric Seed
|-fieldstart|move: Grassy Terrain|[from] ability: Grassy Surge|[of] p2b: Rillaboom
|turn|1
|inactive|yanxi0421 has 30 seconds left.
|
|t:|1750847873
|move|p1b: Sneasler|Fake Out|p2b: Rillaboom
|-damage|p2b: Rillaboom|87/100
|cant|p2b: Rillaboom|flinch
|move|p1a: Miraidon|Snarl|p2a: Lunala|[spread] p2a,p2b
|-supereffective|p2a: Lunala
|-crit|p2b: Rillaboom
|-damage|p2a: Lunala|75/100
|-damage|p2b: Rillaboom|68/100
|-unboost|p2a: Lunala|spa|1
|-unboost|p2b: Rillaboom|spa|1
|move|p2a: Lunala|Meteor Beam||[still]
|-prepare|p2a: Lunala|Meteor Beam
|-boost|p2a: Lunala|spa|1
|-enditem|p2a: Lunala|Power Herb
|-anim|p2a: Lunala|Meteor Beam|p1a: Miraidon
|-damage|p1a: Miraidon|77/100
|
|-heal|p1a: Miraidon|83/100|[from] Grassy Terrain
|-heal|p2a: Lunala|81/100|[from] Grassy Terrain
|-heal|p2b: Rillaboom|74/100|[from] Grassy Terrain
|upkeep
|turn|2
|inactive|yanxi0421 has 30 seconds left.
|inactive|yanxi0421 has 20 seconds left.
|
|t:|1750847909
|-terastallize|p2b: Rillaboom|Fire
|move|p1b: Sneasler|Dire Claw|p2b: Rillaboom
|-damage|p2b: Rillaboom|35/100
|move|p1a: Miraidon|Volt Switch|p2a: Lunala
|-damage|p2a: Lunala|50/100
|
|t:|1750847917
|switch|p1a: Calyrex|Calyrex-Shadow, L50|100/100|[from] Volt Switch
|-ability|p1a: Calyrex|As One
|-ability|p1a: Calyrex|Unnerve
|move|p2a: Lunala|Tailwind|p2a: Lunala
|-sidestart|p2: yanxi0421|move: Tailwind
|move|p2b: Rillaboom|U-turn|p1b: Sneasler
|-resisted|p1b: Sneasler
|-damage|p1b: Sneasler|94/100
|
|t:|1750847928
|switch|p2b: Typhlosion|Typhlosion-Hisui, L50, M|100/100|[from] U-turn
|-item|p1a: Calyrex|Life Orb|[from] ability: Frisk|[of] p2b: Typhlosion
|
|-heal|p1b: Sneasler|100/100|[from] Grassy Terrain
|-heal|p2a: Lunala|56/100|[from] Grassy Terrain
|upkeep
|turn|3
|
|t:|1750847948
|move|p1a: Calyrex|Protect|p1a: Calyrex
|-singleturn|p1a: Calyrex|Protect
|move|p2b: Typhlosion|Eruption|p1a: Calyrex|[spread] p1b
|-activate|p1a: Calyrex|move: Protect
|-damage|p1b: Sneasler|0 fnt
|faint|p1b: Sneasler
|move|p2a: Lunala|Moongeist Beam|p1a: Calyrex
|-activate|p1a: Calyrex|move: Protect
|
|-heal|p2a: Lunala|62/100|[from] Grassy Terrain
|upkeep
|
|t:|1750847958
|switch|p1b: Ditto|Ditto, L50|100/100
|-transform|p1b: Ditto|p2a: Lunala|[from] ability: Imposter
|turn|4
|inactive|yanxi0421 has 30 seconds left.
|
|t:|1750847989
|switch|p2b: Koraidon|Koraidon, L50|100/100
|-weather|SunnyDay|[from] ability: Orichalcum Pulse|[of] p2b: Koraidon
|-activate|p2b: Koraidon|Orichalcum Pulse|[source]
|-terastallize|p1a: Calyrex|Dark
|move|p2a: Lunala|Wide Guard|p2a: Lunala
|-singleturn|p2a: Lunala|Wide Guard
|move|p1b: Ditto|Wide Guard|p1b: Ditto
|-singleturn|p1b: Ditto|Wide Guard
|move|p1a: Calyrex|Astral Barrage|p2a: Lunala|[spread] 
|-activate|p2a: Lunala|move: Wide Guard
|-activate|p2b: Koraidon|move: Wide Guard
|
|-weather|SunnyDay|[upkeep]
|-heal|p2a: Lunala|68/100|[from] Grassy Terrain
|upkeep
|turn|5
|inactive|yanxi0421 has 30 seconds left.
|
|t:|1750848016
|move|p1b: Ditto|Wide Guard|p1b: Ditto
|-singleturn|p1b: Ditto|Wide Guard
|move|p2b: Koraidon|Scale Shot|p1b: Ditto
|-damage|p1b: Ditto|84/100
|-damage|p1b: Ditto|53/100
|-damage|p1b: Ditto|23/100
|-hitcount|p1b: Ditto|3
|-unboost|p2b: Koraidon|def|1
|-boost|p2b: Koraidon|spe|1
|-damage|p2b: Koraidon|91/100|[from] item: Life Orb
|move|p2a: Lunala|Moongeist Beam|p1b: Ditto
|-supereffective|p1b: Ditto
|-damage|p1b: Ditto|0 fnt
|faint|p1b: Ditto
|move|p1a: Calyrex|Psychic|p2b: Koraidon
|-supereffective|p2b: Koraidon
|-damage|p2b: Koraidon|0 fnt
|faint|p2b: Koraidon
|-ability|p1a: Calyrex|Grim Neigh|boost
|-boost|p1a: Calyrex|spa|1
|-damage|p1a: Calyrex|91/100|[from] item: Life Orb
|
|-weather|SunnyDay|[upkeep]
|-heal|p2a: Lunala|75/100|[from] Grassy Terrain
|-heal|p1a: Calyrex|97/100|[from] Grassy Terrain
|-sideend|p2: yanxi0421|move: Tailwind
|-fieldend|move: Grassy Terrain
|upkeep
|
|t:|1750848038
|switch|p2b: Rillaboom|Rillaboom, L50, M, tera:Fire|35/100
|switch|p1b: Miraidon|Miraidon, L50|83/100
|-fieldstart|move: Electric Terrain|[from] ability: Hadron Engine|[of] p1b: Miraidon
|-fieldstart|move: Grassy Terrain|[from] ability: Grassy Surge|[of] p2b: Rillaboom
|turn|6
|
|t:|1750848050
|move|p2b: Rillaboom|Fake Out|p1a: Calyrex
|-damage|p1a: Calyrex|79/100
|cant|p1a: Calyrex|flinch
|move|p1b: Miraidon|Snarl|p2b: Rillaboom|[spread] p2a,p2b
|-supereffective|p2a: Lunala
|-damage|p2a: Lunala|31/100
|-damage|p2b: Rillaboom|24/100
|-unboost|p2a: Lunala|spa|1
|-unboost|p2b: Rillaboom|spa|1
|move|p2a: Lunala|Tailwind|p2a: Lunala
|-sidestart|p2: yanxi0421|move: Tailwind
|
|-weather|SunnyDay|[upkeep]
|-heal|p2a: Lunala|37/100|[from] Grassy Terrain
|-heal|p2b: Rillaboom|30/100|[from] Grassy Terrain
|-heal|p1a: Calyrex|85/100|[from] Grassy Terrain
|-heal|p1b: Miraidon|89/100|[from] Grassy Terrain
|upkeep
|turn|7
|
|t:|1750848070
|move|p2a: Lunala|Moongeist Beam|p1b: Miraidon
|-damage|p1b: Miraidon|70/100
|move|p2b: Rillaboom|Wood Hammer|p1b: Miraidon
|-resisted|p1b: Miraidon
|-damage|p1b: Miraidon|36/100
|-damage|p2b: Rillaboom|18/100|[from] Recoil
|move|p1a: Calyrex|Psychic|p2b: Rillaboom
|-damage|p2b: Rillaboom|0 fnt
|faint|p2b: Rillaboom
|-ability|p1a: Calyrex|Grim Neigh|boost
|-boost|p1a: Calyrex|spa|1
|-damage|p1a: Calyrex|76/100|[from] item: Life Orb
|move|p1b: Miraidon|Electro Drift|p2a: Lunala
|-damage|p2a: Lunala|0 fnt
|faint|p2a: Lunala
|
|-weather|SunnyDay|[upkeep]
|-heal|p1a: Calyrex|82/100|[from] Grassy Terrain
|-heal|p1b: Miraidon|42/100|[from] Grassy Terrain
|upkeep
|
|t:|1750848078
|switch|p2b: Typhlosion|Typhlosion-Hisui, L50, M|100/100
|-item|p1a: Calyrex|Life Orb|[from] ability: Frisk|[of] p2b: Typhlosion
|-item|p1b: Miraidon|Assault Vest|[from] ability: Frisk|[of] p2b: Typhlosion
|turn|8
|
|t:|1750848082
|move|p1a: Calyrex|Protect|p1a: Calyrex
|-singleturn|p1a: Calyrex|Protect
|move|p2b: Typhlosion|Eruption|p1b: Miraidon|[spread] p1b
|-activate|p1a: Calyrex|move: Protect
|-resisted|p1b: Miraidon
|-damage|p1b: Miraidon|12/100
|move|p1b: Miraidon|Snarl|p2b: Typhlosion
|-supereffective|p2b: Typhlosion
|-damage|p2b: Typhlosion|48/100
|-unboost|p2b: Typhlosion|spa|1
|
|-weather|none
|-heal|p2b: Typhlosion|54/100|[from] Grassy Terrain
|-heal|p1a: Calyrex|88/100|[from] Grassy Terrain
|-heal|p1b: Miraidon|18/100|[from] Grassy Terrain
|upkeep
|turn|9
|-message|yanxi0421 forfeited.
|
|win|lemonalt
|raw|lemonalt's rating: 1341 &rarr; <strong>1357</strong><br />(+16 for winning)
|raw|yanxi0421's rating: 1265 &rarr; <strong>1245</strong><br />(-20 for losing)
|l|☆yanxi0421
|player|p2|
|l|☆lemonalt
|player|p1|
