|j|☆Marcel113
|j|☆ShadowShun
|t:|1750876797
|gametype|doubles
|player|p1|Marcel113|266|1503
|player|p2|ShadowShun|maylene|1536
|teamsize|p1|6
|teamsize|p2|6
|gen|9
|tier|[Gen 9] VGC 2025 Reg I
|rated|
|rule|Species Clause: Limit one of each Pokémon
|rule|Item Clause: Limit 1 of each item
|clearpoke
|poke|p1|Miraidon, L50|
|poke|p1|Incineroar, L50, M|
|poke|p1|Primarina, L50, M|
|poke|p1|Gothitelle, L50, F|
|poke|p1|Landorus, L50, M|
|poke|p1|Calyrex-Ice, L50|
|poke|p2|Raichu, L50, M|
|poke|p2|Ogerpon, L50, F|
|poke|p2|Kyogre, L50|
|poke|p2|Zamazenta-*, L50|
|poke|p2|Chien-Pao, L50|
|poke|p2|Tornadus, L50, M|
|teampreview|4
Marcel113 has agreed to open team sheets.
|inactive|Battle timer is ON: inactive players will automatically lose when time's up. (requested by Marcel113)
ShadowShun has agreed to open team sheets.
|showteam|p1|Miraidon||ChoiceSpecs|HadronEngine|ElectroDrift,VoltSwitch,DracoMeteor,DazzlingGleam||||||50|,,,,,Fairy]Incineroar||AssaultVest|Intimidate|FlareBlitz,KnockOff,Uturn,FakeOut|||M|||50|,,,,,Grass]Primarina||ThroatSpray|LiquidVoice|HyperVoice,Moonblast,Protect,PerishSong|||M|||50|,,,,,Ground]Gothitelle||SafetyGoggles|ShadowTag|FakeOut,Protect,Taunt,Psychic|||F|||50|,,,,,Fairy]Landorus||LifeOrb|SheerForce|EarthPower,SludgeBomb,Uturn,Protect|||M|||50|,,,,,Poison]Calyrex-Ice||ChoiceBand|AsOneGlastrier|GlacialLance,HighHorsepower,Crunch,TeraBlast||||||50|,,,,,Water
|showteam|p2|Raichu||AssaultVest|LightningRod|FakeOut,Endeavor,Nuzzle,VoltSwitch|||M|||50|,,,,,Fairy]Ogerpon||Leftovers|Defiant|FollowMe,SpikyShield,HornLeech,Taunt|||F|||50|,,,,,Grass]Kyogre||MysticWater|Drizzle|HydroPump,OriginPulse,IceBeam,Protect||||||50|,,,,,Water]Zamazenta-Crowned||RustedShield|DauntlessShield|WideGuard,HeavySlam,BodyPress,Protect||||||50|,,,,,Grass]Chien-Pao||FocusSash|SwordofRuin|SuckerPunch,ThroatChop,IceSpinner,Protect||||||50|,,,,,Ghost]Tornadus||CovertCloak|Prankster|BleakwindStorm,RainDance,Tailwind,Taunt|||M|||50|,,,,,Dark
|inactive|ShadowShun has 60 seconds left.
|inactive|ShadowShun has 30 seconds left.
|inactive|ShadowShun has 20 seconds left.
|
|t:|1750876884
|start
|switch|p1a: Gothitelle|Gothitelle, L50, F|100/100
|switch|p1b: Miraidon|Miraidon, L50|100/100
|switch|p2a: Raichu|Raichu, L50, M|100/100
|switch|p2b: Chien-Pao|Chien-Pao, L50|100/100
|-ability|p2b: Chien-Pao|Sword of Ruin
|-fieldstart|move: Electric Terrain|[from] ability: Hadron Engine|[of] p1b: Miraidon
|turn|1
|inactive|Marcel113 has 30 seconds left.
|
|t:|1750876911
|-terastallize|p2b: Chien-Pao|Ghost
|-terastallize|p1b: Miraidon|Fairy
|move|p2a: Raichu|Fake Out|p1b: Miraidon
|-damage|p1b: Miraidon|91/100
|move|p1a: Gothitelle|Fake Out|p2b: Chien-Pao
|-immune|p2b: Chien-Pao
|move|p2b: Chien-Pao|Ice Spinner|p1b: Miraidon
|-damage|p1b: Miraidon|43/100
|-fieldend|move: Electric Terrain
|cant|p1b: Miraidon|flinch
|
|upkeep
|turn|2
|inactive|Marcel113 has 30 seconds left.
|inactive|Marcel113 has 20 seconds left.
|inactive|Marcel113 has 15 seconds left.
|inactive|Marcel113 has 10 seconds left.
|
|t:|1750876956
|switch|p1b: Calyrex|Calyrex-Ice, L50|100/100
|-ability|p1b: Calyrex|As One
|-ability|p1b: Calyrex|Unnerve
|move|p2b: Chien-Pao|Ice Spinner|p1b: Calyrex
|-resisted|p1b: Calyrex
|-damage|p1b: Calyrex|86/100
|move|p2a: Raichu|Nuzzle|p1a: Gothitelle
|-crit|p1a: Gothitelle
|-damage|p1a: Gothitelle|90/100
|-status|p1a: Gothitelle|par
|move|p1a: Gothitelle|Psychic|p2b: Chien-Pao
|-damage|p2b: Chien-Pao|52/100
|
|upkeep
|turn|3
|inactive|ShadowShun has 30 seconds left.
|
|t:|1750876983
|move|p1a: Gothitelle|Protect|p1a: Gothitelle
|-singleturn|p1a: Gothitelle|Protect
|move|p2b: Chien-Pao|Throat Chop|p1b: Calyrex
|-supereffective|p1b: Calyrex
|-damage|p1b: Calyrex|19/100
|-start|p1b: Calyrex|Throat Chop|[silent]
|move|p2a: Raichu|Nuzzle|p1b: Calyrex
|-damage|p1b: Calyrex|14/100
|-status|p1b: Calyrex|par
|move|p1b: Calyrex|Glacial Lance|p2a: Raichu|[spread] p2a,p2b
|-damage|p2a: Raichu|0 fnt
|-damage|p2b: Chien-Pao|0 fnt
|faint|p2a: Raichu
|faint|p2b: Chien-Pao
|-ability|p1b: Calyrex|Chilling Neigh|boost
|-boost|p1b: Calyrex|atk|2
|
|upkeep
|
|t:|1750876994
|switch|p2b: Kyogre|Kyogre, L50|100/100
|switch|p2a: Zamazenta|Zamazenta-Crowned, L50|100/100
|-ability|p2a: Zamazenta|Dauntless Shield|boost
|-boost|p2a: Zamazenta|def|1
|-weather|RainDance|[from] ability: Drizzle|[of] p2b: Kyogre
|turn|4
|inactive|ShadowShun has 30 seconds left.
|
|t:|1750877026
|move|p2a: Zamazenta|Wide Guard|p2a: Zamazenta
|-singleturn|p2a: Zamazenta|Wide Guard
|move|p2b: Kyogre|Hydro Pump|p1a: Gothitelle
|-damage|p1a: Gothitelle|0 fnt
|faint|p1a: Gothitelle
|move|p1b: Calyrex|Glacial Lance|p2a: Zamazenta|[spread] 
|-activate|p2a: Zamazenta|move: Wide Guard
|-activate|p2b: Kyogre|move: Wide Guard
|
|-weather|RainDance|[upkeep]
|-end|p1b: Calyrex|Throat Chop|[silent]
|upkeep
|
|t:|1750877036
|switch|p1a: Miraidon|Miraidon, L50, tera:Fairy|43/100
|-fieldstart|move: Electric Terrain|[from] ability: Hadron Engine|[of] p1a: Miraidon
|turn|5
|
|t:|1750877053
|move|p2a: Zamazenta|Heavy Slam|p1a: Miraidon
|-supereffective|p1a: Miraidon
|-damage|p1a: Miraidon|0 fnt
|faint|p1a: Miraidon
|move|p2b: Kyogre|Origin Pulse|p1b: Calyrex
|-damage|p1b: Calyrex|0 fnt
|faint|p1b: Calyrex
|
|-weather|RainDance|[upkeep]
|upkeep
|
|t:|1750877064
|switch|p1a: Landorus|Landorus, L50, M|100/100
|turn|6
|
|t:|1750877075
|move|p1a: Landorus|Protect|p1a: Landorus
|-singleturn|p1a: Landorus|Protect
|move|p2a: Zamazenta|Heavy Slam|p1a: Landorus
|-activate|p1a: Landorus|move: Protect
|move|p2b: Kyogre|Ice Beam|p1a: Landorus
|-activate|p1a: Landorus|move: Protect
|
|-weather|RainDance|[upkeep]
|upkeep
|turn|7
|-message|Marcel113 forfeited.
|
|win|ShadowShun
|raw|Marcel113's rating: 1503 &rarr; <strong>1485</strong><br />(-18 for losing)
|raw|ShadowShun's rating: 1536 &rarr; <strong>1554</strong><br />(+18 for winning)
|l|☆Marcel113
|player|p1|
|l|☆ShadowShun
|player|p2|
