|j|☆ArtiskFox
|j|☆AverageCosmogFan
|t:|1750827418
|gametype|doubles
|player|p1|ArtiskFox|170|1392
|player|p2|AverageCosmogFan|170|1300
|teamsize|p1|6
|teamsize|p2|6
|gen|9
|tier|[Gen 9] VGC 2025 Reg I
|rated|
|rule|Species Clause: Limit one of each Pokémon
|rule|Item Clause: Limit 1 of each item
|clearpoke
|poke|p1|Ho-Oh, L50|
|poke|p1|Miraidon, L50|
|poke|p1|Incineroar, L50, F|
|poke|p1|Chien-Pao, L50|
|poke|p1|Iron Hands, L50|
|poke|p1|Iron Valiant, L50|
|poke|p2|Landorus, L50, M|
|poke|p2|Okidogi, L50, M|
|poke|p2|Ogerpon-Wellspring, L50, F|
|poke|p2|Calyrex-Ice, L50|
|poke|p2|Miraidon, L50|
|poke|p2|Incineroar, L50, F|
|teampreview|4
AverageCosmogFan has agreed to open team sheets.
|inactive|Battle timer is ON: inactive players will automatically lose when time's up. (requested by ArtiskFox)
|
|t:|1750827494
|start
|switch|p1a: Incineroar|Incineroar, L50, F|100/100
|switch|p1b: Ho-Oh|Ho-Oh, L50|100/100
|switch|p2a: Okidogi|Okidogi, L50, M|100/100
|switch|p2b: Landorus|Landorus, L50, M|100/100
|-ability|p1a: Incineroar|Intimidate|boost
|-ability|p2a: Okidogi|Guard Dog|boost
|-boost|p2a: Okidogi|atk|1
|-unboost|p2b: Landorus|atk|1
|turn|1
|
|t:|1750827518
|-terastallize|p2b: Landorus|Ghost
|move|p1a: Incineroar|Fake Out|p2b: Landorus
|-immune|p2b: Landorus
|move|p2b: Landorus|Sludge Bomb|p1b: Ho-Oh
|-damage|p1b: Ho-Oh|77/100
|move|p1b: Ho-Oh|Brave Bird|p2a: Okidogi
|-supereffective|p2a: Okidogi
|-crit|p2a: Okidogi
|-damage|p2a: Okidogi|0 fnt
|faint|p2a: Okidogi
|-damage|p1b: Ho-Oh|50/100|[from] Recoil
|
|upkeep
|
|t:|1750827531
|switch|p2a: Miraidon|Miraidon, L50|100/100
|-fieldstart|move: Electric Terrain|[from] ability: Hadron Engine|[of] p2a: Miraidon
|turn|2
|
|t:|1750827547
|switch|p2b: Calyrex|Calyrex-Ice, L50|100/100
|-ability|p2b: Calyrex|As One
|-ability|p2b: Calyrex|Unnerve
|move|p1b: Ho-Oh|Protect|p1b: Ho-Oh
|-singleturn|p1b: Ho-Oh|Protect
|move|p2a: Miraidon|Electro Drift|p1b: Ho-Oh
|-activate|p1b: Ho-Oh|move: Protect
|move|p1a: Incineroar|Parting Shot|p2a: Miraidon
|-unboost|p2a: Miraidon|atk|1
|-unboost|p2a: Miraidon|spa|1
|
|t:|1750827561
|switch|p1a: Chien-Pao|Chien-Pao, L50|100/100|[from] Parting Shot
|-ability|p1a: Chien-Pao|Sword of Ruin
|
|upkeep
|turn|3
|
|t:|1750827575
|move|p1a: Chien-Pao|Icicle Crash|p2a: Miraidon|[miss]
|-miss|p1a: Chien-Pao|p2a: Miraidon
|move|p2a: Miraidon|Electro Drift|p1b: Ho-Oh
|-supereffective|p1b: Ho-Oh
|-damage|p1b: Ho-Oh|0 fnt
|faint|p1b: Ho-Oh
|move|p2b: Calyrex|Glacial Lance|p1a: Chien-Pao
|-resisted|p1a: Chien-Pao
|-damage|p1a: Chien-Pao|40/100
|
|upkeep
|
|t:|1750827579
|switch|p1b: Incineroar|Incineroar, L50, F|100/100
|-ability|p1b: Incineroar|Intimidate|boost
|-unboost|p2a: Miraidon|atk|1
|-fail|p2b: Calyrex|unboost|[from] item: Clear Amulet|[of] p2b: Calyrex
|turn|4
|
|t:|1750827597
|move|p2b: Calyrex|Protect|p2b: Calyrex
|-singleturn|p2b: Calyrex|Protect
|move|p1b: Incineroar|Fake Out|p2b: Calyrex
|-activate|p2b: Calyrex|move: Protect
|move|p1a: Chien-Pao|Icicle Crash|p2a: Miraidon|[miss]
|-miss|p1a: Chien-Pao|p2a: Miraidon
|move|p2a: Miraidon|Electro Drift|p1a: Chien-Pao
|-damage|p1a: Chien-Pao|0 fnt
|faint|p1a: Chien-Pao
|
|upkeep
|
|t:|1750827606
|switch|p1a: Miraidon|Miraidon, L50|100/100
|-activate|p1a: Miraidon|ability: Hadron Engine
|turn|5
|
|t:|1750827623
|-terastallize|p1a: Miraidon|Fairy
|move|p1a: Miraidon|Dazzling Gleam|p2a: Miraidon|[spread] p2a,p2b
|-supereffective|p2a: Miraidon
|-damage|p2a: Miraidon|16/100
|-damage|p2b: Calyrex|55/100
|move|p2a: Miraidon|Electro Drift|p1b: Incineroar
|-damage|p1b: Incineroar|32/100
|-damage|p2a: Miraidon|0 fnt|[from] item: Rocky Helmet|[of] p1b: Incineroar
|faint|p2a: Miraidon
|move|p2b: Calyrex|Glacial Lance|p1b: Incineroar|[spread] p1a,p1b
|-resisted|p1b: Incineroar
|-damage|p1a: Miraidon|48/100
|-damage|p1b: Incineroar|5/100
|move|p1b: Incineroar|Knock Off|p2b: Calyrex
|-supereffective|p2b: Calyrex
|-damage|p2b: Calyrex|9/100
|-enditem|p2b: Calyrex|Clear Amulet|[from] move: Knock Off|[of] p1b: Incineroar
|
|upkeep
|
|t:|1750827639
|switch|p2a: Landorus|Landorus, L50, M, tera:Ghost|100/100
|turn|6
|
|t:|1750827646
|move|p2a: Landorus|Sludge Bomb|p1a: Miraidon
|-supereffective|p1a: Miraidon
|-damage|p1a: Miraidon|0 fnt
|faint|p1a: Miraidon
|move|p2b: Calyrex|Glacial Lance|p1b: Incineroar
|-resisted|p1b: Incineroar
|-damage|p1b: Incineroar|0 fnt
|faint|p1b: Incineroar
|
|win|AverageCosmogFan
|raw|ArtiskFox's rating: 1392 &rarr; <strong>1367</strong><br />(-25 for losing)
|raw|AverageCosmogFan's rating: 1300 &rarr; <strong>1331</strong><br />(+31 for winning)
|l|☆ArtiskFox
|player|p1|
|l|☆AverageCosmogFan
|player|p2|
