|j|☆Aozora Kazama青空風間
|j|☆Jordan88
|t:|1750748767
|gametype|doubles
|player|p1|Aozora Kazama青空風間|265|1198
|player|p2|Jordan88|dancer|1116
|teamsize|p1|6
|teamsize|p2|6
|gen|9
|tier|[Gen 9] VGC 2025 Reg I
|rated|
|rule|Species Clause: Limit one of each Pokémon
|rule|Item Clause: Limit 1 of each item
|clearpoke
|poke|p1|Tatsugiri, L50, M|
|poke|p1|Dondozo, L50, M|
|poke|p1|Stonjourner, L50, M|
|poke|p1|Zacian-*, L50|
|poke|p1|Calyrex-Shadow, L50|
|poke|p1|Weezing-Galar, L50, M|
|poke|p2|Dragapult, L50, F|
|poke|p2|Kyurem-White, L50|
|poke|p2|Groudon, L50|
|poke|p2|Grimmsnarl, L50, M|
|poke|p2|Moltres-Galar, L50|
|poke|p2|Whimsicott, L50, F|
|teampreview|4
|inactive|Battle timer is ON: inactive players will automatically lose when time's up. (requested by Jordan88)
|inactive|Aozora Kazama青空風間 also wants the timer to be on.
|inactive|Aozora Kazama青空風間 has 60 seconds left.
|inactive|Jordan88 has 60 seconds left.
|
|t:|1750748807
|start
|switch|p1a: Weezing|Weezing-Galar, L50, M, shiny|100/100
|switch|p1b: Calyrex|Calyrex-Shadow, L50|100/100
|switch|p2a: Dragapult|Dragapult, L50, F|100/100
|switch|p2b: Whimsicott|Whimsicott, L50, F|100/100
|-ability|p1a: Weezing|Neutralizing Gas
|-ability|p1b: Calyrex|As One
|-ability|p1b: Calyrex|Unnerve
|turn|1
|
|t:|1750748829
|-terastallize|p1b: Calyrex|Dragon
|move|p1b: Calyrex|Astral Barrage|p2b: Whimsicott|[spread] p2a,p2b
|-supereffective|p2a: Dragapult
|-enditem|p2a: Dragapult|Focus Sash
|-damage|p2a: Dragapult|1/100
|-damage|p2b: Whimsicott|50/100
|move|p2a: Dragapult|Thunder Wave|p1b: Calyrex
|-status|p1b: Calyrex|par
|move|p2b: Whimsicott|Tailwind|p2b: Whimsicott
|-sidestart|p2: Jordan88|move: Tailwind
|move|p1a: Weezing|Poison Gas|p2b: Whimsicott|[spread] p2a,p2b
|-status|p2a: Dragapult|psn
|-status|p2b: Whimsicott|psn
|
|-damage|p2a: Dragapult|0 fnt|[from] psn
|faint|p2a: Dragapult
|-damage|p2b: Whimsicott|38/100 psn|[from] psn
|upkeep
|
|t:|1750748850
|switch|p2a: Groudon|Groudon, L50|100/100
|turn|2
|
|t:|1750748862
|switch|p1b: Stonehenge|Stonjourner, L50, M, shiny|100/100
|move|p2b: Whimsicott|Taunt|p1a: Weezing
|-start|p1a: Weezing|move: Taunt
|move|p2a: Groudon|Precipice Blades|p1b: Stonehenge|[spread] p1a,p1b
|-supereffective|p1a: Weezing
|-supereffective|p1b: Stonehenge
|-crit|p1b: Stonehenge
|-damage|p1a: Weezing|5/100
|-enditem|p1b: Stonehenge|Focus Sash
|-damage|p1b: Stonehenge|1/100
|cant|p1a: Weezing|move: Taunt|Will-O-Wisp
|
|-damage|p2b: Whimsicott|26/100 psn|[from] psn
|upkeep
|turn|3
|
|t:|1750748883
|move|p1b: Stonehenge|Wide Guard|p1b: Stonehenge
|-singleturn|p1b: Stonehenge|Wide Guard
|move|p2b: Whimsicott|Moonblast|p1b: Stonehenge
|-damage|p1b: Stonehenge|0 fnt
|faint|p1b: Stonehenge
|move|p2a: Groudon|High Horsepower|p1a: Weezing
|-supereffective|p1a: Weezing
|-damage|p1a: Weezing|0 fnt
|faint|p1a: Weezing
|-end|p1a: Weezing|ability: Neutralizing Gas
|-weather|SunnyDay|[from] ability: Drought|[of] p2a: Groudon
|
|-weather|SunnyDay|[upkeep]
|-damage|p2b: Whimsicott|14/100 psn|[from] psn
|upkeep
|
|t:|1750748892
|switch|p1b: Arthur the king|Zacian-Crowned, L50, shiny|100/100
|switch|p1a: Calyrex|Calyrex-Shadow, L50, tera:Dragon|100/100 par
|-ability|p1a: Calyrex|As One
|-ability|p1a: Calyrex|Unnerve
|-ability|p1b: Arthur the king|Intrepid Sword|boost
|-boost|p1b: Arthur the king|atk|1
|turn|4
|inactive|Jordan88 has 30 seconds left.
|
|t:|1750748923
|move|p1b: Arthur the king|Quick Attack|p2b: Whimsicott
|-damage|p2b: Whimsicott|0 fnt
|faint|p2b: Whimsicott
|move|p2a: Groudon|Precipice Blades|p1b: Arthur the king|[spread] p1a,p1b
|-supereffective|p1b: Arthur the king
|-damage|p1a: Calyrex|37/100 par
|-damage|p1b: Arthur the king|0 fnt
|faint|p1b: Arthur the king
|move|p1a: Calyrex|Astral Barrage|p2a: Groudon
|-damage|p2a: Groudon|26/100
|
|-weather|SunnyDay|[upkeep]
|-sideend|p2: Jordan88|move: Tailwind
|upkeep
|
|t:|1750748936
|switch|p2b: Moltres|Moltres-Galar, L50|100/100
|turn|5
|
|t:|1750748947
|move|p2b: Moltres|Fiery Wrath|p1a: Calyrex
|-damage|p1a: Calyrex|0 fnt
|faint|p1a: Calyrex
|
|win|Jordan88
|raw|Aozora Kazama青空風間's rating: 1198 &rarr; <strong>1167</strong><br />(-31 for losing)
|raw|Jordan88's rating: 1116 &rarr; <strong>1147</strong><br />(+31 for winning)
|l|☆Aozora Kazama青空風間
|player|p1|
|l|☆Jordan88
|player|p2|
