|j|☆LasermanZ1
|j|☆laxiusx
|t:|1750736884
|gametype|doubles
|player|p1|LasermanZ1|ash|
|player|p2|laxiusx|veteranf|
|teamsize|p1|6
|teamsize|p2|6
|gen|9
|tier|[Gen 9] VGC 2025 Reg I
|rated|Tournament battle
|rule|Species Clause: Limit one of each Pokémon
|rule|Item Clause: Limit 1 of each item
|raw|<div class="infobox"><details class="readmore" open><summary><strong>2 custom rules:</strong></summary> Force Open Team Sheets, !Open Team Sheets</details></div>
|clearpoke
|poke|p1|Koraidon, L50|
|poke|p1|Terapagos, L50, M|
|poke|p1|Flutter Mane, L50|
|poke|p1|Rillaboom, L50, M|
|poke|p1|Incineroar, L50, M|
|poke|p1|Volcarona, L50, M|
|poke|p2|Incineroar, L50, M|
|poke|p2|Urshifu-*, L50, F|
|poke|p2|Calyrex-Shadow, L50|
|poke|p2|Flutter Mane, L50|
|poke|p2|Terapagos, L50, M|
|poke|p2|Raging Bolt, L50|
|teampreview|4
|showteam|p1|Koraidon||LifeOrb|OrichalcumPulse|CloseCombat,FlareBlitz,FlameCharge,Protect||||||50|,,,,,Fire]Terapagos||Leftovers|TeraShift|TeraStarstorm,CalmMind,EarthPower,Protect|||M|||50|,,,,,Stellar]Flutter Mane||FocusSash|Protosynthesis|Moonblast,ShadowBall,IcyWind,Protect||||||50|,,,,,Stellar]Rillaboom||AssaultVest|GrassySurge|GrassyGlide,WoodHammer,FakeOut,Uturn|||M|||50|,,,,,Poison]Incineroar||SafetyGoggles|Intimidate|KnockOff,FakeOut,Taunt,Uturn|||M|||50|,,,,,Ghost]Volcarona||RockyHelmet|FlameBody|StruggleBug,Overheat,RagePowder,MorningSun|||M|||50|,,,,,Grass
|showteam|p2|Incineroar||RockyHelmet|Intimidate|FakeOut,WillOWisp,PartingShot,KnockOff|||M|||50|,,,,,Bug]Urshifu-Rapid-Strike||ChoiceScarf|UnseenFist|SurgingStrikes,Uturn,AquaJet,CloseCombat|||F|||50|,,,,,Water]Calyrex-Shadow||LifeOrb|AsOneSpectrier|AstralBarrage,Protect,Psyshock,CalmMind||||||50|,,,,,Normal]Flutter Mane||FocusSash|Protosynthesis|IcyWind,Moonblast,ShadowBall,Protect||||||50|,,,,,Normal]Terapagos||Leftovers|TeraShift|Protect,EarthPower,TeraStarstorm,CalmMind|||M|||50|,,,,,Stellar]Raging Bolt||AssaultVest|Protosynthesis|Snarl,Thunderclap,DragonPulse,Thunderbolt||||||50|,,,,,Fairy
|inactive|Battle timer is ON: inactive players will automatically lose when time's up. (requested by laxiusx)
|inactive|LasermanZ1 has 60 seconds left.
|j| turtle100000000
|inactive|laxiusx has 60 seconds left.
|j| whyyoudothat34
|l| whyyoudothat34
|j| whyyoudothat34
|inactive|LasermanZ1 has 30 seconds left.
|inactive|LasermanZ1 has 20 seconds left.
|inactive|laxiusx has 30 seconds left.
|inactive|LasermanZ1 has 15 seconds left.
|inactive|LasermanZ1 has 10 seconds left.
|inactive|laxiusx has 20 seconds left.
|l| turtle100000000
|inactive|laxiusx has 15 seconds left.
|
|t:|1750736974
|start
|switch|p1a: Koraidon|Koraidon, L50|100/100
|switch|p1b: Flutter Mane|Flutter Mane, L50|100/100
|switch|p2a: Incineroar|Incineroar, L50, M|100/100
|switch|p2b: Flutter Mane|Flutter Mane, L50|100/100
|-weather|SunnyDay|[from] ability: Orichalcum Pulse|[of] p1a: Koraidon
|-activate|p1b: Flutter Mane|ability: Protosynthesis
|-start|p1b: Flutter Mane|protosynthesisspe
|-activate|p2b: Flutter Mane|ability: Protosynthesis
|-start|p2b: Flutter Mane|protosynthesisspe
|-activate|p1a: Koraidon|Orichalcum Pulse|[source]
|-ability|p2a: Incineroar|Intimidate|boost
|-unboost|p1a: Koraidon|atk|1
|-unboost|p1b: Flutter Mane|atk|1
|turn|1
|inactive|LasermanZ1 has 30 seconds left.
|
|t:|1750737002
|move|p2b: Flutter Mane|Protect|p2b: Flutter Mane
|-singleturn|p2b: Flutter Mane|Protect
|move|p1b: Flutter Mane|Protect|p1b: Flutter Mane
|-singleturn|p1b: Flutter Mane|Protect
|move|p1a: Koraidon|Protect|p1a: Koraidon
|-singleturn|p1a: Koraidon|Protect
|move|p2a: Incineroar|Fake Out|p1a: Koraidon
|-activate|p1a: Koraidon|move: Protect
|
|-weather|SunnyDay|[upkeep]
|upkeep
|turn|2
|inactive|LasermanZ1 has 30 seconds left.
|j| Iamsliverfish
|inactive|LasermanZ1 has 20 seconds left.
|inactive|LasermanZ1 has 15 seconds left.
|
|t:|1750737046
|-terastallize|p1a: Koraidon|Fire
|move|p2b: Flutter Mane|Moonblast|p1a: Koraidon
|-resisted|p1a: Koraidon
|-damage|p1a: Koraidon|74/100
|move|p1b: Flutter Mane|Icy Wind|p2a: Incineroar|[spread] p2a
|-miss|p1b: Flutter Mane|p2b: Flutter Mane
|-resisted|p2a: Incineroar
|-damage|p2a: Incineroar|95/100
|-unboost|p2a: Incineroar|spe|1
|move|p1a: Koraidon|Close Combat|p2a: Incineroar
|-supereffective|p2a: Incineroar
|-damage|p2a: Incineroar|0 fnt
|-unboost|p1a: Koraidon|def|1
|-unboost|p1a: Koraidon|spd|1
|-damage|p1a: Koraidon|58/100|[from] item: Rocky Helmet|[of] p2a: Incineroar
|faint|p2a: Incineroar
|-damage|p1a: Koraidon|48/100|[from] item: Life Orb
|
|-weather|SunnyDay|[upkeep]
|upkeep
|
|t:|1750737055
|switch|p2a: Raging Bolt|Raging Bolt, L50|100/100
|-activate|p2a: Raging Bolt|ability: Protosynthesis
|-start|p2a: Raging Bolt|protosynthesisspa
|turn|3
|j| Firebee033
|inactive|LasermanZ1 has 30 seconds left.
|inactive|laxiusx has 30 seconds left.
|inactive|LasermanZ1 has 20 seconds left.
|inactive|LasermanZ1 has 15 seconds left.
|inactive|LasermanZ1 has 10 seconds left.
|inactive|LasermanZ1 has 5 seconds left.
|
|t:|1750737107
|move|p1a: Koraidon|Protect|p1a: Koraidon
|-singleturn|p1a: Koraidon|Protect
|move|p2a: Raging Bolt|Thunderclap|p1b: Flutter Mane
|-damage|p1b: Flutter Mane|48/100
|move|p2b: Flutter Mane|Shadow Ball|p1b: Flutter Mane
|-supereffective|p1b: Flutter Mane
|-damage|p1b: Flutter Mane|0 fnt
|faint|p1b: Flutter Mane
|-end|p1b: Flutter Mane|Protosynthesis|[silent]
|
|-weather|SunnyDay|[upkeep]
|upkeep
|
|t:|1750737124
|switch|p1b: Incineroar|Incineroar, L50, M|100/100
|-ability|p1b: Incineroar|Intimidate|boost
|-unboost|p2a: Raging Bolt|atk|1
|-unboost|p2b: Flutter Mane|atk|1
|turn|4
|j| sheepie_sheep
|
|t:|1750737135
|move|p1b: Incineroar|Fake Out|p2a: Raging Bolt
|-damage|p2a: Raging Bolt|91/100
|cant|p2a: Raging Bolt|flinch
|move|p2b: Flutter Mane|Shadow Ball|p1a: Koraidon
|-damage|p1a: Koraidon|0 fnt
|faint|p1a: Koraidon
|
|-weather|SunnyDay|[upkeep]
|upkeep
|c|☆LasermanZ1|of course
|c|☆LasermanZ1|1 miss ruins everything
|
|t:|1750737152
|switch|p1a: Terapagos|Terapagos, L50, M|100/100
|-activate|p1a: Terapagos|ability: Tera Shift
|detailschange|p1a: Terapagos|Terapagos-Terastal, L50, M
|-heal|p1a: Terapagos|100/100|[silent]
|turn|5
|j|@Bright Size
|
|t:|1750737164
|move|p2b: Flutter Mane|Moonblast|p1a: Terapagos
|-activate|p1a: Terapagos|ability: Tera Shell
|-resisted|p1a: Terapagos
|-damage|p1a: Terapagos|77/100
|-unboost|p1a: Terapagos|spa|1
|move|p1a: Terapagos|Calm Mind|p1a: Terapagos
|-boost|p1a: Terapagos|spa|1
|-boost|p1a: Terapagos|spd|1
|move|p2a: Raging Bolt|Snarl|p1a: Terapagos|[spread] p1a,p1b
|-crit|p1a: Terapagos
|-resisted|p1b: Incineroar
|-damage|p1a: Terapagos|54/100
|-damage|p1b: Incineroar|91/100
|-unboost|p1a: Terapagos|spa|1
|-unboost|p1b: Incineroar|spa|1
|move|p1b: Incineroar|Knock Off|p2a: Raging Bolt
|-damage|p2a: Raging Bolt|62/100
|-enditem|p2a: Raging Bolt|Assault Vest|[from] move: Knock Off|[of] p1b: Incineroar
|
|-weather|none
|-end|p2b: Flutter Mane|Protosynthesis
|-end|p2a: Raging Bolt|Protosynthesis
|-heal|p1a: Terapagos|60/100|[from] item: Leftovers
|upkeep
|turn|6
|c|☆LasermanZ1|I don't even feel like playing anymore
|inactive|LasermanZ1 has 30 seconds left.
|
|t:|1750737194
|move|p2b: Flutter Mane|Moonblast|p1a: Terapagos
|-damage|p1a: Terapagos|33/100
|move|p1a: Terapagos|Earth Power|p2a: Raging Bolt
|-supereffective|p2a: Raging Bolt
|-damage|p2a: Raging Bolt|37/100
|move|p2a: Raging Bolt|Thunderbolt|p1b: Incineroar
|-damage|p1b: Incineroar|39/100
|move|p1b: Incineroar|Knock Off|p2a: Raging Bolt
|-damage|p2a: Raging Bolt|16/100
|
|-heal|p1a: Terapagos|39/100|[from] item: Leftovers
|upkeep
|turn|7
|
|t:|1750737210
|move|p1a: Terapagos|Protect|p1a: Terapagos
|-singleturn|p1a: Terapagos|Protect
|move|p2a: Raging Bolt|Thunderclap||[still]
|-fail|p2a: Raging Bolt
|move|p2b: Flutter Mane|Moonblast|p1b: Incineroar
|-damage|p1b: Incineroar|0 fnt
|faint|p1b: Incineroar
|
|-heal|p1a: Terapagos|45/100|[from] item: Leftovers
|upkeep
|turn|8
|l| Firebee033
|j| percystevenson
|
|t:|1750737225
|move|p2b: Flutter Mane|Moonblast|p1a: Terapagos
|-damage|p1a: Terapagos|16/100
|-unboost|p1a: Terapagos|spa|1
|move|p1a: Terapagos|Earth Power|p2a: Raging Bolt
|-supereffective|p2a: Raging Bolt
|-damage|p2a: Raging Bolt|0 fnt
|faint|p2a: Raging Bolt
|-end|p2a: Raging Bolt|Protosynthesis|[silent]
|
|-heal|p1a: Terapagos|22/100|[from] item: Leftovers
|upkeep
|
|t:|1750737229
|switch|p2a: Calyrex|Calyrex-Shadow, L50|100/100
|-ability|p2a: Calyrex|As One
|-ability|p2a: Calyrex|Unnerve
|turn|9
|l| sheepie_sheep
|
|t:|1750737243
|move|p1a: Terapagos|Protect|p1a: Terapagos
|-singleturn|p1a: Terapagos|Protect
|move|p2a: Calyrex|Calm Mind|p2a: Calyrex
|-boost|p2a: Calyrex|spa|1
|-boost|p2a: Calyrex|spd|1
|move|p2b: Flutter Mane|Moonblast|p1a: Terapagos
|-activate|p1a: Terapagos|move: Protect
|
|-heal|p1a: Terapagos|28/100|[from] item: Leftovers
|upkeep
|turn|10
|
|t:|1750737254
|move|p2a: Calyrex|Psyshock|p1a: Terapagos
|-damage|p1a: Terapagos|0 fnt
|faint|p1a: Terapagos
|-damage|p2a: Calyrex|91/100|[from] item: Life Orb
|
|win|laxiusx
|n|☆LasermanZ1|lasermanz1
|n|☆laxiusx|laxiusx
|n| whyyoudothat34|whyyoudothat34
|n| Iamsliverfish|iamsliverfish
|n| Bright Size|brightsize
|n| percystevenson|percystevenson
|l| percystevenson
