|j|☆kuikoo
|j|☆maulober
|t:|1750846575
|gametype|doubles
|player|p1|kuikoo|170|1281
|player|p2|maulober|102|1255
|teamsize|p1|6
|teamsize|p2|6
|gen|9
|tier|[Gen 9] VGC 2025 Reg I
|rated|
|rule|Species Clause: Limit one of each Pokémon
|rule|Item Clause: Limit 1 of each item
|clearpoke
|poke|p1|Miraidon, L50|
|poke|p1|Kyogre, L50|
|poke|p1|Urshifu-*, L50, F|
|poke|p1|Incineroar, L50, M|
|poke|p1|Iron Valiant, L50|
|poke|p1|Iron Hands, L50|
|poke|p2|Clodsire, L50, F|
|poke|p2|Riolu, L50, M|
|poke|p2|Zamazenta-*, L50|
|poke|p2|Lugia, L50|
|poke|p2|Klefki, L50, M|
|poke|p2|Spectrier, L50|
|teampreview|4
|inactive|Battle timer is ON: inactive players will automatically lose when time's up. (requested by kuikoo)
|
|t:|1750846600
|start
|switch|p1a: Iron Valiant|Iron Valiant, L50|100/100
|switch|p1b: Incineroar|Incineroar, L50, M|100/100
|switch|p2a: Clodsire|Clodsire, L50, F|100/100
|switch|p2b: Klefki|Klefki, L50, M|100/100
|-ability|p1b: Incineroar|Intimidate|boost
|-unboost|p2a: Clodsire|atk|1
|-unboost|p2b: Klefki|atk|1
|turn|1
|
|t:|1750846607
|move|p1b: Incineroar|Fake Out|p2b: Klefki
|-resisted|p2b: Klefki
|-damage|p2b: Klefki|96/100
|cant|p2b: Klefki|flinch
|move|p1a: Iron Valiant|Taunt|p2a: Clodsire
|-start|p2a: Clodsire|move: Taunt
|cant|p2a: Clodsire|move: Taunt|Stealth Rock
|
|upkeep
|turn|2
|
|t:|1750846619
|switch|p2a: Zamazenta|Zamazenta-Crowned, L50|100/100
|-ability|p2a: Zamazenta|Dauntless Shield|boost
|-boost|p2a: Zamazenta|def|1
|move|p2b: Klefki|Spikes|p1a: Iron Valiant
|-sidestart|p1: kuikoo|Spikes
|move|p1a: Iron Valiant|Taunt|p2b: Klefki
|-start|p2b: Klefki|move: Taunt
|move|p1b: Incineroar|Parting Shot|p2b: Klefki
|-unboost|p2b: Klefki|atk|1
|-unboost|p2b: Klefki|spa|1
|
|t:|1750846633
|switch|p1b: Iron Hands|Iron Hands, L50|100/100|[from] Parting Shot
|-damage|p1b: Iron Hands|88/100|[from] Spikes
|
|upkeep
|turn|3
|
|t:|1750846646
|switch|p2b: Riolu|Riolu, L50, M|100/100
|move|p1a: Iron Valiant|Spirit Break|p2a: Zamazenta
|-damage|p2a: Zamazenta|85/100
|-unboost|p2a: Zamazenta|spa|1
|move|p1b: Iron Hands|Drain Punch|p2a: Zamazenta
|-supereffective|p2a: Zamazenta
|-damage|p2a: Zamazenta|46/100
|-heal|p1b: Iron Hands|100/100|[from] drain|[of] p2a: Zamazenta
|move|p2a: Zamazenta|Roar|p1b: Iron Hands
|-end|p1b: Iron Hands|Quark Drive|[silent]
|drag|p1b: Urshifu|Urshifu-Rapid-Strike, L50, F|100/100
|-damage|p1b: Urshifu|88/100|[from] Spikes
|
|upkeep
|turn|4
|
|t:|1750846667
|move|p2b: Riolu|Copycat||[still]
|-fail|p2b: Riolu
|move|p1b: Urshifu|Close Combat|p2a: Zamazenta
|-supereffective|p2a: Zamazenta
|-damage|p2a: Zamazenta|0 fnt
|-unboost|p1b: Urshifu|def|1
|-unboost|p1b: Urshifu|spd|1
|faint|p2a: Zamazenta
|move|p1a: Iron Valiant|Taunt|p2b: Riolu
|-start|p2b: Riolu|move: Taunt
|
|upkeep
|
|t:|1750846673
|switch|p2a: Klefki|Klefki, L50, M|96/100
|turn|5
|-message|maulober forfeited.
|
|win|kuikoo
|raw|kuikoo's rating: 1281 &rarr; <strong>1304</strong><br />(+23 for winning)
|raw|maulober's rating: 1255 &rarr; <strong>1232</strong><br />(-23 for losing)
|l|☆maulober
|player|p2|
|l|☆kuikoo
|player|p1|
