|j|☆cuongfreefire
|j|☆Npc red panther
|t:|1750733465
|gametype|doubles
|player|p1|cuongfreefire|unknown|1524
|player|p2|Npc red panther|101|1534
|teamsize|p1|6
|teamsize|p2|6
|gen|9
|tier|[Gen 9] VGC 2025 Reg I
|rated|
|rule|Species Clause: Limit one of each Pokémon
|rule|Item Clause: Limit 1 of each item
|clearpoke
|poke|p1|Calyrex-Ice, L50|
|poke|p1|Scraggy, L50, M|
|poke|p1|Miraidon, L50|
|poke|p1|Farigiraf, L50, M|
|poke|p1|Iron Treads, L50|
|poke|p1|Iron Hands, L50|
|poke|p2|Smeargle, L50, M|
|poke|p2|Calyrex-Ice, L50|
|poke|p2|Rillaboom, L50, F|
|poke|p2|Ditto, L50|
|poke|p2|Grimmsnarl, L50, M|
|poke|p2|Kyogre, L50|
|teampreview|4
|inactive|Battle timer is ON: inactive players will automatically lose when time's up. (requested by cuongfreefire)
|
|t:|1750733494
|start
|switch|p1a: Miraidon|Miraidon, L50|100/100
|switch|p1b: Farigiraf|Farigiraf, L50, M|100/100
|switch|p2a: Smeargle|Smeargle, L50, M|100/100
|switch|p2b: Calyrex|Calyrex-Ice, L50|100/100
|-ability|p2b: Calyrex|As One
|-ability|p2b: Calyrex|Unnerve
|-fieldstart|move: Electric Terrain|[from] ability: Hadron Engine|[of] p1a: Miraidon
|-enditem|p1b: Farigiraf|Electric Seed
|-boost|p1b: Farigiraf|def|1|[from] item: Electric Seed
|turn|1
|
|t:|1750733504
|move|p2b: Calyrex|Protect|p2b: Calyrex
|-singleturn|p2b: Calyrex|Protect
|move|p1a: Miraidon|Volt Switch|p2a: Smeargle
|-enditem|p2a: Smeargle|Focus Sash
|-damage|p2a: Smeargle|1/100
|
|t:|1750733514
|switch|p1a: Scraggy|Scraggy, L50, M|100/100|[from] Volt Switch
|-ability|p1a: Scraggy|Intimidate|boost
|-unboost|p2a: Smeargle|atk|1
|-unboost|p2b: Calyrex|atk|1
|move|p2a: Smeargle|Decorate|p2b: Calyrex
|-boost|p2b: Calyrex|atk|2
|-boost|p2b: Calyrex|spa|2
|move|p1b: Farigiraf|Psychic|p2a: Smeargle
|-damage|p2a: Smeargle|0 fnt
|faint|p2a: Smeargle
|
|upkeep
|
|t:|1750733524
|switch|p2a: Rillaboom|Rillaboom, L50, F|100/100
|-fieldstart|move: Grassy Terrain|[from] ability: Grassy Surge|[of] p2a: Rillaboom
|turn|2
|
|t:|1750733534
|-terastallize|p2b: Calyrex|Fire
|move|p1a: Scraggy|Fake Out|p2b: Calyrex
|-damage|p2b: Calyrex|96/100
|move|p2a: Rillaboom|U-turn|p1a: Scraggy
|-damage|p1a: Scraggy|80/100
|
|t:|1750733540
|switch|p2a: Ditto|Ditto, L50|100/100|[from] U-turn
|-transform|p2a: Ditto|p1b: Farigiraf|[from] ability: Imposter
|move|p1b: Farigiraf|Foul Play|p2b: Calyrex
|-damage|p2b: Calyrex|58/100
|cant|p2b: Calyrex|flinch
|
|-heal|p2b: Calyrex|64/100|[from] Grassy Terrain
|-heal|p2b: Calyrex|70/100|[from] item: Leftovers
|-heal|p1a: Scraggy|85/100|[from] Grassy Terrain
|upkeep
|turn|3
|
|t:|1750733554
|switch|p1a: Calyrex|Calyrex-Ice, L50|100/100
|-ability|p1a: Calyrex|As One
|-ability|p1a: Calyrex|Unnerve
|move|p2a: Ditto|Helping Hand|p2b: Calyrex
|-singleturn|p2b: Calyrex|Helping Hand|[of] p2a: Ditto
|move|p1b: Farigiraf|Foul Play|p2b: Calyrex
|-damage|p2b: Calyrex|31/100
|move|p2b: Calyrex|Glacial Lance|p1b: Farigiraf|[spread] p1a,p1b
|-resisted|p1a: Calyrex
|-damage|p1a: Calyrex|61/100
|-damage|p1b: Farigiraf|35/100
|
|-heal|p1b: Farigiraf|41/100|[from] Grassy Terrain
|-heal|p2b: Calyrex|37/100|[from] Grassy Terrain
|-heal|p2b: Calyrex|43/100|[from] item: Leftovers
|-heal|p1a: Calyrex|67/100|[from] Grassy Terrain
|upkeep
|turn|4
|inactive|Npc red panther has 30 seconds left.
|
|t:|1750733583
|switch|p1b: Scraggy|Scraggy, L50, M|85/100
|-ability|p1b: Scraggy|Intimidate|boost
|-unboost|p2a: Ditto|atk|1
|-unboost|p2b: Calyrex|atk|1
|move|p2a: Ditto|Helping Hand|p2b: Calyrex
|-singleturn|p2b: Calyrex|Helping Hand|[of] p2a: Ditto
|move|p2b: Calyrex|Leech Seed|p1a: Calyrex
|-start|p1a: Calyrex|move: Leech Seed
|move|p1a: Calyrex|High Horsepower|p2b: Calyrex
|-supereffective|p2b: Calyrex
|-damage|p2b: Calyrex|0 fnt
|faint|p2b: Calyrex
|-ability|p1a: Calyrex|Chilling Neigh|boost
|-boost|p1a: Calyrex|atk|1
|
|-heal|p1a: Calyrex|72/100|[from] Grassy Terrain
|-heal|p1b: Scraggy|91/100|[from] Grassy Terrain
|upkeep
|
|t:|1750733588
|switch|p2b: Rillaboom|Rillaboom, L50, F|100/100
|turn|5
|-message|Npc red panther forfeited.
|
|win|cuongfreefire
|raw|cuongfreefire's rating: 1524 &rarr; <strong>1545</strong><br />(+21 for winning)
|raw|Npc red panther's rating: 1534 &rarr; <strong>1513</strong><br />(-21 for losing)
|l|☆Npc red panther
|player|p2|
|l|☆cuongfreefire
|player|p1|
