|j|☆Slowpoke Well YT
|j|☆CobbleWob
|t:|1750870071
|gametype|doubles
|player|p1|Slowpoke Well YT|ethan|1509
|player|p2|CobbleWob|265|1548
|teamsize|p1|6
|teamsize|p2|6
|gen|9
|tier|[Gen 9] VGC 2025 Reg I
|rated|
|rule|Species Clause: Limit one of each Pokémon
|rule|Item Clause: Limit 1 of each item
|clearpoke
|poke|p1|Pachirisu, L50, F|
|poke|p1|Miraidon, L50|
|poke|p1|Calyrex-Ice, L50|
|poke|p1|Farigiraf, L50, F|
|poke|p1|Whimsicott, L50, F|
|poke|p1|Urshifu-*, L50, F|
|poke|p2|Terapagos, L50, M|
|poke|p2|Calyrex-Shadow, L50|
|poke|p2|Smeargle, L50, F|
|poke|p2|Incineroar, L50, M|
|poke|p2|Raging Bolt, L50|
|poke|p2|Ogerpon-Hearthflame, L50, F|
|teampreview|4
|inactive|Battle timer is ON: inactive players will automatically lose when time's up. (requested by Slowpoke Well YT)
|inactive|CobbleWob has 60 seconds left.
|inactive|Slowpoke Well YT has 60 seconds left.
|
|t:|1750870121
|start
|switch|p1a: Pachirisu|Pachirisu, L50, F, shiny|100/100
|switch|p1b: Miraidon|Miraidon, L50|100/100
|switch|p2a: Calyrex|Calyrex-Shadow, L50|100/100
|switch|p2b: Incineroar|Incineroar, L50, M|100/100
|-ability|p2a: Calyrex|As One
|-ability|p2a: Calyrex|Unnerve
|-fieldstart|move: Electric Terrain|[from] ability: Hadron Engine|[of] p1b: Miraidon
|-ability|p2b: Incineroar|Intimidate|boost
|-unboost|p1a: Pachirisu|atk|1
|-unboost|p1b: Miraidon|atk|1
|turn|1
|inactive|CobbleWob has 30 seconds left.
|inactive|CobbleWob has 20 seconds left.
|
|t:|1750870156
|move|p2a: Calyrex|Protect|p2a: Calyrex
|-singleturn|p2a: Calyrex|Protect
|move|p1b: Miraidon|Protect|p1b: Miraidon
|-singleturn|p1b: Miraidon|Protect
|move|p1a: Pachirisu|Protect|p1a: Pachirisu
|-singleturn|p1a: Pachirisu|Protect
|move|p2b: Incineroar|Parting Shot|p1b: Miraidon
|-activate|p1b: Miraidon|move: Protect
|
|upkeep
|turn|2
|
|t:|1750870175
|switch|p2a: Raging Bolt|Raging Bolt, L50|100/100
|-terastallize|p1b: Miraidon|Electric
|move|p1a: Pachirisu|Helping Hand|p1b: Miraidon
|-singleturn|p1b: Miraidon|Helping Hand|[of] p1a: Pachirisu
|move|p1b: Miraidon|Discharge|p2b: Incineroar|[spread] p2a,p2b
|-immune|p1a: Pachirisu|[from] ability: Volt Absorb
|-resisted|p2a: Raging Bolt
|-damage|p2a: Raging Bolt|70/100
|-damage|p2b: Incineroar|0 fnt
|faint|p2b: Incineroar
|
|upkeep
|
|t:|1750870186
|switch|p2b: Terapagos|Terapagos, L50, M|100/100
|-activate|p2b: Terapagos|ability: Tera Shift
|detailschange|p2b: Terapagos|Terapagos-Terastal, L50, M
|-heal|p2b: Terapagos|100/100|[silent]
|turn|3
|
|t:|1750870211
|move|p1a: Pachirisu|Protect|p1a: Pachirisu
|-singleturn|p1a: Pachirisu|Protect
|move|p2a: Raging Bolt|Protect|p2a: Raging Bolt
|-singleturn|p2a: Raging Bolt|Protect
|move|p1b: Miraidon|Draco Meteor|p2a: Raging Bolt
|-activate|p2a: Raging Bolt|move: Protect
|move|p2b: Terapagos|Calm Mind|p2b: Terapagos
|-boost|p2b: Terapagos|spa|1
|-boost|p2b: Terapagos|spd|1
|
|upkeep
|turn|4
|
|t:|1750870225
|-terastallize|p2b: Terapagos|Stellar
|detailschange|p2b: Terapagos|Terapagos-Stellar, L50, M, tera:Stellar
|-heal|p2b: Terapagos|100/100|[silent]
|-ability|p2b: Terapagos|Teraform Zero
|-fieldend|move: Electric Terrain
|move|p1b: Miraidon|Draco Meteor|p2a: Raging Bolt
|-supereffective|p2a: Raging Bolt
|-damage|p2a: Raging Bolt|0 fnt
|-unboost|p1b: Miraidon|spa|2
|faint|p2a: Raging Bolt
|-end|p2a: Raging Bolt|Protosynthesis|[silent]
|move|p1a: Pachirisu|Encore|p2b: Terapagos
|-start|p2b: Terapagos|Encore
|move|p2b: Terapagos|Calm Mind|p2b: Terapagos
|-boost|p2b: Terapagos|spa|1
|-boost|p2b: Terapagos|spd|1
|
|upkeep
|
|t:|1750870236
|switch|p2a: Calyrex|Calyrex-Shadow, L50|100/100
|-ability|p2a: Calyrex|As One
|-ability|p2a: Calyrex|Unnerve
|turn|5
|
|t:|1750870246
|move|p1a: Pachirisu|Helping Hand|p1b: Miraidon
|-singleturn|p1b: Miraidon|Helping Hand|[of] p1a: Pachirisu
|move|p2a: Calyrex|Astral Barrage|p1a: Pachirisu|[spread] p1a,p1b
|-damage|p1a: Pachirisu|25/100
|-damage|p1b: Miraidon|38/100
|-damage|p2a: Calyrex|91/100|[from] item: Life Orb
|move|p1b: Miraidon|Discharge|p2b: Terapagos|[spread] p2a,p2b
|-heal|p1a: Pachirisu|50/100|[from] ability: Volt Absorb|[of] p1b: Miraidon
|-damage|p2a: Calyrex|46/100
|-damage|p2b: Terapagos|88/100
|move|p2b: Terapagos|Calm Mind|p2b: Terapagos
|-boost|p2b: Terapagos|spa|1
|-boost|p2b: Terapagos|spd|1
|
|-heal|p2b: Terapagos|94/100|[from] item: Leftovers
|upkeep
|turn|6
|
|t:|1750870270
|move|p1a: Pachirisu|Protect|p1a: Pachirisu
|-singleturn|p1a: Pachirisu|Protect
|move|p2a: Calyrex|Astral Barrage|p1b: Miraidon|[spread] p1b
|-activate|p1a: Pachirisu|move: Protect
|-damage|p1b: Miraidon|0 fnt
|faint|p1b: Miraidon
|-ability|p2a: Calyrex|Grim Neigh|boost
|-boost|p2a: Calyrex|spa|1
|-damage|p2a: Calyrex|37/100|[from] item: Life Orb
|move|p2b: Terapagos|Calm Mind|p2b: Terapagos
|-boost|p2b: Terapagos|spa|1
|-boost|p2b: Terapagos|spd|1
|
|-heal|p2b: Terapagos|100/100|[from] item: Leftovers
|-end|p2b: Terapagos|Encore
|upkeep
|
|t:|1750870285
|switch|p1b: Whimsicott|Whimsicott, L50, F|100/100
|turn|7
|
|t:|1750870292
|move|p2b: Terapagos|Protect|p2b: Terapagos
|-singleturn|p2b: Terapagos|Protect
|move|p1b: Whimsicott|Tailwind|p1b: Whimsicott
|-sidestart|p1: Slowpoke Well YT|move: Tailwind
|move|p1a: Pachirisu|Encore|p2b: Terapagos
|-activate|p2b: Terapagos|move: Protect
|move|p2a: Calyrex|Disable|p1a: Pachirisu
|-start|p1a: Pachirisu|Disable|Encore
|
|upkeep
|turn|8
|
|t:|1750870310
|move|p1a: Pachirisu|Protect|p1a: Pachirisu
|-singleturn|p1a: Pachirisu|Protect
|move|p1b: Whimsicott|Encore|p2b: Terapagos
|-start|p2b: Terapagos|Encore
|move|p2a: Calyrex|Astral Barrage|p1a: Pachirisu|[spread] p1b
|-activate|p1a: Pachirisu|move: Protect
|-damage|p1b: Whimsicott|0 fnt
|faint|p1b: Whimsicott
|-ability|p2a: Calyrex|Grim Neigh|boost
|-boost|p2a: Calyrex|spa|1
|-damage|p2a: Calyrex|27/100|[from] item: Life Orb
|move|p2b: Terapagos|Protect||[still]
|-fail|p2b: Terapagos
|
|upkeep
|
|t:|1750870323
|switch|p1b: Calyrex|Calyrex-Ice, L50|100/100
|-ability|p1b: Calyrex|As One
|-ability|p1b: Calyrex|Unnerve
|turn|9
|
|t:|1750870345
|move|p1a: Pachirisu|Helping Hand|p1b: Calyrex
|-singleturn|p1b: Calyrex|Helping Hand|[of] p1a: Pachirisu
|move|p2b: Terapagos|Protect|p2b: Terapagos
|-singleturn|p2b: Terapagos|Protect
|move|p2a: Calyrex|Astral Barrage|p1b: Calyrex|[spread] p1a,p1b
|-supereffective|p1b: Calyrex
|-damage|p1a: Pachirisu|0 fnt
|-damage|p1b: Calyrex|0 fnt
|faint|p1a: Pachirisu
|faint|p1b: Calyrex
|-damage|p2a: Calyrex|18/100|[from] item: Life Orb
|
|win|CobbleWob
|raw|Slowpoke Well YT's rating: 1509 &rarr; <strong>1491</strong><br />(-18 for losing)
|raw|CobbleWob's rating: 1548 &rarr; <strong>1566</strong><br />(+18 for winning)
|l|☆Slowpoke Well YT
|player|p1|
|l|☆CobbleWob
|player|p2|
