|j|☆demitribien
|j|☆Jackfruit Chicago
|t:|1750778417
|gametype|doubles
|player|p1|demitribien|170|1212
|player|p2|Jackfruit Chicago|169|1166
|teamsize|p1|6
|teamsize|p2|6
|gen|9
|tier|[Gen 9] VGC 2025 Reg I
|rated|
|rule|Species Clause: Limit one of each Pokémon
|rule|Item Clause: Limit 1 of each item
|clearpoke
|poke|p1|Zacian-*, L50|
|poke|p1|Lunala, L50|
|poke|p1|Whimsicott, L50, M|
|poke|p1|Indeedee-F, L50, F|
|poke|p1|Raging Bolt, L50|
|poke|p1|Incineroar, L50, F|
|poke|p2|Eternatus, L50|
|poke|p2|Calyrex-Ice, L50|
|poke|p2|Charizard, L50, F|
|poke|p2|Grimmsnarl, L50, M|
|poke|p2|Fletchinder, L50, M|
|poke|p2|Arbok, L50, F|
|teampreview|4
|inactive|Battle timer is ON: inactive players will automatically lose when time's up. (requested by demitribien)
|
|t:|1750778450
|start
|switch|p1a: Lunala|Lunala, L50|100/100
|switch|p1b: Incineroar|Incineroar, L50, F|100/100
|switch|p2a: Fletchinder|Fletchinder, L50, M|100/100
|switch|p2b: Arbok|Arbok, L50, F|100/100
|-ability|p2b: Arbok|Intimidate|boost
|-unboost|p1a: Lunala|atk|1
|-unboost|p1b: Incineroar|atk|1
|-ability|p1b: Incineroar|Intimidate|boost
|-unboost|p2a: Fletchinder|atk|1
|-unboost|p2b: Arbok|atk|1
|turn|1
|inactive|demitribien has 30 seconds left.
|inactive|Jackfruit Chicago has 30 seconds left.
|
|t:|1750778484
|switch|p1b: Indeedee|Indeedee-F, L50, F|100/100
|-fieldstart|move: Psychic Terrain|[from] ability: Psychic Surge|[of] p1b: Indeedee
|-enditem|p1b: Indeedee|Psychic Seed
|-boost|p1b: Indeedee|spd|1|[from] item: Psychic Seed
|move|p2a: Fletchinder|Tailwind|p2a: Fletchinder
|-sidestart|p2: Jackfruit Chicago|move: Tailwind
|move|p2b: Arbok|Gunk Shot|p1b: Indeedee
|-damage|p1b: Indeedee|56/100
|move|p1a: Lunala|Expanding Force|p2b: Arbok|[spread] p2a,p2b
|-supereffective|p2b: Arbok
|-enditem|p2a: Fletchinder|Focus Sash
|-damage|p2a: Fletchinder|1/100
|-damage|p2b: Arbok|0 fnt
|faint|p2b: Arbok
|
|upkeep
|
|t:|1750778502
|switch|p2b: Eternatus|Eternatus, L50|100/100
|-ability|p2b: Eternatus|Pressure
|turn|2
|
|t:|1750778521
|move|p2b: Eternatus|Dynamax Cannon|p1a: Lunala
|-damage|p1a: Lunala|71/100
|-damage|p2b: Eternatus|91/100|[from] item: Life Orb
|move|p2a: Fletchinder|Defog|p1a: Lunala
|-unboost|p1a: Lunala|evasion|1
|-fieldend|move: Psychic Terrain
|move|p1a: Lunala|Expanding Force|p2b: Eternatus
|-supereffective|p2b: Eternatus
|-damage|p2b: Eternatus|17/100
|move|p1b: Indeedee|Trick Room|p1b: Indeedee
|-fieldstart|move: Trick Room|[of] p1b: Indeedee
|
|upkeep
|turn|3
|inactive|demitribien has 30 seconds left.
|
|t:|1750778556
|switch|p2a: Calyrex|Calyrex-Ice, L50|100/100
|-ability|p2a: Calyrex|As One
|-ability|p2a: Calyrex|Unnerve
|move|p1b: Indeedee|Psychic|p2a: Calyrex
|-resisted|p2a: Calyrex
|-crit|p2a: Calyrex
|-damage|p2a: Calyrex|85/100
|move|p1a: Lunala|Expanding Force|p2b: Eternatus
|-supereffective|p2b: Eternatus
|-damage|p2b: Eternatus|0 fnt
|faint|p2b: Eternatus
|
|upkeep
|c|☆Jackfruit Chicago|How’s my team?
|
|t:|1750778566
|switch|p2b: Fletchinder|Fletchinder, L50, M|1/100
|turn|4
|
|t:|1750778580
|switch|p1b: Incineroar|Incineroar, L50, F|100/100
|-ability|p1b: Incineroar|Intimidate|boost
|-unboost|p2a: Calyrex|atk|1
|-unboost|p2b: Fletchinder|atk|1
|move|p1a: Lunala|Wide Guard|p1a: Lunala
|-singleturn|p1a: Lunala|Wide Guard
|move|p2a: Calyrex|Glacial Lance|p1b: Incineroar|[spread] 
|-activate|p1a: Lunala|move: Wide Guard
|-activate|p1b: Incineroar|move: Wide Guard
|move|p2b: Fletchinder|Will-O-Wisp|p1a: Lunala
|-status|p1a: Lunala|brn
|
|-damage|p1a: Lunala|65/100 brn|[from] brn
|-sideend|p2: Jackfruit Chicago|move: Tailwind
|upkeep
|turn|5
|
|t:|1750778604
|move|p1b: Incineroar|Fake Out|p2a: Calyrex
|-damage|p2a: Calyrex|75/100
|move|p2a: Calyrex|Close Combat|p1b: Incineroar
|-supereffective|p1b: Incineroar
|-damage|p1b: Incineroar|31/100
|-unboost|p2a: Calyrex|def|1
|-unboost|p2a: Calyrex|spd|1
|move|p2b: Fletchinder|Defog|p1b: Incineroar
|-unboost|p1b: Incineroar|evasion|1
|move|p1a: Lunala|Moongeist Beam|p2b: Fletchinder
|-damage|p2b: Fletchinder|0 fnt
|faint|p2b: Fletchinder
|
|-damage|p1a: Lunala|59/100 brn|[from] brn
|upkeep
|turn|6
|
|t:|1750778628
|move|p1a: Lunala|Wide Guard|p1a: Lunala
|-singleturn|p1a: Lunala|Wide Guard
|move|p2a: Calyrex|Close Combat|p1b: Incineroar
|-supereffective|p1b: Incineroar
|-crit|p1b: Incineroar
|-damage|p1b: Incineroar|0 fnt
|-unboost|p2a: Calyrex|def|1
|-unboost|p2a: Calyrex|spd|1
|faint|p1b: Incineroar
|-ability|p2a: Calyrex|Chilling Neigh|boost
|-boost|p2a: Calyrex|atk|1
|
|-damage|p1a: Lunala|52/100 brn|[from] brn
|-fieldend|move: Trick Room
|upkeep
|
|t:|1750778640
|switch|p1b: Zacian|Zacian-Crowned, L50|100/100
|-ability|p1b: Zacian|Intrepid Sword|boost
|-boost|p1b: Zacian|atk|1
|turn|7
|
|t:|1750778656
|-terastallize|p1b: Zacian|Stellar
|-terastallize|p2a: Calyrex|Psychic
|move|p1b: Zacian|Behemoth Blade|p2a: Calyrex
|-damage|p2a: Calyrex|0 fnt
|faint|p2a: Calyrex
|
|win|demitribien
|raw|demitribien's rating: 1212 &rarr; <strong>1234</strong><br />(+22 for winning)
|raw|Jackfruit Chicago's rating: 1166 &rarr; <strong>1144</strong><br />(-22 for losing)
|l|☆Jackfruit Chicago
|player|p2|
|l|☆demitribien
|player|p1|
