|j|☆testy accounty 2
|j|☆Emirnent
|t:|1750718736
|gametype|doubles
|player|p1|testy accounty 2|101|1667
|player|p2|Emirnent|265|1771
|teamsize|p1|6
|teamsize|p2|6
|gen|9
|tier|[Gen 9] VGC 2025 Reg I
|rated|
|rule|Species Clause: Limit one of each Pokémon
|rule|Item Clause: Limit 1 of each item
|clearpoke
|poke|p1|Lunala, L50|
|poke|p1|Miraidon, L50|
|poke|p1|Incineroar, L50, M|
|poke|p1|Rillaboom, L50, M|
|poke|p1|Farigiraf, L50, F|
|poke|p1|Ursaluna, L50, F|
|poke|p2|Calyrex-Ice, L50|
|poke|p2|Kyogre, L50|
|poke|p2|Smeargle, L50, M|
|poke|p2|Raging Bolt, L50|
|poke|p2|Tornadus, L50, M|
|poke|p2|Landorus, L50, M|
|teampreview|4
|inactive|Battle timer is ON: inactive players will automatically lose when time's up. (requested by Emirnent)
|
|t:|1750718770
|start
|switch|p1a: Lunala|Lunala, L50|100/100
|switch|p1b: Miraidon|Miraidon, L50|100/100
|switch|p2a: Calyrex|Calyrex-Ice, L50|100/100
|switch|p2b: Kyogre|Kyogre, L50|100/100
|-ability|p2a: Calyrex|As One
|-ability|p2a: Calyrex|Unnerve
|-fieldstart|move: Electric Terrain|[from] ability: Hadron Engine|[of] p1b: Miraidon
|-weather|RainDance|[from] ability: Drizzle|[of] p2b: Kyogre
|turn|1
|inactive|testy accounty 2 has 30 seconds left.
|
|t:|1750718801
|move|p1b: Miraidon|Draco Meteor|p2a: Calyrex
|-damage|p2a: Calyrex|49/100
|-unboost|p1b: Miraidon|spa|2
|move|p2b: Kyogre|Water Spout|p1a: Lunala|[spread] p1a,p1b
|-resisted|p1b: Miraidon
|-damage|p1a: Lunala|63/100
|-damage|p1b: Miraidon|62/100
|move|p1a: Lunala|Moongeist Beam|p2a: Calyrex
|-supereffective|p2a: Calyrex
|-damage|p2a: Calyrex|0 fnt
|faint|p2a: Calyrex
|
|-weather|RainDance|[upkeep]
|-heal|p1a: Lunala|69/100|[from] item: Leftovers
|upkeep
|
|t:|1750718814
|switch|p2a: Landorus|Landorus, L50, M|100/100
|turn|2
|
|t:|1750718829
|switch|p1b: Ian|Incineroar, L50, M|100/100
|-ability|p1b: Ian|Intimidate|boost
|-unboost|p2a: Landorus|atk|1
|-unboost|p2b: Kyogre|atk|1
|move|p1a: Lunala|Protect|p1a: Lunala
|-singleturn|p1a: Lunala|Protect
|move|p2b: Kyogre|Water Spout|p1b: Ian|[spread] p1b
|-activate|p1a: Lunala|move: Protect
|-supereffective|p1b: Ian
|-damage|p1b: Ian|0 fnt
|faint|p1b: Ian
|move|p2a: Landorus|Earth Power|p1a: Lunala
|-activate|p1a: Lunala|move: Protect
|
|-weather|RainDance|[upkeep]
|-heal|p1a: Lunala|75/100|[from] item: Leftovers
|upkeep
|
|t:|1750718848
|switch|p1b: Kenny|Rillaboom, L50, M|100/100
|-fieldstart|move: Grassy Terrain|[from] ability: Grassy Surge|[of] p1b: Kenny
|turn|3
|
|t:|1750718864
|switch|p2b: Raging Bolt|Raging Bolt, L50|100/100
|-enditem|p2b: Raging Bolt|Booster Energy
|-activate|p2b: Raging Bolt|ability: Protosynthesis|[fromitem]
|-start|p2b: Raging Bolt|protosynthesisspa
|move|p1b: Kenny|Fake Out|p2b: Raging Bolt
|-damage|p2b: Raging Bolt|89/100
|move|p1a: Lunala|Moongeist Beam|p2b: Raging Bolt
|-damage|p2b: Raging Bolt|45/100
|move|p2a: Landorus|Sandsear Storm|p1a: Lunala|[spread] p1a,p1b
|-resisted|p1b: Kenny
|-damage|p1a: Lunala|31/100
|-damage|p1b: Kenny|80/100
|
|-weather|RainDance|[upkeep]
|-heal|p1a: Lunala|38/100|[from] Grassy Terrain
|-heal|p1a: Lunala|44/100|[from] item: Leftovers
|-heal|p1b: Kenny|86/100|[from] Grassy Terrain
|-heal|p2b: Raging Bolt|51/100|[from] Grassy Terrain
|upkeep
|turn|4
|inactive|Emirnent has 30 seconds left.
|inactive|Emirnent has 20 seconds left.
|inactive|Emirnent has 15 seconds left.
|
|t:|1750718905
|move|p1a: Lunala|Protect|p1a: Lunala
|-singleturn|p1a: Lunala|Protect
|move|p2b: Raging Bolt|Protect|p2b: Raging Bolt
|-singleturn|p2b: Raging Bolt|Protect
|move|p1b: Kenny|Wood Hammer|p2a: Landorus
|-damage|p2a: Landorus|28/100
|-damage|p1b: Kenny|61/100|[from] Recoil
|move|p2a: Landorus|Earth Power|p1a: Lunala
|-activate|p1a: Lunala|move: Protect
|
|-weather|RainDance|[upkeep]
|-heal|p1a: Lunala|50/100|[from] Grassy Terrain
|-heal|p1a: Lunala|56/100|[from] item: Leftovers
|-heal|p1b: Kenny|68/100|[from] Grassy Terrain
|-heal|p2b: Raging Bolt|57/100|[from] Grassy Terrain
|upkeep
|turn|5
|
|t:|1750718928
|-terastallize|p1a: Lunala|Fairy
|-terastallize|p2b: Raging Bolt|Electric
|move|p2b: Raging Bolt|Thunderclap|p1a: Lunala
|-damage|p1a: Lunala|3/100
|move|p1a: Lunala|Moonblast|p2b: Raging Bolt
|-damage|p2b: Raging Bolt|13/100
|move|p1b: Kenny|Wood Hammer|p2a: Landorus
|-damage|p2a: Landorus|0 fnt
|faint|p2a: Landorus
|-damage|p1b: Kenny|58/100|[from] Recoil
|
|-weather|none
|-heal|p1a: Lunala|9/100|[from] Grassy Terrain
|-heal|p1a: Lunala|15/100|[from] item: Leftovers
|-heal|p1b: Kenny|65/100|[from] Grassy Terrain
|-heal|p2b: Raging Bolt|20/100|[from] Grassy Terrain
|upkeep
|
|t:|1750718940
|switch|p2a: Kyogre|Kyogre, L50|100/100
|-weather|RainDance|[from] ability: Drizzle|[of] p2a: Kyogre
|turn|6
|inactive|testy accounty 2 has 30 seconds left.
|
|t:|1750718968
|move|p1a: Lunala|Protect|p1a: Lunala
|-singleturn|p1a: Lunala|Protect
|move|p1b: Kenny|Grassy Glide|p2a: Kyogre
|-supereffective|p2a: Kyogre
|-damage|p2a: Kyogre|21/100
|move|p2a: Kyogre|Origin Pulse|p1b: Kenny|[spread] p1b
|-activate|p1a: Lunala|move: Protect
|-resisted|p1b: Kenny
|-damage|p1b: Kenny|43/100
|move|p2b: Raging Bolt|Dragon Pulse|p1b: Kenny
|-damage|p1b: Kenny|3/100
|
|-weather|RainDance|[upkeep]
|-heal|p2a: Kyogre|27/100|[from] Grassy Terrain
|-heal|p1a: Lunala|21/100|[from] Grassy Terrain
|-heal|p1a: Lunala|28/100|[from] item: Leftovers
|-heal|p1b: Kenny|9/100|[from] Grassy Terrain
|-heal|p2b: Raging Bolt|26/100|[from] Grassy Terrain
|upkeep
|turn|7
|
|t:|1750718986
|move|p1b: Kenny|Grassy Glide|p2a: Kyogre
|-supereffective|p2a: Kyogre
|-damage|p2a: Kyogre|0 fnt
|faint|p2a: Kyogre
|move|p2b: Raging Bolt|Thunderclap||[still]
|-fail|p2b: Raging Bolt
|move|p1a: Lunala|Calm Mind|p1a: Lunala
|-boost|p1a: Lunala|spa|1
|-boost|p1a: Lunala|spd|1
|
|-weather|RainDance|[upkeep]
|-heal|p1a: Lunala|34/100|[from] Grassy Terrain
|-heal|p1a: Lunala|40/100|[from] item: Leftovers
|-heal|p1b: Kenny|16/100|[from] Grassy Terrain
|-heal|p2b: Raging Bolt|32/100|[from] Grassy Terrain
|-fieldend|move: Grassy Terrain
|upkeep
|turn|8
|-message|Emirnent forfeited.
|
|win|testy accounty 2
|raw|testy accounty 2's rating: 1667 &rarr; <strong>1693</strong><br />(+26 for winning)
|raw|Emirnent's rating: 1771 &rarr; <strong>1745</strong><br />(-26 for losing)
|l|☆Emirnent
|player|p2|
|l|☆testy accounty 2
|player|p1|
