|j|☆Borislax
|j|☆Kwiper
|t:|1750726209
|gametype|doubles
|player|p1|Borislax|elesa|1544
|player|p2|Kwiper|sycamore|1666
|teamsize|p1|6
|teamsize|p2|6
|gen|9
|tier|[Gen 9] VGC 2025 Reg I
|rated|
|rule|Species Clause: Limit one of each Pokémon
|rule|Item Clause: Limit 1 of each item
|clearpoke
|poke|p1|Rayquaza, L50|
|poke|p1|Chien-Pao, L50|
|poke|p1|Dondozo, L50, M|
|poke|p1|Tatsugiri, L50, M|
|poke|p1|Calyrex-Shadow, L50|
|poke|p1|Chi-Yu, L50|
|poke|p2|Koraidon, L50|
|poke|p2|Lunala, L50|
|poke|p2|Indeedee-F, L50, F|
|poke|p2|Urshifu-*, L50, M|
|poke|p2|Volcarona, L50, M|
|poke|p2|Ursaluna, L50, M|
|teampreview|4
|inactive|Battle timer is ON: inactive players will automatically lose when time's up. (requested by Kwiper)
Borislax has agreed to open team sheets.
|
|t:|1750726235
|start
|switch|p1a: Oogie|Rayquaza, L50|100/100
|switch|p1b: Boogie|Chien-Pao, L50|100/100
|switch|p2a: Lunala|Lunala, L50, shiny|100/100
|switch|p2b: Indeedee|Indeedee-F, L50, F|100/100
|-ability|p1b: Boogie|Sword of Ruin
|-ability|p1a: Oogie|Air Lock
|-fieldstart|move: Psychic Terrain|[from] ability: Psychic Surge|[of] p2b: Indeedee
|turn|1
|inactive|Borislax has 30 seconds left.
|
|t:|1750726264
|-terastallize|p2a: Lunala|Water
|move|p1b: Boogie|Throat Chop|p2b: Indeedee
|-supereffective|p2b: Indeedee
|-damage|p2b: Indeedee|4/100
|-start|p2b: Indeedee|Throat Chop|[silent]
|move|p1a: Oogie|Dragon Ascent|p2a: Lunala
|-damage|p2a: Lunala|36/100
|-unboost|p1a: Oogie|def|1
|-unboost|p1a: Oogie|spd|1
|move|p2a: Lunala|Meteor Beam||[still]
|-prepare|p2a: Lunala|Meteor Beam
|-boost|p2a: Lunala|spa|1
|-enditem|p2a: Lunala|Power Herb
|-anim|p2a: Lunala|Meteor Beam|p1b: Boogie
|-supereffective|p1b: Boogie
|-enditem|p1b: Boogie|Focus Sash
|-damage|p1b: Boogie|1/100
|move|p2b: Indeedee|Trick Room|p2b: Indeedee
|-fieldstart|move: Trick Room|[of] p2b: Indeedee
|
|upkeep
|turn|2
|
|t:|1750726282
|move|p1b: Boogie|Protect|p1b: Boogie
|-singleturn|p1b: Boogie|Protect
|move|p2b: Indeedee|Follow Me|p2b: Indeedee
|-singleturn|p2b: Indeedee|move: Follow Me
|move|p2a: Lunala|Moongeist Beam|p1b: Boogie
|-activate|p1b: Boogie|move: Protect
|move|p1a: Oogie|Dragon Ascent|p2b: Indeedee
|-damage|p2b: Indeedee|0 fnt
|-unboost|p1a: Oogie|def|1
|-unboost|p1a: Oogie|spd|1
|faint|p2b: Indeedee
|
|upkeep
|j| mistball2
|
|t:|1750726288
|switch|p2b: Koraidon|Koraidon, L50|100/100
|-weather|SunnyDay|[from] ability: Orichalcum Pulse|[of] p2b: Koraidon
|-activate|p2b: Koraidon|Orichalcum Pulse|[source]
|turn|3
|j| phalap
|l| phalap
|inactive|Borislax has 30 seconds left.
|
|t:|1750726315
|switch|p1b: Gex|Chi-Yu, L50|100/100
|-ability|p1b: Gex|Beads of Ruin
|-terastallize|p1a: Oogie|Normal
|move|p2b: Koraidon|Protect|p2b: Koraidon
|-singleturn|p2b: Koraidon|Protect
|move|p2a: Lunala|Expanding Force|p1b: Gex|[spread] p1a
|-immune|p1b: Gex
|-damage|p1a: Oogie|0 fnt
|faint|p1a: Oogie
|
|-weather|SunnyDay|[upkeep]
|upkeep
|
|t:|1750726329
|switch|p1a: Boogie|Chien-Pao, L50|1/100
|-ability|p1a: Boogie|Sword of Ruin
|turn|4
|
|t:|1750726347
|switch|p1b: Say Gex|Calyrex-Shadow, L50|100/100
|-ability|p1b: Say Gex|As One
|-ability|p1b: Say Gex|Unnerve
|move|p1a: Boogie|Protect|p1a: Boogie
|-singleturn|p1a: Boogie|Protect
|move|p2a: Lunala|Moongeist Beam|p1b: Say Gex
|-supereffective|p1b: Say Gex
|-damage|p1b: Say Gex|0 fnt
|faint|p1b: Say Gex
|move|p2b: Koraidon|Breaking Swipe|p1a: Boogie
|-activate|p1a: Boogie|move: Protect
|
|-weather|SunnyDay|[upkeep]
|upkeep
|
|t:|1750726361
|switch|p1b: Gex|Chi-Yu, L50|100/100
|-ability|p1b: Gex|Beads of Ruin
|turn|5
|
|t:|1750726371
|move|p1a: Boogie|Protect||[still]
|-fail|p1a: Boogie
|move|p2a: Lunala|Moongeist Beam|p1a: Boogie
|-resisted|p1a: Boogie
|-damage|p1a: Boogie|0 fnt
|faint|p1a: Boogie
|move|p2b: Koraidon|Breaking Swipe|p1b: Gex
|-damage|p1b: Gex|15/100
|-unboost|p1b: Gex|atk|1
|-damage|p2b: Koraidon|91/100|[from] item: Life Orb
|move|p1b: Gex|Heat Wave|p2b: Koraidon|[spread] p2a,p2b
|-resisted|p2a: Lunala
|-resisted|p2b: Koraidon
|-damage|p2a: Lunala|8/100
|-damage|p2b: Koraidon|50/100
|
|-weather|SunnyDay|[upkeep]
|-fieldend|move: Trick Room
|-fieldend|move: Psychic Terrain
|upkeep
|turn|6
|
|t:|1750726382
|switch|p2b: Urshifu|Urshifu, L50, M|100/100
|move|p2a: Lunala|Wide Guard|p2a: Lunala
|-singleturn|p2a: Lunala|Wide Guard
|move|p1b: Gex|Heat Wave|p2a: Lunala|[spread] 
|-activate|p2a: Lunala|move: Wide Guard
|-activate|p2b: Urshifu|move: Wide Guard
|
|-weather|SunnyDay|[upkeep]
|upkeep
|turn|7
|
|t:|1750726395
|switch|p2b: Koraidon|Koraidon, L50|50/100
|-activate|p2b: Koraidon|ability: Orichalcum Pulse
|move|p2a: Lunala|Wide Guard|p2a: Lunala
|-singleturn|p2a: Lunala|Wide Guard
|move|p1b: Gex|Heat Wave|p2a: Lunala|[spread] 
|-activate|p2a: Lunala|move: Wide Guard
|-activate|p2b: Koraidon|move: Wide Guard
|
|-weather|none
|upkeep
|turn|8
|
|t:|1750726399
|switch|p2b: Urshifu|Urshifu, L50, M|100/100
|move|p2a: Lunala|Wide Guard|p2a: Lunala
|-singleturn|p2a: Lunala|Wide Guard
|move|p1b: Gex|Heat Wave|p2a: Lunala|[spread] 
|-activate|p2a: Lunala|move: Wide Guard
|-activate|p2b: Urshifu|move: Wide Guard
|
|upkeep
|turn|9
|inactive|Borislax has 30 seconds left.
|inactive|Borislax has 20 seconds left.
|inactive|Borislax has 15 seconds left.
|inactive|Borislax has 10 seconds left.
|
|t:|1750726445
|switch|p2b: Koraidon|Koraidon, L50|50/100
|-weather|SunnyDay|[from] ability: Orichalcum Pulse|[of] p2b: Koraidon
|-activate|p2b: Koraidon|Orichalcum Pulse|[source]
|move|p2a: Lunala|Wide Guard|p2a: Lunala
|-singleturn|p2a: Lunala|Wide Guard
|move|p1b: Gex|Heat Wave|p2a: Lunala|[spread] 
|-activate|p2a: Lunala|move: Wide Guard
|-activate|p2b: Koraidon|move: Wide Guard
|
|-weather|SunnyDay|[upkeep]
|upkeep
|turn|10
|c|☆Borislax|lmao just kill it this is so funm
|
|t:|1750726459
|switch|p2b: Urshifu|Urshifu, L50, M|100/100
|move|p2a: Lunala|Wide Guard|p2a: Lunala
|-singleturn|p2a: Lunala|Wide Guard
|move|p1b: Gex|Heat Wave|p2a: Lunala|[spread] 
|-activate|p2a: Lunala|move: Wide Guard
|-activate|p2b: Urshifu|move: Wide Guard
|
|-weather|SunnyDay|[upkeep]
|upkeep
|turn|11
|c|☆Kwiper|can't a fella play with his food
|
|t:|1750726471
|switch|p2b: Koraidon|Koraidon, L50|50/100
|-activate|p2b: Koraidon|ability: Orichalcum Pulse
|move|p2a: Lunala|Wide Guard|p2a: Lunala
|-singleturn|p2a: Lunala|Wide Guard
|move|p1b: Gex|Heat Wave|p2a: Lunala|[spread] 
|-activate|p2a: Lunala|move: Wide Guard
|-activate|p2b: Koraidon|move: Wide Guard
|
|-weather|SunnyDay|[upkeep]
|upkeep
|turn|12
|c|☆Borislax|AJSASHASHASHJASDHAS
|c|☆Borislax|imma struggle
|c|☆Kwiper|that's the idea
|c|☆Borislax|i don't forfait
|inactive|Borislax has 30 seconds left.
|
|t:|1750726499
|switch|p2b: Urshifu|Urshifu, L50, M|100/100
|move|p2a: Lunala|Wide Guard|p2a: Lunala
|-singleturn|p2a: Lunala|Wide Guard
|move|p1b: Gex|Heat Wave|p2b: Urshifu|[spread] 
|-activate|p2a: Lunala|move: Wide Guard
|-activate|p2b: Urshifu|move: Wide Guard
|
|-weather|SunnyDay|[upkeep]
|upkeep
|turn|13
|
|t:|1750726504
|switch|p2b: Koraidon|Koraidon, L50|50/100
|-activate|p2b: Koraidon|ability: Orichalcum Pulse
|move|p2a: Lunala|Wide Guard|p2a: Lunala
|-singleturn|p2a: Lunala|Wide Guard
|move|p1b: Gex|Heat Wave|p2b: Koraidon|[spread] 
|-activate|p2a: Lunala|move: Wide Guard
|-activate|p2b: Koraidon|move: Wide Guard
|
|-weather|none
|upkeep
|turn|14
|
|t:|1750726525
|switch|p2b: Urshifu|Urshifu, L50, M|100/100
|move|p2a: Lunala|Wide Guard|p2a: Lunala
|-singleturn|p2a: Lunala|Wide Guard
|move|p1b: Gex|Heat Wave|p2b: Urshifu|[spread] 
|-activate|p2a: Lunala|move: Wide Guard
|-activate|p2b: Urshifu|move: Wide Guard
|
|upkeep
|turn|15
|
|t:|1750726528
|switch|p2b: Koraidon|Koraidon, L50|50/100
|-weather|SunnyDay|[from] ability: Orichalcum Pulse|[of] p2b: Koraidon
|-activate|p2b: Koraidon|Orichalcum Pulse|[source]
|move|p2a: Lunala|Wide Guard|p2a: Lunala
|-singleturn|p2a: Lunala|Wide Guard
|move|p1b: Gex|Heat Wave|p2a: Lunala|[spread] 
|-activate|p2a: Lunala|move: Wide Guard
|-activate|p2b: Koraidon|move: Wide Guard
|
|-weather|SunnyDay|[upkeep]
|upkeep
|turn|16
|
|t:|1750726531
|switch|p2b: Urshifu|Urshifu, L50, M|100/100
|move|p2a: Lunala|Wide Guard|p2a: Lunala
|-singleturn|p2a: Lunala|Wide Guard
|move|p1b: Gex|Heat Wave|p2a: Lunala|[spread] 
|-activate|p2a: Lunala|move: Wide Guard
|-activate|p2b: Urshifu|move: Wide Guard
|
|-weather|SunnyDay|[upkeep]
|upkeep
|turn|17
|
|t:|1750726555
|switch|p2b: Koraidon|Koraidon, L50|50/100
|-activate|p2b: Koraidon|ability: Orichalcum Pulse
|move|p2a: Lunala|Wide Guard|p2a: Lunala
|-singleturn|p2a: Lunala|Wide Guard
|move|p1b: Gex|Heat Wave|p2a: Lunala|[spread] 
|-activate|p2a: Lunala|move: Wide Guard
|-activate|p2b: Koraidon|move: Wide Guard
|
|-weather|SunnyDay|[upkeep]
|upkeep
|turn|18
|
|t:|1750726567
|switch|p2b: Urshifu|Urshifu, L50, M|100/100
|move|p2a: Lunala|Wide Guard|p2a: Lunala
|-singleturn|p2a: Lunala|Wide Guard
|move|p1b: Gex|Heat Wave|p2a: Lunala|[spread] 
|-activate|p2a: Lunala|move: Wide Guard
|-activate|p2b: Urshifu|move: Wide Guard
|
|-weather|SunnyDay|[upkeep]
|upkeep
|turn|19
|
|t:|1750726574
|switch|p2b: Koraidon|Koraidon, L50|50/100
|-activate|p2b: Koraidon|ability: Orichalcum Pulse
|move|p2a: Lunala|Wide Guard|p2a: Lunala
|-singleturn|p2a: Lunala|Wide Guard
|move|p1b: Gex|Heat Wave|p2a: Lunala|[spread] 
|-activate|p2a: Lunala|move: Wide Guard
|-activate|p2b: Koraidon|move: Wide Guard
|
|-weather|none
|upkeep
|turn|20
|
|t:|1750726577
|switch|p2b: Urshifu|Urshifu, L50, M|100/100
|move|p2a: Lunala|Wide Guard|p2a: Lunala
|-singleturn|p2a: Lunala|Wide Guard
|move|p1b: Gex|Heat Wave|p2a: Lunala|[spread] 
|-activate|p2a: Lunala|move: Wide Guard
|-activate|p2b: Urshifu|move: Wide Guard
|
|upkeep
|turn|21
|c|☆Borislax|ggs
|
|t:|1750726583
|-activate|p1b: Gex|move: Struggle
|move|p1b: Gex|Struggle|p2a: Lunala
|-damage|p2a: Lunala|3/100
|-damage|p1b: Gex|0 fnt|[from] recoil
|faint|p1b: Gex
|
|win|Kwiper
|raw|Borislax's rating: 1565 &rarr; <strong>1551</strong><br />(-14 for losing)
|raw|Kwiper's rating: 1666 &rarr; <strong>1680</strong><br />(+14 for winning)
|c|☆Kwiper|thanks for indulging me
