|j|☆GaystuffOwo
|j|☆sillynator
|t:|1750748241
|gametype|doubles
|player|p1|GaystuffOwo|hiker-gen4|1226
|player|p2|sillynator|emmet|1248
|teamsize|p1|6
|teamsize|p2|6
|gen|9
|tier|[Gen 9] VGC 2025 Reg I
|rated|
|rule|Species Clause: Limit one of each Pokémon
|rule|Item Clause: Limit 1 of each item
|clearpoke
|poke|p1|Koraidon, L50|
|poke|p1|Kyogre, L50|
|poke|p1|Charizard, L50, F|
|poke|p1|Kingdra, L50, F|
|poke|p1|Venusaur, L50, F|
|poke|p1|Whimsicott, L50, F|
|poke|p2|Miraidon, L50|
|poke|p2|Basculegion, L50, M|
|poke|p2|Kyogre, L50|
|poke|p2|Incineroar, L50, F|
|poke|p2|Ogerpon-Cornerstone, L50, F|
|poke|p2|Murkrow, L50, F|
|teampreview|4
|inactive|Battle timer is ON: inactive players will automatically lose when time's up. (requested by GaystuffOwo)
|inactive|sillynator also wants the timer to be on.
|c|☆sillynator|What
|inactive|GaystuffOwo has 60 seconds left.
|inactive|sillynator has 60 seconds left.
|
|t:|1750748275
|start
|switch|p1a: Charizard|Charizard, L50, F, shiny|100/100
|switch|p1b: Whimsicott|Whimsicott, L50, F, shiny|100/100
|switch|p2a: Kyogre|Kyogre, L50, shiny|100/100
|switch|p2b: Ogerpon|Ogerpon-Cornerstone, L50, F|100/100
|-weather|RainDance|[from] ability: Drizzle|[of] p2a: Kyogre
|turn|1
|inactive|GaystuffOwo has 30 seconds left.
|
|t:|1750748303
|-terastallize|p1a: Charizard|Water
|move|p2b: Ogerpon|Follow Me|p2b: Ogerpon
|-singleturn|p2b: Ogerpon|move: Follow Me
|move|p1b: Whimsicott|Taunt|p2b: Ogerpon
|-start|p2b: Ogerpon|move: Taunt
|move|p1a: Charizard|Hurricane|p2b: Ogerpon
|-damage|p2b: Ogerpon|52/100
|-start|p2b: Ogerpon|confusion
|move|p2a: Kyogre|Ice Beam|p1b: Whimsicott
|-supereffective|p1b: Whimsicott
|-damage|p1b: Whimsicott|2/100
|
|-weather|RainDance|[upkeep]
|upkeep
|turn|2
|
|t:|1750748321
|move|p1b: Whimsicott|Encore|p2b: Ogerpon
|-start|p2b: Ogerpon|Encore
|cant|p2b: Ogerpon|move: Taunt|Follow Me
|move|p1a: Charizard|Hurricane|p2a: Kyogre
|-damage|p2a: Kyogre|68/100
|-start|p2a: Kyogre|confusion
|-activate|p2a: Kyogre|confusion
|move|p2a: Kyogre|Water Spout|p1a: Charizard|[spread] p1a,p1b
|-resisted|p1a: Charizard
|-resisted|p1b: Whimsicott
|-damage|p1a: Charizard|42/100
|-damage|p1b: Whimsicott|0 fnt
|faint|p1b: Whimsicott
|
|-weather|RainDance|[upkeep]
|upkeep
|
|t:|1750748328
|switch|p1b: Kingdra|Kingdra, L50, F, shiny|100/100
|turn|3
|
|t:|1750748340
|switch|p2b: Murkrow|Murkrow, L50, F, shiny|100/100
|-activate|p2a: Kyogre|confusion
|move|p2a: Kyogre|Protect|p2a: Kyogre
|-singleturn|p2a: Kyogre|Protect
|move|p1b: Kingdra|Focus Energy|p1b: Kingdra
|-start|p1b: Kingdra|move: Focus Energy
|move|p1a: Charizard|Solar Beam||[still]
|-prepare|p1a: Charizard|Solar Beam
|
|-weather|RainDance|[upkeep]
|upkeep
|turn|4
|inactive|sillynator has 30 seconds left.
|
|t:|1750748370
|move|p2b: Murkrow|Tailwind|p2b: Murkrow
|-sidestart|p2: sillynator|move: Tailwind
|move|p1b: Kingdra|Muddy Water|p2a: Kyogre|[spread] p2a,p2b
|-resisted|p2a: Kyogre
|-crit|p2a: Kyogre
|-crit|p2b: Murkrow
|-damage|p2a: Kyogre|46/100
|-damage|p2b: Murkrow|11/100
|-activate|p2a: Kyogre|confusion
|move|p2a: Kyogre|Water Spout|p1b: Kingdra|[spread] p1a,p1b
|-resisted|p1a: Charizard
|-resisted|p1b: Kingdra
|-damage|p1a: Charizard|6/100
|-damage|p1b: Kingdra|84/100
|move|p1a: Charizard|Solar Beam|p2a: Kyogre|[from] lockedmove
|-supereffective|p2a: Kyogre
|-damage|p2a: Kyogre|14/100
|
|-weather|RainDance|[upkeep]
|upkeep
|turn|5
|
|t:|1750748386
|move|p1b: Kingdra|Muddy Water|p2b: Murkrow|[spread] p2a
|-miss|p1b: Kingdra|p2b: Murkrow
|-resisted|p2a: Kyogre
|-crit|p2a: Kyogre
|-damage|p2a: Kyogre|0 fnt
|faint|p2a: Kyogre
|move|p2b: Murkrow|Snarl|p1a: Charizard|[spread] p1a,p1b
|-damage|p1a: Charizard|0 fnt
|-damage|p1b: Kingdra|70/100
|-unboost|p1b: Kingdra|spa|1
|faint|p1a: Charizard
|
|-weather|none
|upkeep
|
|t:|1750748392
|switch|p1a: Kyogre|Kyogre, L50, shiny|100/100
|switch|p2a: Miraidon|Miraidon, L50|100/100
|-fieldstart|move: Electric Terrain|[from] ability: Hadron Engine|[of] p2a: Miraidon
|-weather|RainDance|[from] ability: Drizzle|[of] p1a: Kyogre
|turn|6
|
|t:|1750748406
|-terastallize|p2a: Miraidon|Bug
|move|p2a: Miraidon|Electro Drift|p1a: Kyogre
|-supereffective|p1a: Kyogre
|-damage|p1a: Kyogre|0 fnt
|faint|p1a: Kyogre
|move|p1b: Kingdra|Draco Meteor|p2a: Miraidon
|-crit|p2a: Miraidon
|-damage|p2a: Miraidon|27/100
|-unboost|p1b: Kingdra|spa|2
|move|p2b: Murkrow|Snarl|p1b: Kingdra
|-damage|p1b: Kingdra|49/100
|-unboost|p1b: Kingdra|spa|1
|
|-weather|RainDance|[upkeep]
|upkeep
|turn|7
|
|t:|1750748411
|move|p2a: Miraidon|Electro Drift|p1b: Kingdra
|-damage|p1b: Kingdra|0 fnt
|faint|p1b: Kingdra
|
|win|sillynator
|raw|GaystuffOwo's rating: 1226 &rarr; <strong>1203</strong><br />(-23 for losing)
|raw|sillynator's rating: 1248 &rarr; <strong>1271</strong><br />(+23 for winning)
|c|☆GaystuffOwo|gg
|l|☆sillynator
|player|p2|
|l|☆GaystuffOwo
|player|p1|
