|j|☆MonarchMD
|j|☆shojiron
|t:|1750785063
|gametype|doubles
|player|p1|MonarchMD|caitlin|1199
|player|p2|shojiron|ingo|1208
|teamsize|p1|6
|teamsize|p2|6
|gen|9
|tier|[Gen 9] VGC 2025 Reg I
|rated|
|rule|Species Clause: Limit one of each Pokémon
|rule|Item Clause: Limit 1 of each item
|clearpoke
|poke|p1|Indeedee, L50, M|
|poke|p1|Iron Crown, L50|
|poke|p1|Lunala, L50|
|poke|p1|Amoonguss, L50, M|
|poke|p1|Zamazenta-*, L50|
|poke|p1|Mabosstiff, L50, M|
|poke|p2|Dondozo, L50, M|
|poke|p2|Tatsugiri, L50, M|
|poke|p2|Amoonguss, L50, M|
|poke|p2|Archaludon, L50, F|
|poke|p2|Kyogre, L50|
|poke|p2|Zacian-*, L50|
|teampreview|4
|inactive|Battle timer is ON: inactive players will automatically lose when time's up. (requested by MonarchMD)
|inactive|shojiron has 60 seconds left.
|
|t:|1750785094
|start
|switch|p1a: Indeedee|Indeedee, L50, M|100/100
|switch|p1b: Lunala|Lunala, L50|100/100
|switch|p2a: Archaludon|Archaludon, L50, F|100/100
|switch|p2b: Kyogre|Kyogre, L50|100/100
|-fieldstart|move: Psychic Terrain|[from] ability: Psychic Surge|[of] p1a: Indeedee
|-weather|RainDance|[from] ability: Drizzle|[of] p2b: Kyogre
|turn|1
|inactive|MonarchMD has 30 seconds left.
|inactive|MonarchMD has 20 seconds left.
|
|t:|1750785133
|move|p1a: Indeedee|Expanding Force|p2a: Archaludon|[spread] p2a,p2b
|-resisted|p2a: Archaludon
|-damage|p2a: Archaludon|80/100
|-damage|p2b: Kyogre|83/100
|-ability|p2a: Archaludon|Stamina|boost
|-boost|p2a: Archaludon|def|1
|move|p1b: Lunala|Expanding Force|p2b: Kyogre|[spread] p2a,p2b
|-resisted|p2a: Archaludon
|-damage|p2a: Archaludon|48/100
|-damage|p2b: Kyogre|55/100
|-ability|p2a: Archaludon|Stamina|boost
|-boost|p2a: Archaludon|def|1
|move|p2b: Kyogre|Origin Pulse|p1a: Indeedee|[spread] p1a,p1b
|-damage|p1a: Indeedee|20/100
|-damage|p1b: Lunala|73/100
|move|p2a: Archaludon|Electro Shot||[still]
|-prepare|p2a: Archaludon|Electro Shot
|-boost|p2a: Archaludon|spa|1
|-anim|p2a: Archaludon|Electro Shot|p1b: Lunala
|-damage|p1b: Lunala|30/100
|
|-weather|RainDance|[upkeep]
|upkeep
|turn|2
|inactive|MonarchMD has 30 seconds left.
|inactive|shojiron has 30 seconds left.
|inactive|shojiron has 20 seconds left.
|
|t:|1750785172
|move|p1a: Indeedee|Expanding Force|p2b: Kyogre|[spread] p2a,p2b
|-resisted|p2a: Archaludon
|-damage|p2a: Archaludon|27/100
|-damage|p2b: Kyogre|37/100
|-ability|p2a: Archaludon|Stamina|boost
|-boost|p2a: Archaludon|def|1
|move|p1b: Lunala|Expanding Force|p2b: Kyogre|[spread] p2a,p2b
|-resisted|p2a: Archaludon
|-damage|p2a: Archaludon|0 fnt
|-damage|p2b: Kyogre|12/100
|faint|p2a: Archaludon
|move|p2b: Kyogre|Origin Pulse|p1a: Indeedee|[spread] p1a,p1b
|-damage|p1a: Indeedee|0 fnt
|-damage|p1b: Lunala|0 fnt
|faint|p1a: Indeedee
|faint|p1b: Lunala
|
|-weather|RainDance|[upkeep]
|upkeep
|
|t:|1750785193
|switch|p1a: Zamazenta|Zamazenta-Crowned, L50|100/100
|switch|p1b: Mabosstiff|Mabosstiff, L50, M|100/100
|switch|p2a: Zacian|Zacian-Crowned, L50|100/100
|-ability|p2a: Zacian|Intrepid Sword|boost
|-boost|p2a: Zacian|atk|1
|-ability|p1a: Zamazenta|Dauntless Shield|boost
|-boost|p1a: Zamazenta|def|1
|-ability|p1b: Mabosstiff|Intimidate|boost
|-unboost|p2a: Zacian|atk|1
|-unboost|p2b: Kyogre|atk|1
|turn|3
|
|t:|1750785212
|switch|p2b: Amoonguss|Amoonguss, L50, M|100/100
|move|p2a: Zacian|Play Rough|p1b: Mabosstiff
|-supereffective|p1b: Mabosstiff
|-damage|p1b: Mabosstiff|0 fnt
|faint|p1b: Mabosstiff
|move|p1a: Zamazenta|Iron Defense|p1a: Zamazenta
|-boost|p1a: Zamazenta|def|2
|
|-weather|RainDance|[upkeep]
|upkeep
|turn|4
|
|t:|1750785222
|move|p2a: Zacian|Protect|p2a: Zacian
|-singleturn|p2a: Zacian|Protect
|move|p1a: Zamazenta|Protect|p1a: Zamazenta
|-singleturn|p1a: Zamazenta|Protect
|move|p2b: Amoonguss|Spore|p1a: Zamazenta
|-activate|p1a: Zamazenta|move: Protect
|
|-weather|RainDance|[upkeep]
|upkeep
|turn|5
|
|t:|1750785231
|switch|p2a: Kyogre|Kyogre, L50|12/100
|move|p1a: Zamazenta|Body Press|p2a: Kyogre
|-damage|p2a: Kyogre|0 fnt
|faint|p2a: Kyogre
|move|p2b: Amoonguss|Spore|p1a: Zamazenta
|-status|p1a: Zamazenta|slp|[from] move: Spore
|
|-weather|none
|-fieldend|move: Psychic Terrain
|upkeep
|
|t:|1750785238
|switch|p2a: Zacian|Zacian-Crowned, L50|100/100
|turn|6
|
|t:|1750785260
|move|p2b: Amoonguss|Rage Powder|p2b: Amoonguss
|-singleturn|p2b: Amoonguss|move: Rage Powder
|move|p2a: Zacian|Play Rough|p1a: Zamazenta
|-damage|p1a: Zamazenta|88/100 slp
|cant|p1a: Zamazenta|slp
|
|upkeep
|turn|7
|
|t:|1750785277
|move|p2b: Amoonguss|Rage Powder|p2b: Amoonguss
|-singleturn|p2b: Amoonguss|move: Rage Powder
|move|p2a: Zacian|Play Rough|p1a: Zamazenta
|-damage|p1a: Zamazenta|76/100 slp
|cant|p1a: Zamazenta|slp
|
|upkeep
|turn|8
|
|t:|1750785292
|move|p2a: Zacian|Protect|p2a: Zacian
|-singleturn|p2a: Zacian|Protect
|-curestatus|p1a: Zamazenta|slp|[msg]
|move|p1a: Zamazenta|Heavy Slam|p2b: Amoonguss
|-damage|p2b: Amoonguss|47/100
|-enditem|p2b: Amoonguss|Sitrus Berry|[eat]
|-heal|p2b: Amoonguss|72/100|[from] item: Sitrus Berry
|move|p2b: Amoonguss|Spore|p1a: Zamazenta
|-status|p1a: Zamazenta|slp|[from] move: Spore
|
|upkeep
|turn|9
|
|t:|1750785308
|move|p2b: Amoonguss|Protect|p2b: Amoonguss
|-singleturn|p2b: Amoonguss|Protect
|move|p2a: Zacian|Play Rough|p1a: Zamazenta|[miss]
|-miss|p2a: Zacian|p1a: Zamazenta
|cant|p1a: Zamazenta|slp
|
|upkeep
|turn|10
|
|t:|1750785329
|move|p2b: Amoonguss|Rage Powder|p2b: Amoonguss
|-singleturn|p2b: Amoonguss|move: Rage Powder
|move|p2a: Zacian|Play Rough|p1a: Zamazenta
|-crit|p1a: Zamazenta
|-damage|p1a: Zamazenta|32/100 slp
|cant|p1a: Zamazenta|slp
|
|upkeep
|turn|11
|inactive|shojiron has 30 seconds left.
|inactive|shojiron has 20 seconds left.
|inactive|shojiron has 15 seconds left.
|
|t:|1750785371
|move|p2a: Zacian|Play Rough|p1a: Zamazenta
|-damage|p1a: Zamazenta|20/100 slp
|-curestatus|p1a: Zamazenta|slp|[msg]
|move|p1a: Zamazenta|Body Press|p2a: Zacian
|-damage|p2a: Zacian|0 fnt
|faint|p2a: Zacian
|move|p2b: Amoonguss|Spore|p1a: Zamazenta
|-status|p1a: Zamazenta|slp|[from] move: Spore
|
|upkeep
|turn|12
|
|t:|1750785380
|cant|p1a: Zamazenta|slp
|move|p2b: Amoonguss|Pollen Puff|p1a: Zamazenta
|-resisted|p1a: Zamazenta
|-damage|p1a: Zamazenta|17/100 slp
|
|upkeep
|turn|13
|
|t:|1750785387
|cant|p1a: Zamazenta|slp
|move|p2b: Amoonguss|Pollen Puff|p1a: Zamazenta
|-resisted|p1a: Zamazenta
|-damage|p1a: Zamazenta|14/100 slp
|
|upkeep
|turn|14
|
|t:|1750785396
|cant|p1a: Zamazenta|slp
|move|p2b: Amoonguss|Spore|p1a: Zamazenta
|-fail|p1a: Zamazenta|slp
|
|upkeep
|turn|15
|
|t:|1750785400
|-curestatus|p1a: Zamazenta|slp|[msg]
|move|p1a: Zamazenta|Heavy Slam|p2b: Amoonguss
|-damage|p2b: Amoonguss|20/100
|move|p2b: Amoonguss|Spore|p1a: Zamazenta
|-status|p1a: Zamazenta|slp|[from] move: Spore
|
|upkeep
|turn|16
|
|t:|1750785406
|cant|p1a: Zamazenta|slp
|move|p2b: Amoonguss|Pollen Puff|p1a: Zamazenta
|-resisted|p1a: Zamazenta
|-damage|p1a: Zamazenta|10/100 slp
|
|upkeep
|turn|17
|
|t:|1750785409
|cant|p1a: Zamazenta|slp
|move|p2b: Amoonguss|Pollen Puff|p1a: Zamazenta
|-resisted|p1a: Zamazenta
|-damage|p1a: Zamazenta|7/100 slp
|
|upkeep
|turn|18
|
|t:|1750785413
|-curestatus|p1a: Zamazenta|slp|[msg]
|move|p1a: Zamazenta|Heavy Slam|p2b: Amoonguss
|-damage|p2b: Amoonguss|0 fnt
|faint|p2b: Amoonguss
|
|win|MonarchMD
|raw|MonarchMD's rating: 1199 &rarr; <strong>1225</strong><br />(+26 for winning)
|raw|shojiron's rating: 1208 &rarr; <strong>1182</strong><br />(-26 for losing)
|l|☆shojiron
|player|p2|
|c|☆MonarchMD|ggs
