|j|☆TommyGuapo
|j|☆MalteseShark
|t:|1750859018
|gametype|doubles
|player|p1|TommyGuapo|102|1431
|player|p2|MalteseShark|acetrainer-gen4dp|1437
|teamsize|p1|5
|teamsize|p2|6
|gen|9
|tier|[Gen 9] VGC 2025 Reg I
|rated|
|rule|Species Clause: Limit one of each Pokémon
|rule|Item Clause: Limit 1 of each item
|clearpoke
|poke|p1|Zacian-*, L50|
|poke|p1|Giratina-Origin, L50|
|poke|p1|Urshifu-*, L50, M|
|poke|p1|Chien-Pao, L50|
|poke|p1|Pelipper, L50, M|
|poke|p2|Miraidon, L50|
|poke|p2|Calyrex-Ice, L50|
|poke|p2|Amoonguss, L50, F|
|poke|p2|Flutter Mane, L50|
|poke|p2|Garchomp, L50, F|
|poke|p2|Ogerpon-Wellspring, L50, F|
|teampreview|4
|inactive|Battle timer is ON: inactive players will automatically lose when time's up. (requested by TommyGuapo)
TommyGuapo has agreed to open team sheets.
|inactive|TommyGuapo has 60 seconds left.
|inactive|MalteseShark has 60 seconds left.
|
|t:|1750859066
|start
|switch|p1a: Chien-Pao|Chien-Pao, L50|100/100
|switch|p1b: Zacian|Zacian-Crowned, L50|100/100
|switch|p2a: Calyrex|Calyrex-Ice, L50|100/100
|switch|p2b: Amoonguss|Amoonguss, L50, F|100/100
|-ability|p2a: Calyrex|As One
|-ability|p2a: Calyrex|Unnerve
|-ability|p1b: Zacian|Intrepid Sword|boost
|-boost|p1b: Zacian|atk|1
|-ability|p1a: Chien-Pao|Sword of Ruin
|turn|1
|
|t:|1750859091
|-terastallize|p2b: Amoonguss|Water
|move|p2a: Calyrex|Protect|p2a: Calyrex
|-singleturn|p2a: Calyrex|Protect
|move|p1b: Zacian|Substitute|p1b: Zacian
|-start|p1b: Zacian|Substitute
|-damage|p1b: Zacian|76/100
|move|p1a: Chien-Pao|Taunt|p2b: Amoonguss
|-start|p2b: Amoonguss|move: Taunt
|cant|p2b: Amoonguss|move: Taunt|Spore
|
|upkeep
|turn|2
|
|t:|1750859113
|switch|p2a: Ogerpon|Ogerpon-Wellspring, L50, F|100/100
|switch|p2b: Flutter Mane|Flutter Mane, L50|100/100
|-enditem|p2b: Flutter Mane|Booster Energy
|-activate|p2b: Flutter Mane|ability: Protosynthesis|[fromitem]
|-start|p2b: Flutter Mane|protosynthesisspe
|move|p1a: Chien-Pao|Protect|p1a: Chien-Pao
|-singleturn|p1a: Chien-Pao|Protect
|move|p1b: Zacian|Behemoth Blade|p2a: Ogerpon
|-resisted|p2a: Ogerpon
|-damage|p2a: Ogerpon|56/100
|
|upkeep
|turn|3
|inactive|TommyGuapo has 30 seconds left.
|inactive|MalteseShark has 30 seconds left.
|inactive|TommyGuapo has 20 seconds left.
|inactive|TommyGuapo has 15 seconds left.
|inactive|TommyGuapo has 10 seconds left.
|
|t:|1750859161
|move|p2b: Flutter Mane|Protect|p2b: Flutter Mane
|-singleturn|p2b: Flutter Mane|Protect
|move|p1b: Zacian|Behemoth Blade|p2b: Flutter Mane
|-activate|p2b: Flutter Mane|move: Protect
|move|p1a: Chien-Pao|Ice Spinner|p2a: Ogerpon
|-damage|p2a: Ogerpon|13/100
|move|p2a: Ogerpon|Leech Seed|p1a: Chien-Pao
|-start|p1a: Chien-Pao|move: Leech Seed
|
|-damage|p1a: Chien-Pao|88/100|[from] Leech Seed|[of] p2a: Ogerpon
|-heal|p2a: Ogerpon|23/100|[silent]
|upkeep
|turn|4
|inactive|TommyGuapo has 30 seconds left.
|
|t:|1750859189
|-end|p2b: Flutter Mane|Protosynthesis|[silent]
|switch|p2b: Amoonguss|Amoonguss, L50, F, tera:Water|100/100
|switch|p1a: Giratina|Giratina-Origin, L50|100/100
|move|p2a: Ogerpon|Spiky Shield|p2a: Ogerpon
|-singleturn|p2a: Ogerpon|move: Protect
|move|p1b: Zacian|Behemoth Blade|p2b: Amoonguss
|-resisted|p2b: Amoonguss
|-damage|p2b: Amoonguss|71/100
|-damage|p1b: Zacian|59/100|[from] item: Rocky Helmet|[of] p2b: Amoonguss
|
|upkeep
|turn|5
|inactive|TommyGuapo has 30 seconds left.
|inactive|TommyGuapo has 20 seconds left.
|
|t:|1750859227
|move|p1b: Zacian|Protect|p1b: Zacian
|-singleturn|p1b: Zacian|Protect
|move|p2a: Ogerpon|Follow Me|p2a: Ogerpon
|-singleturn|p2a: Ogerpon|move: Follow Me
|move|p1a: Giratina|Shadow Force||[still]
|-prepare|p1a: Giratina|Shadow Force
|move|p2b: Amoonguss|Spore|p1a: Giratina|[miss]
|-miss|p2b: Amoonguss|p1a: Giratina
|
|upkeep
|turn|6
|
|t:|1750859250
|move|p2a: Ogerpon|Spiky Shield|p2a: Ogerpon
|-singleturn|p2a: Ogerpon|move: Protect
|move|p2b: Amoonguss|Protect|p2b: Amoonguss
|-singleturn|p2b: Amoonguss|Protect
|move|p1b: Zacian|Behemoth Blade|p2b: Amoonguss
|-activate|p2b: Amoonguss|move: Protect
|move|p1a: Giratina|Shadow Force|p2b: Amoonguss|[from] lockedmove
|-activate|p2b: Amoonguss|move: Shadow Force|[broken]
|-damage|p2b: Amoonguss|9/100
|-damage|p1a: Giratina|84/100|[from] item: Rocky Helmet|[of] p2b: Amoonguss
|
|upkeep
|turn|7
|inactive|TommyGuapo has 30 seconds left.
|inactive|TommyGuapo has 20 seconds left.
|inactive|TommyGuapo has 15 seconds left.
|
|t:|1750859294
|move|p2a: Ogerpon|Follow Me|p2a: Ogerpon
|-singleturn|p2a: Ogerpon|move: Follow Me
|move|p1a: Giratina|Shadow Sneak|p2a: Ogerpon
|-damage|p2a: Ogerpon|1/100
|move|p1b: Zacian|Behemoth Blade|p2a: Ogerpon
|-resisted|p2a: Ogerpon
|-damage|p2a: Ogerpon|0 fnt
|faint|p2a: Ogerpon
|move|p2b: Amoonguss|Spore||[still]
|-fail|p2b: Amoonguss
|
|upkeep
|
|t:|1750859308
|switch|p2a: Calyrex|Calyrex-Ice, L50|100/100
|-ability|p2a: Calyrex|As One
|-ability|p2a: Calyrex|Unnerve
|turn|8
|inactive|TommyGuapo has 30 seconds left.
|
|t:|1750859342
|move|p2b: Amoonguss|Rage Powder|p2b: Amoonguss
|-singleturn|p2b: Amoonguss|move: Rage Powder
|move|p1b: Zacian|Behemoth Blade|p2b: Amoonguss
|-resisted|p2b: Amoonguss
|-damage|p2b: Amoonguss|0 fnt
|-damage|p1b: Zacian|43/100|[from] item: Rocky Helmet|[of] p2b: Amoonguss
|faint|p2b: Amoonguss
|move|p1a: Giratina|Shadow Force||[still]
|-prepare|p1a: Giratina|Shadow Force
|move|p2a: Calyrex|Glacial Lance|p1a: Giratina|[spread] p1b
|-miss|p2a: Calyrex|p1a: Giratina
|-resisted|p1b: Zacian
|-end|p1b: Zacian|Substitute
|
|upkeep
|
|t:|1750859354
|switch|p2b: Flutter Mane|Flutter Mane, L50|100/100
|turn|9
|
|t:|1750859380
|move|p1b: Zacian|Behemoth Blade|p2b: Flutter Mane
|-supereffective|p2b: Flutter Mane
|-damage|p2b: Flutter Mane|0 fnt
|faint|p2b: Flutter Mane
|-end|p2b: Flutter Mane|Protosynthesis|[silent]
|move|p1a: Giratina|Shadow Force|p2a: Calyrex|[from] lockedmove
|-supereffective|p2a: Calyrex
|-damage|p2a: Calyrex|7/100
|move|p2a: Calyrex|Glacial Lance|p1b: Zacian|[spread] p1a,p1b
|-supereffective|p1a: Giratina
|-resisted|p1b: Zacian
|-damage|p1a: Giratina|0 fnt
|-damage|p1b: Zacian|19/100
|faint|p1a: Giratina
|-ability|p2a: Calyrex|Chilling Neigh|boost
|-boost|p2a: Calyrex|atk|1
|
|upkeep
|
|t:|1750859395
|switch|p1a: Pelipper|Pelipper, L50, M|100/100
|-weather|RainDance|[from] ability: Drizzle|[of] p1a: Pelipper
|turn|10
|-message|MalteseShark forfeited.
|
|win|TommyGuapo
|raw|TommyGuapo's rating: 1431 &rarr; <strong>1451</strong><br />(+20 for winning)
|raw|MalteseShark's rating: 1437 &rarr; <strong>1417</strong><br />(-20 for losing)
|l|☆MalteseShark
|player|p2|
