|j|☆Gurrasnurra5
|j|☆misty goggles vgc
|t:|1750759604
|gametype|doubles
|player|p1|Gurrasnurra5|wattson|
|player|p2|misty goggles vgc|palmer|
|teamsize|p1|6
|teamsize|p2|6
|gen|9
|tier|[Gen 9] VGC 2025 Reg I
|rated|Tournament battle
|rule|Species Clause: Limit one of each Pokémon
|rule|Item Clause: Limit 1 of each item
|raw|<div class="infobox"><details class="readmore" open><summary><strong>2 custom rules:</strong></summary> Force Open Team Sheets, !Open Team Sheets</details></div>
|clearpoke
|poke|p1|Koraidon, L50|
|poke|p1|Whimsicott, L50, M|
|poke|p1|Chi-Yu, L50|
|poke|p1|Calyrex-Shadow, L50|
|poke|p1|Smeargle, L50, F|
|poke|p1|Rillaboom, L50, M|
|poke|p2|Calyrex-Shadow, L50|
|poke|p2|Smeargle, L50, F|
|poke|p2|Zamazenta-*, L50|
|poke|p2|Rillaboom, L50, F|
|poke|p2|Clefairy, L50, F|
|poke|p2|Whimsicott, L50, M|
|teampreview|4
|showteam|p1|Koraidon||LifeOrb|OrichalcumPulse|Protect,FlameCharge,FlareBlitz,CloseCombat||||||50|,,,,,Fire]Whimsicott||CovertCloak|Prankster|LightScreen,Tailwind,Encore,Moonblast|||M|||50|,,,,,Dark]Chi-Yu||ChoiceScarf|BeadsofRuin|Overheat,HeatWave,DarkPulse,Snarl||||||50|,,,,,Ghost]Calyrex-Shadow||SpookyPlate|AsOneSpectrier|Protect,AstralBarrage,Psychic,NastyPlot||||||50|,,,,,Dark]Smeargle||FocusSash|Moody|Spore,FollowMe,Decorate,FakeOut|||F|||50|,,,,,Grass]Rillaboom||AssaultVest|GrassySurge|WoodHammer,GrassyGlide,Uturn,FakeOut|||M|||50|,,,,,Fire
|showteam|p2|Calyrex-Shadow||CovertCloak|AsOneSpectrier|DrainingKiss,AstralBarrage,Protect,CalmMind||||||50|,,,,,Fairy]Smeargle||FocusSash|Moody|Spore,FollowMe,Decorate,FakeOut|||F|||50|,,,,,Grass]Zamazenta-Crowned||RustedShield|DauntlessShield|BodyPress,HeavySlam,WideGuard,Protect||||||50|,,,,,Dragon]Rillaboom||AssaultVest|GrassySurge|GrassyGlide,WoodHammer,FakeOut,Uturn|||F|||50|,,,,,Fire]Clefairy||Eviolite|FriendGuard|FollowMe,HelpingHand,AfterYou,Protect|||F|||50|,,,,,Grass]Whimsicott||MentalHerb|Prankster|Moonblast,Tailwind,Encore,HelpingHand|||M|||50|,,,,,Dark
|j| Hy3llo
|j| Kyush92
|c|☆misty goggles vgc|glhf
|c|☆Gurrasnurra5|well well well
|c|☆Gurrasnurra5|glhf!
|j| 9004932GBP
|c| Kyush92|i just realised that watson and palmer's sprite look quite similar
|
|t:|1750759650
|start
|switch|p1a: Smeargle|Smeargle, L50, F|100/100
|switch|p1b: Koraidon|Koraidon, L50|100/100
|switch|p2a: Smeargle|Smeargle, L50, F|100/100
|switch|p2b: Calyrex|Calyrex-Shadow, L50|100/100
|-ability|p2b: Calyrex|As One
|-ability|p2b: Calyrex|Unnerve
|-weather|SunnyDay|[from] ability: Orichalcum Pulse|[of] p1b: Koraidon
|-activate|p1b: Koraidon|Orichalcum Pulse|[source]
|turn|1
|
|t:|1750759669
|-terastallize|p1b: Koraidon|Fire
|move|p2a: Smeargle|Fake Out|p1b: Koraidon
|-damage|p1b: Koraidon|97/100
|move|p2b: Calyrex|Draining Kiss|p1a: Smeargle
|-damage|p1a: Smeargle|45/100
|cant|p1b: Koraidon|flinch
|move|p1a: Smeargle|Spore|p2b: Calyrex
|-status|p2b: Calyrex|slp|[from] move: Spore
|
|-weather|SunnyDay|[upkeep]
|-ability|p2a: Smeargle|Moody|boost
|-boost|p2a: Smeargle|spe|2
|-unboost|p2a: Smeargle|def|1
|-ability|p1a: Smeargle|Moody|boost
|-boost|p1a: Smeargle|atk|2
|-unboost|p1a: Smeargle|spe|1
|upkeep
|turn|2
|
|t:|1750759684
|move|p1a: Smeargle|Follow Me|p1a: Smeargle
|-singleturn|p1a: Smeargle|move: Follow Me
|move|p2a: Smeargle|Spore|p1a: Smeargle
|-status|p1a: Smeargle|slp|[from] move: Spore
|cant|p2b: Calyrex|slp
|move|p1b: Koraidon|Flame Charge|p2a: Smeargle
|-enditem|p2a: Smeargle|Focus Sash
|-damage|p2a: Smeargle|1/100
|-boost|p1b: Koraidon|spe|1
|-damage|p1b: Koraidon|87/100|[from] item: Life Orb
|
|-weather|SunnyDay|[upkeep]
|-ability|p2a: Smeargle|Moody|boost
|-boost|p2a: Smeargle|spe|2
|-unboost|p2a: Smeargle|spd|1
|-ability|p1a: Smeargle|Moody|boost
|-boost|p1a: Smeargle|spe|2
|-unboost|p1a: Smeargle|atk|1
|upkeep
|turn|3
|c|☆misty goggles vgc|smeargle go vroom
|
|t:|1750759699
|move|p1b: Koraidon|Protect|p1b: Koraidon
|-singleturn|p1b: Koraidon|Protect
|cant|p1a: Smeargle|slp
|move|p2a: Smeargle|Spore|p1b: Koraidon
|-activate|p1b: Koraidon|move: Protect
|-curestatus|p2b: Calyrex|slp|[msg]
|move|p2b: Calyrex|Draining Kiss|p1a: Smeargle
|-damage|p1a: Smeargle|0 fnt
|faint|p1a: Smeargle
|-ability|p2b: Calyrex|Grim Neigh|boost
|-boost|p2b: Calyrex|spa|1
|
|-weather|SunnyDay|[upkeep]
|-ability|p2a: Smeargle|Moody|boost
|-boost|p2a: Smeargle|spa|2
|-unboost|p2a: Smeargle|spe|1
|upkeep
|
|t:|1750759712
|switch|p1a: Chi-Yu|Chi-Yu, L50|100/100
|-ability|p1a: Chi-Yu|Beads of Ruin
|turn|4
|j| shapy1
|
|t:|1750759754
|switch|p2b: Clefairy|Clefairy, L50, F|100/100
|move|p2a: Smeargle|Spore|p1b: Koraidon
|-status|p1b: Koraidon|slp|[from] move: Spore
|cant|p1b: Koraidon|slp
|move|p1a: Chi-Yu|Heat Wave|p2a: Smeargle|[spread] p2a,p2b
|-damage|p2a: Smeargle|0 fnt
|-damage|p2b: Clefairy|33/100
|faint|p2a: Smeargle
|
|-weather|SunnyDay|[upkeep]
|upkeep
|
|t:|1750759764
|switch|p2a: Calyrex|Calyrex-Shadow, L50|100/100
|-ability|p2a: Calyrex|As One
|-ability|p2a: Calyrex|Unnerve
|turn|5
|c| Kyush92|you how fast was that smeraglr
|
|t:|1750759782
|move|p2b: Clefairy|Helping Hand|p2a: Calyrex
|-singleturn|p2a: Calyrex|Helping Hand|[of] p2b: Clefairy
|cant|p1b: Koraidon|slp
|move|p1a: Chi-Yu|Heat Wave|p2b: Clefairy|[spread] p2a,p2b
|-damage|p2a: Calyrex|39/100
|-damage|p2b: Clefairy|0 fnt
|faint|p2b: Clefairy
|move|p2a: Calyrex|Astral Barrage|p1a: Chi-Yu|[spread] p1a,p1b
|-resisted|p1a: Chi-Yu
|-damage|p1a: Chi-Yu|46/100
|-damage|p1b: Koraidon|0 fnt
|faint|p1b: Koraidon
|-ability|p2a: Calyrex|Grim Neigh|boost
|-boost|p2a: Calyrex|spa|1
|
|-weather|none
|upkeep
|
|t:|1750759792
|switch|p1b: Calyrex|Calyrex-Shadow, L50|100/100
|switch|p2b: Whimsicott|Whimsicott, L50, M|100/100
|-ability|p1b: Calyrex|As One
|-ability|p1b: Calyrex|Unnerve
|turn|6
|
|t:|1750759805
|-terastallize|p2b: Whimsicott|Dark
|move|p1b: Calyrex|Protect|p1b: Calyrex
|-singleturn|p1b: Calyrex|Protect
|move|p2a: Calyrex|Protect|p2a: Calyrex
|-singleturn|p2a: Calyrex|Protect
|move|p2b: Whimsicott|Tailwind|p2b: Whimsicott
|-sidestart|p2: misty goggles vgc|move: Tailwind
|move|p1a: Chi-Yu|Heat Wave|p2b: Whimsicott|[spread] p2b
|-activate|p2a: Calyrex|move: Protect
|-damage|p2b: Whimsicott|27/100
|
|upkeep
|turn|7
|
|t:|1750759816
|move|p2b: Whimsicott|Helping Hand|p2a: Calyrex
|-singleturn|p2a: Calyrex|Helping Hand|[of] p2b: Whimsicott
|move|p1b: Calyrex|Protect|p1b: Calyrex
|-singleturn|p1b: Calyrex|Protect
|move|p2a: Calyrex|Astral Barrage|p1a: Chi-Yu|[spread] p1a
|-activate|p1b: Calyrex|move: Protect
|-resisted|p1a: Chi-Yu
|-damage|p1a: Chi-Yu|0 fnt
|faint|p1a: Chi-Yu
|-ability|p2a: Calyrex|Grim Neigh|boost
|-boost|p2a: Calyrex|spa|1
|
|upkeep
|turn|8
|c|☆Gurrasnurra5|ggwp
|c|☆misty goggles vgc|ggwp
|
|t:|1750759828
|move|p2b: Whimsicott|Helping Hand|p2a: Calyrex
|-singleturn|p2a: Calyrex|Helping Hand|[of] p2b: Whimsicott
|move|p2a: Calyrex|Astral Barrage|p1b: Calyrex
|-supereffective|p1b: Calyrex
|-damage|p1b: Calyrex|0 fnt
|faint|p1b: Calyrex
|
|win|misty goggles vgc
|n|☆Gurrasnurra5|gurrasnurra5
|n|☆misty goggles vgc|mistygogglesvgc
|n| Hy3llo|hy3llo
|n| Kyush92|kyush92
|n| 9004932GBP|9004932gbp
|n| shapy1|shapy1
