|j|☆SryI'mBusyAtWork
|j|☆xiaoliyunVGC
|t:|1750725955
|gametype|doubles
|player|p1|SryI'mBusyAtWork|kieran|1533
|player|p2|xiaoliyunVGC|lillie-masters2|1638
|teamsize|p1|6
|teamsize|p2|6
|gen|9
|tier|[Gen 9] VGC 2025 Reg I
|rated|
|rule|Species Clause: Limit one of each Pokémon
|rule|Item Clause: Limit 1 of each item
|clearpoke
|poke|p1|Tornadus, L50, M|
|poke|p1|Calyrex-Shadow, L50|
|poke|p1|Incineroar, L50, F|
|poke|p1|Clefairy, L50, F|
|poke|p1|Grimmsnarl, L50, M|
|poke|p1|Zamazenta-*, L50|
|poke|p2|Zamazenta-*, L50|
|poke|p2|Kyogre, L50|
|poke|p2|Amoonguss, L50, F|
|poke|p2|Rillaboom, L50, F|
|poke|p2|Chien-Pao, L50|
|poke|p2|Iron Jugulis, L50|
|teampreview|4
|inactive|Battle timer is ON: inactive players will automatically lose when time's up. (requested by xiaoliyunVGC)
|inactive|SryI'mBusyAtWork also wants the timer to be on.
|
|t:|1750725980
|start
|switch|p1a: Tornadus|Tornadus, L50, M|100/100
|switch|p1b: Zamazenta|Zamazenta-Crowned, L50|100/100
|switch|p2a: Zamazenta|Zamazenta-Crowned, L50, shiny|100/100
|switch|p2b: Chien-Pao|Chien-Pao, L50|100/100
|-ability|p2b: Chien-Pao|Sword of Ruin
|-ability|p2a: Zamazenta|Dauntless Shield|boost
|-boost|p2a: Zamazenta|def|1
|-ability|p1b: Zamazenta|Dauntless Shield|boost
|-boost|p1b: Zamazenta|def|1
|turn|1
|
|t:|1750725997
|-terastallize|p2a: Zamazenta|Grass
|move|p1a: Tornadus|Tailwind|p1a: Tornadus
|-sidestart|p1: SryI'mBusyAtWork|move: Tailwind
|move|p1b: Zamazenta|Heavy Slam|p2b: Chien-Pao
|-supereffective|p2b: Chien-Pao
|-enditem|p2b: Chien-Pao|Focus Sash
|-damage|p2b: Chien-Pao|1/100
|move|p2b: Chien-Pao|Ice Spinner|p1a: Tornadus
|-supereffective|p1a: Tornadus
|-damage|p1a: Tornadus|3/100
|move|p2a: Zamazenta|Body Press|p1b: Zamazenta
|-supereffective|p1b: Zamazenta
|-damage|p1b: Zamazenta|37/100
|
|upkeep
|turn|2
|inactive|SryI'mBusyAtWork has 30 seconds left.
|
|t:|1750726024
|switch|p1b: Incineroar|Incineroar, L50, F|100/100
|-ability|p1b: Incineroar|Intimidate|boost
|-unboost|p2a: Zamazenta|atk|1
|-unboost|p2b: Chien-Pao|atk|1
|move|p2b: Chien-Pao|Protect|p2b: Chien-Pao
|-singleturn|p2b: Chien-Pao|Protect
|move|p1a: Tornadus|Bleakwind Storm|p2b: Chien-Pao|[spread] p2a
|-activate|p2b: Chien-Pao|move: Protect
|-supereffective|p2a: Zamazenta
|-damage|p2a: Zamazenta|54/100
|move|p2a: Zamazenta|Body Press|p1b: Incineroar
|-supereffective|p1b: Incineroar
|-damage|p1b: Incineroar|0 fnt
|faint|p1b: Incineroar
|
|upkeep
|
|t:|1750726038
|switch|p1b: Calyrex|Calyrex-Shadow, L50|100/100
|-ability|p1b: Calyrex|As One
|-ability|p1b: Calyrex|Unnerve
|turn|3
|inactive|SryI'mBusyAtWork has 30 seconds left.
|
|t:|1750726067
|-terastallize|p1b: Calyrex|Ghost
|move|p2a: Zamazenta|Wide Guard|p2a: Zamazenta
|-singleturn|p2a: Zamazenta|Wide Guard
|move|p2b: Chien-Pao|Sucker Punch|p1a: Tornadus
|-damage|p1a: Tornadus|0 fnt
|faint|p1a: Tornadus
|move|p1b: Calyrex|Shadow Ball|p2b: Chien-Pao
|-resisted|p2b: Chien-Pao
|-damage|p2b: Chien-Pao|0 fnt
|faint|p2b: Chien-Pao
|-ability|p1b: Calyrex|Grim Neigh|boost
|-boost|p1b: Calyrex|spa|1
|
|upkeep
|
|t:|1750726090
|switch|p2b: Kyogre|Kyogre, L50, shiny|100/100
|switch|p1a: Zamazenta|Zamazenta-Crowned, L50|37/100
|-weather|RainDance|[from] ability: Drizzle|[of] p2b: Kyogre
|turn|4
|
|t:|1750726109
|move|p1a: Zamazenta|Helping Hand|p1b: Calyrex
|-singleturn|p1b: Calyrex|Helping Hand|[of] p1a: Zamazenta
|move|p2a: Zamazenta|Wide Guard|p2a: Zamazenta
|-singleturn|p2a: Zamazenta|Wide Guard
|move|p1b: Calyrex|Shadow Ball|p2b: Kyogre
|-damage|p2b: Kyogre|0 fnt
|faint|p2b: Kyogre
|-ability|p1b: Calyrex|Grim Neigh|boost
|-boost|p1b: Calyrex|spa|1
|
|-weather|RainDance|[upkeep]
|-sideend|p1: SryI'mBusyAtWork|move: Tailwind
|upkeep
|
|t:|1750726117
|switch|p2b: Iron Jugulis|Iron Jugulis, L50, shiny|100/100
|-enditem|p2b: Iron Jugulis|Booster Energy
|-activate|p2b: Iron Jugulis|ability: Quark Drive|[fromitem]
|-start|p2b: Iron Jugulis|quarkdrivespe
|turn|5
|
|t:|1750726139
|move|p2b: Iron Jugulis|Tailwind|p2b: Iron Jugulis
|-sidestart|p2: xiaoliyunVGC|move: Tailwind
|move|p2a: Zamazenta|Body Press|p1a: Zamazenta
|-supereffective|p1a: Zamazenta
|-damage|p1a: Zamazenta|0 fnt
|faint|p1a: Zamazenta
|move|p1b: Calyrex|Shadow Ball|p2a: Zamazenta
|-damage|p2a: Zamazenta|0 fnt
|faint|p2a: Zamazenta
|-ability|p1b: Calyrex|Grim Neigh|boost
|-boost|p1b: Calyrex|spa|1
|
|-weather|RainDance|[upkeep]
|upkeep
|turn|6
|
|t:|1750726148
|move|p2b: Iron Jugulis|Snarl|p1b: Calyrex
|-supereffective|p1b: Calyrex
|-damage|p1b: Calyrex|49/100
|-unboost|p1b: Calyrex|spa|1
|move|p1b: Calyrex|Shadow Ball|p2b: Iron Jugulis
|-resisted|p2b: Iron Jugulis
|-crit|p2b: Iron Jugulis
|-damage|p2b: Iron Jugulis|0 fnt
|faint|p2b: Iron Jugulis
|-end|p2b: Iron Jugulis|Quark Drive|[silent]
|
|win|SryI'mBusyAtWork
|raw|SryI&apos;mBusyAtWork's rating: 1533 &rarr; <strong>1559</strong><br />(+26 for winning)
|raw|xiaoliyunVGC's rating: 1638 &rarr; <strong>1612</strong><br />(-26 for losing)
|l|☆xiaoliyunVGC
|player|p2|
|l|☆SryI'mBusyAtWork
|player|p1|
