|j|☆ShellyV25
|j|☆AaronAstro
|t:|1750782602
|gametype|doubles
|player|p1|ShellyV25|hilbert|1220
|player|p2|AaronAstro|ethan|1134
|teamsize|p1|6
|teamsize|p2|6
|gen|9
|tier|[Gen 9] VGC 2025 Reg I
|rated|
|rule|Species Clause: Limit one of each Pokémon
|rule|Item Clause: Limit 1 of each item
|clearpoke
|poke|p1|Calyrex-Shadow, L50|
|poke|p1|Chi-Yu, L50|
|poke|p1|Weezing-Galar, L50, M|
|poke|p1|Brute Bonnet, L50|
|poke|p1|Walking Wake, L50|
|poke|p1|Koraidon, L50|
|poke|p2|Zamazenta-*, L50|
|poke|p2|Miraidon, L50|
|poke|p2|Urshifu-*, L50, M|
|poke|p2|Raichu-Alola, L50, M|
|poke|p2|Landorus, L50, M|
|poke|p2|Tornadus, L50, M|
|teampreview|4
AaronAstro has agreed to open team sheets.
|inactive|Battle timer is ON: inactive players will automatically lose when time's up. (requested by AaronAstro)
|
|t:|1750782670
|start
|switch|p1a: Koraidon|Koraidon, L50|100/100
|switch|p1b: Weezing|Weezing-Galar, L50, M, shiny|100/100
|switch|p2a: Tornadus|Tornadus, L50, M|100/100
|switch|p2b: Raichu|Raichu-Alola, L50, M|100/100
|-ability|p1b: Weezing|Neutralizing Gas
|-block|p1a: Koraidon|item: Ability Shield
|-weather|SunnyDay|[from] ability: Orichalcum Pulse|[of] p1a: Koraidon
|-activate|p1a: Koraidon|Orichalcum Pulse|[source]
|turn|1
|
|t:|1750782693
|move|p1a: Koraidon|Protect|p1a: Koraidon
|-singleturn|p1a: Koraidon|Protect
|move|p2b: Raichu|Volt Switch|p1b: Weezing
|-damage|p1b: Weezing|69/100
|
|t:|1750782699
|switch|p2b: Urshifu|Urshifu-Rapid-Strike, L50, M|100/100|[from] Volt Switch
|move|p2a: Tornadus|Rain Dance|p2a: Tornadus
|-weather|RainDance
|move|p1b: Weezing|Taunt|p2a: Tornadus
|-start|p2a: Tornadus|move: Taunt
|
|-weather|RainDance|[upkeep]
|upkeep
|turn|2
|
|t:|1750782718
|switch|p1a: Walking Wake|Walking Wake, L50|100/100
|-terastallize|p1b: Weezing|Water
|move|p2b: Urshifu|Surging Strikes|p1b: Weezing
|-resisted|p1b: Weezing
|-crit|p1b: Weezing
|-damage|p1b: Weezing|55/100
|-resisted|p1b: Weezing
|-crit|p1b: Weezing
|-damage|p1b: Weezing|41/100
|-resisted|p1b: Weezing
|-crit|p1b: Weezing
|-damage|p1b: Weezing|27/100
|-hitcount|p1b: Weezing|3
|move|p2a: Tornadus|Bleakwind Storm|p1b: Weezing|[spread] p1a,p1b
|-damage|p1a: Walking Wake|59/100
|-damage|p1b: Weezing|0 fnt
|faint|p1b: Weezing
|-end|p1b: Weezing|ability: Neutralizing Gas
|
|-weather|RainDance|[upkeep]
|upkeep
|
|t:|1750782734
|switch|p1b: Koraidon|Koraidon, L50|100/100
|-weather|SunnyDay|[from] ability: Orichalcum Pulse|[of] p1b: Koraidon
|-activate|p1a: Walking Wake|ability: Protosynthesis
|-start|p1a: Walking Wake|protosynthesisspe
|-activate|p1b: Koraidon|Orichalcum Pulse|[source]
|turn|3
|
|t:|1750782749
|move|p1a: Walking Wake|Dragon Pulse|p2b: Urshifu
|-damage|p2b: Urshifu|12/100
|move|p2b: Urshifu|Surging Strikes|p1b: Koraidon
|-resisted|p1b: Koraidon
|-crit|p1b: Koraidon
|-damage|p1b: Koraidon|96/100
|-resisted|p1b: Koraidon
|-crit|p1b: Koraidon
|-damage|p1b: Koraidon|92/100
|-resisted|p1b: Koraidon
|-crit|p1b: Koraidon
|-damage|p1b: Koraidon|88/100
|-hitcount|p1b: Koraidon|3
|move|p1b: Koraidon|Flare Blitz|p2a: Tornadus
|-damage|p2a: Tornadus|18/100
|-damage|p1b: Koraidon|63/100|[from] Recoil
|move|p2a: Tornadus|Bleakwind Storm|p1a: Walking Wake|[spread] p1a,p1b
|-supereffective|p1b: Koraidon
|-damage|p1a: Walking Wake|22/100
|-damage|p1b: Koraidon|8/100
|-unboost|p1a: Walking Wake|spe|1
|-unboost|p1b: Koraidon|spe|1
|
|-weather|SunnyDay|[upkeep]
|upkeep
|turn|4
|inactive|ShellyV25 has 30 seconds left.
|
|t:|1750782778
|switch|p2b: Raichu|Raichu-Alola, L50, M|100/100
|move|p1a: Walking Wake|Dragon Pulse|p2a: Tornadus
|-damage|p2a: Tornadus|0 fnt
|faint|p2a: Tornadus
|move|p1b: Koraidon|Flame Charge|p2b: Raichu
|-damage|p2b: Raichu|21/100
|-boost|p1b: Koraidon|spe|1
|
|-weather|SunnyDay|[upkeep]
|upkeep
|
|t:|1750782788
|switch|p2a: Miraidon|Miraidon, L50|100/100
|-fieldstart|move: Electric Terrain|[from] ability: Hadron Engine|[of] p2a: Miraidon
|turn|5
|
|t:|1750782799
|-terastallize|p2a: Miraidon|Fairy
|move|p1b: Koraidon|Protect|p1b: Koraidon
|-singleturn|p1b: Koraidon|Protect
|move|p2b: Raichu|Electroweb|p1a: Walking Wake|[spread] p1a
|-activate|p1b: Koraidon|move: Protect
|-crit|p1a: Walking Wake
|-damage|p1a: Walking Wake|0 fnt
|faint|p1a: Walking Wake
|-end|p1a: Walking Wake|Protosynthesis|[silent]
|move|p2a: Miraidon|Dazzling Gleam|p1b: Koraidon
|-activate|p1b: Koraidon|move: Protect
|
|-weather|SunnyDay|[upkeep]
|upkeep
|
|t:|1750782810
|switch|p1a: Chi-Yu|Chi-Yu, L50|100/100
|-ability|p1a: Chi-Yu|Beads of Ruin
|turn|6
|
|t:|1750782819
|move|p2b: Raichu|Encore|p1b: Koraidon
|-start|p1b: Koraidon|Encore
|move|p1a: Chi-Yu|Heat Wave|p2a: Miraidon|[spread] p2a,p2b
|-damage|p2a: Miraidon|34/100
|-damage|p2b: Raichu|0 fnt
|faint|p2b: Raichu
|move|p1b: Koraidon|Protect||[still]
|-fail|p1b: Koraidon
|move|p2a: Miraidon|Dazzling Gleam|p1b: Koraidon|[spread] p1a,p1b
|-supereffective|p1b: Koraidon
|-damage|p1a: Chi-Yu|24/100
|-damage|p1b: Koraidon|0 fnt
|faint|p1b: Koraidon
|
|-weather|SunnyDay|[upkeep]
|upkeep
|
|t:|1750782831
|switch|p2b: Urshifu|Urshifu-Rapid-Strike, L50, M|12/100
|turn|7
|
|t:|1750782835
|move|p2b: Urshifu|Aqua Jet|p1a: Chi-Yu
|-supereffective|p1a: Chi-Yu
|-damage|p1a: Chi-Yu|0 fnt
|faint|p1a: Chi-Yu
|
|win|AaronAstro
|raw|ShellyV25's rating: 1220 &rarr; <strong>1189</strong><br />(-31 for losing)
|raw|AaronAstro's rating: 1134 &rarr; <strong>1165</strong><br />(+31 for winning)
