|j|☆Slowpoke Well YT
|j|☆Strin
|t:|1750861814
|gametype|doubles
|player|p1|Slowpoke Well YT|ethan|1472
|player|p2|Strin|266|1373
|teamsize|p1|6
|teamsize|p2|6
|gen|9
|tier|[Gen 9] VGC 2025 Reg I
|rated|
|rule|Species Clause: Limit one of each Pokémon
|rule|Item Clause: Limit 1 of each item
|clearpoke
|poke|p1|Gothitelle, L50, F|
|poke|p1|Eternatus, L50|
|poke|p1|Calyrex-Shadow, L50|
|poke|p1|Incineroar, L50, F|
|poke|p1|Rillaboom, L50, M|
|poke|p1|Urshifu-*, L50, F|
|poke|p2|Miraidon, L50|
|poke|p2|Palkia, L50|
|poke|p2|Ursaluna, L50, M|
|poke|p2|Incineroar, L50, M|
|poke|p2|Urshifu-*, L50, F|
|poke|p2|Sableye, L50, F|
|teampreview|4
|inactive|Battle timer is ON: inactive players will automatically lose when time's up. (requested by Slowpoke Well YT)
|inactive|Strin has 60 seconds left.
|
|t:|1750861851
|start
|switch|p1a: Eternatus|Eternatus, L50|100/100
|switch|p1b: Rillaboom|Rillaboom, L50, M|100/100
|switch|p2a: Incineroar|Incineroar, L50, M|100/100
|switch|p2b: Palkia|Palkia, L50|100/100
|-ability|p1a: Eternatus|Pressure
|-fieldstart|move: Grassy Terrain|[from] ability: Grassy Surge|[of] p1b: Rillaboom
|-ability|p2a: Incineroar|Intimidate|boost
|-unboost|p1a: Eternatus|atk|1
|-unboost|p1b: Rillaboom|atk|1
|turn|1
|
|t:|1750861870
|move|p1a: Eternatus|Protect|p1a: Eternatus
|-singleturn|p1a: Eternatus|Protect
|move|p2a: Incineroar|Fake Out|p1a: Eternatus
|-activate|p1a: Eternatus|move: Protect
|move|p1b: Rillaboom|U-turn|p2b: Palkia
|-damage|p2b: Palkia|86/100
|
|t:|1750861877
|switch|p1b: Incineroar|Incineroar, L50, F|100/100|[from] U-turn
|-ability|p1b: Incineroar|Intimidate|boost
|-unboost|p2a: Incineroar|atk|1
|-unboost|p2b: Palkia|atk|1
|move|p2b: Palkia|Trick Room|p2b: Palkia
|-fieldstart|move: Trick Room|[of] p2b: Palkia
|
|-heal|p2b: Palkia|92/100|[from] Grassy Terrain
|upkeep
|turn|2
|
|t:|1750861891
|-terastallize|p1a: Eternatus|Fairy
|move|p2b: Palkia|Protect|p2b: Palkia
|-singleturn|p2b: Palkia|Protect
|move|p1b: Incineroar|Parting Shot|p2b: Palkia
|-activate|p2b: Palkia|move: Protect
|move|p2a: Incineroar|Knock Off|p1a: Eternatus
|-resisted|p1a: Eternatus
|-damage|p1a: Eternatus|91/100
|-enditem|p1a: Eternatus|Leftovers|[from] move: Knock Off|[of] p2a: Incineroar
|move|p1a: Eternatus|Cosmic Power|p1a: Eternatus
|-boost|p1a: Eternatus|def|1
|-boost|p1a: Eternatus|spd|1
|
|-heal|p2b: Palkia|98/100|[from] Grassy Terrain
|-heal|p1a: Eternatus|97/100|[from] Grassy Terrain
|upkeep
|turn|3
|
|t:|1750861915
|move|p1b: Incineroar|Parting Shot|p2b: Palkia
|-unboost|p2b: Palkia|atk|1
|-unboost|p2b: Palkia|spa|1
|
|t:|1750861918
|switch|p1b: Gothitelle|Gothitelle, L50, F, shiny|100/100|[from] Parting Shot
|move|p2a: Incineroar|Parting Shot|p1a: Eternatus
|-unboost|p1a: Eternatus|atk|1
|-unboost|p1a: Eternatus|spa|1
|
|t:|1750861928
|switch|p2a: Miraidon|Miraidon, L50|100/100|[from] Parting Shot
|-fieldstart|move: Electric Terrain|[from] ability: Hadron Engine|[of] p2a: Miraidon
|move|p2b: Palkia|Hydro Pump|p1b: Gothitelle
|-damage|p1b: Gothitelle|65/100
|move|p1a: Eternatus|Cosmic Power|p1a: Eternatus
|-boost|p1a: Eternatus|def|1
|-boost|p1a: Eternatus|spd|1
|
|upkeep
|turn|4
|
|t:|1750861959
|move|p1b: Gothitelle|Fake Out|p2a: Miraidon
|-damage|p2a: Miraidon|95/100
|move|p2b: Palkia|Spacial Rend|p1b: Gothitelle
|-damage|p1b: Gothitelle|31/100
|-enditem|p1b: Gothitelle|Sitrus Berry|[eat]
|-heal|p1b: Gothitelle|56/100|[from] item: Sitrus Berry
|move|p1a: Eternatus|Cosmic Power|p1a: Eternatus
|-boost|p1a: Eternatus|def|1
|-boost|p1a: Eternatus|spd|1
|cant|p2a: Miraidon|flinch
|
|upkeep
|turn|5
|
|t:|1750861971
|move|p1b: Gothitelle|Protect|p1b: Gothitelle
|-singleturn|p1b: Gothitelle|Protect
|move|p2b: Palkia|Spacial Rend|p1b: Gothitelle
|-activate|p1b: Gothitelle|move: Protect
|move|p1a: Eternatus|Cosmic Power|p1a: Eternatus
|-boost|p1a: Eternatus|def|1
|-boost|p1a: Eternatus|spd|1
|move|p2a: Miraidon|Discharge|p1a: Eternatus|[spread] p1a
|-activate|p1b: Gothitelle|move: Protect
|-activate|p2b: Palkia|ability: Telepathy
|-damage|p1a: Eternatus|82/100
|-damage|p2a: Miraidon|85/100|[from] item: Life Orb
|
|-fieldend|move: Trick Room
|upkeep
|turn|6
|
|t:|1750861987
|switch|p1b: Rillaboom|Rillaboom, L50, M|100/100
|-fieldstart|move: Grassy Terrain|[from] ability: Grassy Surge|[of] p1b: Rillaboom
|move|p2a: Miraidon|Discharge|p1b: Rillaboom|[spread] p1a,p1b
|-activate|p2b: Palkia|ability: Telepathy
|-resisted|p1b: Rillaboom
|-crit|p1b: Rillaboom
|-damage|p1a: Eternatus|75/100
|-damage|p1b: Rillaboom|78/100
|-status|p1b: Rillaboom|par
|-damage|p2a: Miraidon|75/100|[from] item: Life Orb
|move|p1a: Eternatus|Cosmic Power|p1a: Eternatus
|-boost|p1a: Eternatus|def|1
|-boost|p1a: Eternatus|spd|1
|move|p2b: Palkia|Spacial Rend|p1b: Rillaboom
|-damage|p1b: Rillaboom|40/100 par
|
|-heal|p2a: Miraidon|82/100|[from] Grassy Terrain
|-heal|p1a: Eternatus|81/100|[from] Grassy Terrain
|-heal|p2b: Palkia|100/100|[from] Grassy Terrain
|-heal|p1b: Rillaboom|47/100 par|[from] Grassy Terrain
|upkeep
|turn|7
|
|t:|1750862012
|switch|p2a: Incineroar|Incineroar, L50, M|100/100
|-ability|p2a: Incineroar|Intimidate|boost
|-unboost|p1a: Eternatus|atk|1
|-unboost|p1b: Rillaboom|atk|1
|move|p1a: Eternatus|Cosmic Power|p1a: Eternatus
|-boost|p1a: Eternatus|def|1
|-boost|p1a: Eternatus|spd|1
|move|p2b: Palkia|Spacial Rend|p1b: Rillaboom
|-damage|p1b: Rillaboom|9/100 par
|cant|p1b: Rillaboom|par
|
|-heal|p1a: Eternatus|88/100|[from] Grassy Terrain
|-heal|p1b: Rillaboom|15/100 par|[from] Grassy Terrain
|upkeep
|turn|8
|
|t:|1750862032
|switch|p2b: Miraidon|Miraidon, L50|82/100
|-fieldstart|move: Electric Terrain|[from] ability: Hadron Engine|[of] p2b: Miraidon
|switch|p1b: Incineroar|Incineroar, L50, F|100/100
|-ability|p1b: Incineroar|Intimidate|boost
|-unboost|p2a: Incineroar|atk|1
|-unboost|p2b: Miraidon|atk|1
|move|p2a: Incineroar|Fake Out|p1a: Eternatus
|-damage|p1a: Eternatus|86/100
|cant|p1a: Eternatus|flinch
|
|upkeep
|turn|9
|
|t:|1750862048
|move|p2b: Miraidon|Protect|p2b: Miraidon
|-singleturn|p2b: Miraidon|Protect
|move|p1b: Incineroar|Fake Out|p2b: Miraidon
|-activate|p2b: Miraidon|move: Protect
|move|p1a: Eternatus|Sludge Bomb|p2b: Miraidon
|-activate|p2b: Miraidon|move: Protect
|move|p2a: Incineroar|Parting Shot|p1a: Eternatus
|-unboost|p1a: Eternatus|atk|1
|-unboost|p1a: Eternatus|spa|1
|
|t:|1750862060
|switch|p2a: Palkia|Palkia, L50|100/100|[from] Parting Shot
|
|upkeep
|turn|10
|
|t:|1750862066
|switch|p1b: Rillaboom|Rillaboom, L50, M|15/100 par
|-fieldstart|move: Grassy Terrain|[from] ability: Grassy Surge|[of] p1b: Rillaboom
|move|p2b: Miraidon|Discharge|p1b: Rillaboom|[spread] p1a,p1b
|-activate|p2a: Palkia|ability: Telepathy
|-resisted|p1b: Rillaboom
|-damage|p1a: Eternatus|81/100
|-damage|p1b: Rillaboom|2/100 par
|-damage|p2b: Miraidon|72/100|[from] item: Life Orb
|move|p1a: Eternatus|Sludge Bomb|p2b: Miraidon
|-damage|p2b: Miraidon|52/100
|move|p2a: Palkia|Hydro Pump|p1b: Rillaboom
|-resisted|p1b: Rillaboom
|-damage|p1b: Rillaboom|0 fnt
|faint|p1b: Rillaboom
|
|-heal|p2b: Miraidon|58/100|[from] Grassy Terrain
|-heal|p1a: Eternatus|87/100|[from] Grassy Terrain
|upkeep
|
|t:|1750862084
|switch|p1b: Gothitelle|Gothitelle, L50, F, shiny|56/100
|turn|11
|
|t:|1750862092
|move|p2b: Miraidon|Protect|p2b: Miraidon
|-singleturn|p2b: Miraidon|Protect
|move|p1b: Gothitelle|Fake Out|p2b: Miraidon
|-activate|p2b: Miraidon|move: Protect
|move|p1a: Eternatus|Sludge Bomb|p2b: Miraidon
|-activate|p2b: Miraidon|move: Protect
|move|p2a: Palkia|Spacial Rend|p1b: Gothitelle
|-damage|p1b: Gothitelle|3/100
|
|-heal|p2b: Miraidon|64/100|[from] Grassy Terrain
|-heal|p1a: Eternatus|93/100|[from] Grassy Terrain
|-heal|p1b: Gothitelle|10/100|[from] Grassy Terrain
|upkeep
|turn|12
|
|t:|1750862107
|move|p1b: Gothitelle|Protect|p1b: Gothitelle
|-singleturn|p1b: Gothitelle|Protect
|move|p2b: Miraidon|Discharge|p1a: Eternatus|[spread] p1a
|-activate|p1b: Gothitelle|move: Protect
|-activate|p2a: Palkia|ability: Telepathy
|-damage|p1a: Eternatus|86/100
|-damage|p2b: Miraidon|54/100|[from] item: Life Orb
|move|p1a: Eternatus|Sludge Bomb|p2b: Miraidon
|-damage|p2b: Miraidon|34/100
|move|p2a: Palkia|Spacial Rend|p1b: Gothitelle
|-activate|p1b: Gothitelle|move: Protect
|
|-heal|p2b: Miraidon|40/100|[from] Grassy Terrain
|-heal|p1a: Eternatus|93/100|[from] Grassy Terrain
|-heal|p1b: Gothitelle|16/100|[from] Grassy Terrain
|upkeep
|turn|13
|
|t:|1750862123
|switch|p1b: Incineroar|Incineroar, L50, F|100/100
|-ability|p1b: Incineroar|Intimidate|boost
|-unboost|p2a: Palkia|atk|1
|-unboost|p2b: Miraidon|atk|1
|move|p2b: Miraidon|Discharge|p1a: Eternatus|[spread] p1a,p1b
|-activate|p2a: Palkia|ability: Telepathy
|-damage|p1a: Eternatus|86/100
|-damage|p1b: Incineroar|70/100
|-damage|p2b: Miraidon|31/100|[from] item: Life Orb
|move|p1a: Eternatus|Sludge Bomb|p2a: Palkia
|-damage|p2a: Palkia|82/100
|-status|p2a: Palkia|psn
|move|p2a: Palkia|Hydro Pump|p1a: Eternatus|[miss]
|-miss|p2a: Palkia|p1a: Eternatus
|
|-heal|p2b: Miraidon|37/100|[from] Grassy Terrain
|-heal|p1a: Eternatus|92/100|[from] Grassy Terrain
|-heal|p2a: Palkia|88/100 psn|[from] Grassy Terrain
|-heal|p1b: Incineroar|76/100|[from] Grassy Terrain
|-damage|p2a: Palkia|76/100 psn|[from] psn
|upkeep
|turn|14
|inactive|Slowpoke Well YT has 30 seconds left.
|
|t:|1750862151
|move|p2b: Miraidon|Protect|p2b: Miraidon
|-singleturn|p2b: Miraidon|Protect
|move|p1a: Eternatus|Protect|p1a: Eternatus
|-singleturn|p1a: Eternatus|Protect
|move|p2a: Palkia|Protect|p2a: Palkia
|-singleturn|p2a: Palkia|Protect
|move|p1b: Incineroar|Parting Shot|p2a: Palkia
|-activate|p2a: Palkia|move: Protect
|
|-heal|p2b: Miraidon|43/100|[from] Grassy Terrain
|-heal|p1a: Eternatus|98/100|[from] Grassy Terrain
|-heal|p2a: Palkia|82/100 psn|[from] Grassy Terrain
|-heal|p1b: Incineroar|82/100|[from] Grassy Terrain
|-damage|p2a: Palkia|70/100 psn|[from] psn
|-fieldend|move: Grassy Terrain
|upkeep
|turn|15
|inactive|Strin has 30 seconds left.
|
|t:|1750862183
|switch|p2b: Incineroar|Incineroar, L50, M|100/100
|-ability|p2b: Incineroar|Intimidate|boost
|-unboost|p1a: Eternatus|atk|1
|-unboost|p1b: Incineroar|atk|1
|move|p1a: Eternatus|Sludge Bomb|p2b: Incineroar
|-damage|p2b: Incineroar|82/100
|move|p2a: Palkia|Hydro Pump|p1b: Incineroar
|-supereffective|p1b: Incineroar
|-damage|p1b: Incineroar|0 fnt
|faint|p1b: Incineroar
|
|-damage|p2a: Palkia|58/100 psn|[from] psn
|upkeep
|
|t:|1750862194
|switch|p1b: Gothitelle|Gothitelle, L50, F, shiny|16/100
|turn|16
|
|t:|1750862211
|move|p2a: Palkia|Protect|p2a: Palkia
|-singleturn|p2a: Palkia|Protect
|move|p1b: Gothitelle|Protect|p1b: Gothitelle
|-singleturn|p1b: Gothitelle|Protect
|move|p1a: Eternatus|Sludge Bomb|p2b: Incineroar
|-damage|p2b: Incineroar|64/100
|move|p2b: Incineroar|Knock Off|p1b: Gothitelle
|-activate|p1b: Gothitelle|move: Protect
|
|-damage|p2a: Palkia|46/100 psn|[from] psn
|upkeep
|turn|17
|
|t:|1750862228
|move|p1a: Eternatus|Sludge Bomb|p2b: Incineroar
|-damage|p2b: Incineroar|45/100
|-status|p2b: Incineroar|psn
|-enditem|p2b: Incineroar|Sitrus Berry|[eat]
|-heal|p2b: Incineroar|69/100 psn|[from] item: Sitrus Berry
|move|p2a: Palkia|Spacial Rend|p1b: Gothitelle
|-damage|p1b: Gothitelle|0 fnt
|faint|p1b: Gothitelle
|move|p2b: Incineroar|Parting Shot|p1a: Eternatus
|-unboost|p1a: Eternatus|atk|1
|-unboost|p1a: Eternatus|spa|1
|
|t:|1750862238
|switch|p2b: Urshifu|Urshifu, L50, F|100/100|[from] Parting Shot
|
|-damage|p2a: Palkia|33/100 psn|[from] psn
|upkeep
|turn|18
|
|t:|1750862252
|move|p1a: Eternatus|Sludge Bomb|p2b: Urshifu
|-damage|p2b: Urshifu|80/100
|move|p2a: Palkia|Hydro Pump|p1a: Eternatus
|-damage|p1a: Eternatus|87/100
|move|p2b: Urshifu|Wicked Blow|p1a: Eternatus
|-resisted|p1a: Eternatus
|-crit|p1a: Eternatus
|-damage|p1a: Eternatus|61/100
|
|-damage|p2a: Palkia|21/100 psn|[from] psn
|upkeep
|turn|19
|
|t:|1750862264
|move|p2b: Urshifu|Protect|p2b: Urshifu
|-singleturn|p2b: Urshifu|Protect
|move|p1a: Eternatus|Sludge Bomb|p2b: Urshifu
|-activate|p2b: Urshifu|move: Protect
|move|p2a: Palkia|Hydro Pump|p1a: Eternatus
|-damage|p1a: Eternatus|49/100
|
|-damage|p2a: Palkia|9/100 psn|[from] psn
|upkeep
|turn|20
|
|t:|1750862283
|switch|p2a: Incineroar|Incineroar, L50, M|69/100 psn
|-ability|p2a: Incineroar|Intimidate|boost
|-unboost|p1a: Eternatus|atk|0
|move|p1a: Eternatus|Recover|p1a: Eternatus
|-heal|p1a: Eternatus|99/100
|move|p2b: Urshifu|Wicked Blow|p1a: Eternatus
|-resisted|p1a: Eternatus
|-crit|p1a: Eternatus
|-damage|p1a: Eternatus|74/100
|
|-damage|p2a: Incineroar|57/100 psn|[from] psn
|upkeep
|turn|21
|
|t:|1750862300
|move|p2a: Incineroar|Fake Out|p1a: Eternatus
|-crit|p1a: Eternatus
|-damage|p1a: Eternatus|62/100
|cant|p1a: Eternatus|flinch
|move|p2b: Urshifu|Wicked Blow|p1a: Eternatus
|-resisted|p1a: Eternatus
|-crit|p1a: Eternatus
|-damage|p1a: Eternatus|38/100
|
|-damage|p2a: Incineroar|45/100 psn|[from] psn
|upkeep
|turn|22
|
|t:|1750862315
|move|p1a: Eternatus|Recover|p1a: Eternatus
|-heal|p1a: Eternatus|88/100
|move|p2b: Urshifu|Wicked Blow|p1a: Eternatus
|-resisted|p1a: Eternatus
|-crit|p1a: Eternatus
|-damage|p1a: Eternatus|65/100
|move|p2a: Incineroar|Parting Shot|p1a: Eternatus
|-unboost|p1a: Eternatus|atk|0
|-unboost|p1a: Eternatus|spa|1
|
|t:|1750862324
|switch|p2a: Palkia|Palkia, L50|9/100 psn|[from] Parting Shot
|
|-damage|p2a: Palkia|0 fnt|[from] psn
|faint|p2a: Palkia
|upkeep
|
|t:|1750862327
|switch|p2a: Incineroar|Incineroar, L50, M|45/100 psn
|-ability|p2a: Incineroar|Intimidate|boost
|-unboost|p1a: Eternatus|atk|0
|turn|23
|
|t:|1750862338
|switch|p2a: Miraidon|Miraidon, L50|43/100
|-fieldstart|move: Electric Terrain|[from] ability: Hadron Engine|[of] p2a: Miraidon
|move|p1a: Eternatus|Sludge Bomb|p2b: Urshifu
|-damage|p2b: Urshifu|62/100
|move|p2b: Urshifu|Close Combat|p1a: Eternatus
|-resisted|p1a: Eternatus
|-damage|p1a: Eternatus|59/100
|-unboost|p2b: Urshifu|def|1
|-unboost|p2b: Urshifu|spd|1
|
|upkeep
|turn|24
|
|t:|1750862350
|move|p2a: Miraidon|Volt Switch|p1a: Eternatus
|-damage|p1a: Eternatus|46/100
|-damage|p2a: Miraidon|33/100|[from] item: Life Orb
|
|t:|1750862355
|switch|p2a: Incineroar|Incineroar, L50, M|45/100 psn|[from] Volt Switch
|-ability|p2a: Incineroar|Intimidate|boost
|-unboost|p1a: Eternatus|atk|0
|move|p1a: Eternatus|Recover|p1a: Eternatus
|-heal|p1a: Eternatus|96/100
|move|p2b: Urshifu|Close Combat|p1a: Eternatus
|-resisted|p1a: Eternatus
|-damage|p1a: Eternatus|90/100
|-unboost|p2b: Urshifu|def|1
|-unboost|p2b: Urshifu|spd|1
|
|-damage|p2a: Incineroar|32/100 psn|[from] psn
|upkeep
|turn|25
|
|t:|1750862371
|move|p2a: Incineroar|Fake Out|p1a: Eternatus
|-damage|p1a: Eternatus|87/100
|cant|p1a: Eternatus|flinch
|move|p2b: Urshifu|Close Combat|p1a: Eternatus
|-resisted|p1a: Eternatus
|-damage|p1a: Eternatus|80/100
|-unboost|p2b: Urshifu|def|1
|-unboost|p2b: Urshifu|spd|1
|
|-damage|p2a: Incineroar|20/100 psn|[from] psn
|upkeep
|turn|26
|
|t:|1750862381
|move|p1a: Eternatus|Sludge Bomb|p2b: Urshifu
|-crit|p2b: Urshifu
|-damage|p2b: Urshifu|0 fnt
|faint|p2b: Urshifu
|move|p2a: Incineroar|Parting Shot|p1a: Eternatus
|-unboost|p1a: Eternatus|atk|0
|-unboost|p1a: Eternatus|spa|1
|
|t:|1750862384
|switch|p2a: Miraidon|Miraidon, L50|33/100|[from] Parting Shot
|-activate|p2a: Miraidon|ability: Hadron Engine
|
|upkeep
|
|t:|1750862386
|switch|p2b: Incineroar|Incineroar, L50, M|20/100 psn
|-ability|p2b: Incineroar|Intimidate|boost
|-unboost|p1a: Eternatus|atk|0
|turn|27
|
|t:|1750862396
|move|p1a: Eternatus|Protect|p1a: Eternatus
|-singleturn|p1a: Eternatus|Protect
|move|p2b: Incineroar|Fake Out|p1a: Eternatus
|-activate|p1a: Eternatus|move: Protect
|move|p2a: Miraidon|Volt Switch|p1a: Eternatus
|-activate|p1a: Eternatus|move: Protect
|
|-damage|p2b: Incineroar|7/100 psn|[from] psn
|-fieldend|move: Electric Terrain
|upkeep
|turn|28
|
|t:|1750862407
|move|p2a: Miraidon|Protect|p2a: Miraidon
|-singleturn|p2a: Miraidon|Protect
|move|p1a: Eternatus|Sludge Bomb|p2a: Miraidon
|-activate|p2a: Miraidon|move: Protect
|move|p2b: Incineroar|Flare Blitz|p1a: Eternatus
|-damage|p1a: Eternatus|70/100
|-damage|p2b: Incineroar|3/100 psn|[from] Recoil
|
|-damage|p2b: Incineroar|0 fnt|[from] psn
|faint|p2b: Incineroar
|upkeep
|turn|29
|
|t:|1750862422
|-terastallize|p2a: Miraidon|Ghost
|move|p2a: Miraidon|Discharge|p1a: Eternatus
|-damage|p1a: Eternatus|61/100
|-damage|p2a: Miraidon|24/100|[from] item: Life Orb
|move|p1a: Eternatus|Sludge Bomb|p2a: Miraidon
|-resisted|p2a: Miraidon
|-damage|p2a: Miraidon|18/100
|-status|p2a: Miraidon|psn
|
|-damage|p2a: Miraidon|6/100 psn|[from] psn
|upkeep
|turn|30
|inactive|Strin has 30 seconds left.
|
|t:|1750862432
|move|p2a: Miraidon|Discharge|p1a: Eternatus
|-damage|p1a: Eternatus|52/100
|-damage|p2a: Miraidon|0 fnt|[from] item: Life Orb
|faint|p2a: Miraidon
|
|win|Slowpoke Well YT
|raw|Slowpoke Well YT's rating: 1472 &rarr; <strong>1486</strong><br />(+14 for winning)
|raw|Strin's rating: 1373 &rarr; <strong>1359</strong><br />(-14 for losing)
|l|☆Slowpoke Well YT
|player|p1|
|l|☆Strin
|player|p2|
