|j|☆MarSky
|j|☆Aeiou123456
|t:|1750752792
|gametype|doubles
|player|p1|MarSky|falkner|1321
|player|p2|Aeiou123456|red|1265
|teamsize|p1|6
|teamsize|p2|6
|gen|9
|tier|[Gen 9] VGC 2025 Reg I
|rated|
|rule|Species Clause: Limit one of each Pokémon
|rule|Item Clause: Limit 1 of each item
|clearpoke
|poke|p1|Grimmsnarl, L50, M|
|poke|p1|Volcarona, L50, M|
|poke|p1|Calyrex-Ice, L50|
|poke|p1|Annihilape, L50, M|
|poke|p1|Iron Hands, L50|
|poke|p1|Miraidon, L50|
|poke|p2|Kyogre, L50|
|poke|p2|Raichu, L50, M|
|poke|p2|Ho-Oh, L50|
|poke|p2|Amoonguss, L50, F|
|poke|p2|Incineroar, L50, M|
|poke|p2|Porygon2, L50|
|teampreview|4
Aeiou123456 rejected open team sheets.
|inactive|Battle timer is ON: inactive players will automatically lose when time's up. (requested by Aeiou123456)
|inactive|Aeiou123456 has 60 seconds left.
|
|t:|1750752827
|start
|switch|p1a: Calyrex|Calyrex-Ice, L50|100/100
|switch|p1b: Annihilape|Annihilape, L50, M|100/100
|switch|p2a: Kyogre|Kyogre, L50|100/100
|switch|p2b: Ho-Oh|Ho-Oh, L50|100/100
|-ability|p1a: Calyrex|As One
|-ability|p1a: Calyrex|Unnerve
|-weather|RainDance|[from] ability: Drizzle|[of] p2a: Kyogre
|turn|1
|
|t:|1750752851
|-terastallize|p1a: Calyrex|Water
|move|p1b: Annihilape|Final Gambit|p2a: Kyogre
|-damage|p2a: Kyogre|0 fnt
|faint|p1b: Annihilape
|faint|p2a: Kyogre
|move|p2b: Ho-Oh|Substitute|p2b: Ho-Oh
|-start|p2b: Ho-Oh|Substitute
|-damage|p2b: Ho-Oh|76/100
|move|p1a: Calyrex|Glacial Lance|p2b: Ho-Oh
|-end|p2b: Ho-Oh|Substitute
|
|-weather|RainDance|[upkeep]
|-heal|p2b: Ho-Oh|82/100|[from] item: Leftovers
|upkeep
|
|t:|1750752863
|switch|p1b: Iron Hands|Iron Hands, L50|100/100
|switch|p2a: Porygon2|Porygon2, L50, shiny|100/100
|-ability|p2a: Porygon2|Download|boost
|-boost|p2a: Porygon2|spa|1
|turn|2
|
|t:|1750752876
|move|p2b: Ho-Oh|Sacred Fire|p1a: Calyrex
|-resisted|p1a: Calyrex
|-damage|p1a: Calyrex|93/100
|-status|p1a: Calyrex|brn
|move|p1b: Iron Hands|Drain Punch|p2a: Porygon2
|-supereffective|p2a: Porygon2
|-damage|p2a: Porygon2|57/100
|move|p1a: Calyrex|Glacial Lance|p2b: Ho-Oh|[spread] p2a,p2b
|-damage|p2a: Porygon2|42/100
|-damage|p2b: Ho-Oh|62/100
|move|p2a: Porygon2|Thunderbolt|p1a: Calyrex
|-supereffective|p1a: Calyrex
|-damage|p1a: Calyrex|55/100 brn
|
|-weather|RainDance|[upkeep]
|-heal|p2b: Ho-Oh|68/100|[from] item: Leftovers
|-heal|p1a: Calyrex|61/100 brn|[from] item: Leftovers
|-damage|p1a: Calyrex|55/100 brn|[from] brn
|upkeep
|turn|3
|inactive|Aeiou123456 has 30 seconds left.
|inactive|Aeiou123456 has 20 seconds left.
|inactive|Aeiou123456 has 15 seconds left.
|inactive|Aeiou123456 has 10 seconds left.
|inactive|Aeiou123456 has 5 seconds left.
|
|t:|1750752927
|move|p2b: Ho-Oh|Sacred Fire|p1b: Iron Hands
|-damage|p1b: Iron Hands|82/100
|-status|p1b: Iron Hands|brn
|move|p1b: Iron Hands|Wild Charge|p2b: Ho-Oh
|-supereffective|p2b: Ho-Oh
|-damage|p2b: Ho-Oh|25/100
|-damage|p1b: Iron Hands|72/100 brn|[from] Recoil
|move|p1a: Calyrex|Glacial Lance|p2a: Porygon2|[spread] p2a,p2b
|-damage|p2a: Porygon2|26/100
|-damage|p2b: Ho-Oh|2/100
|move|p2a: Porygon2|Recover|p2a: Porygon2
|-heal|p2a: Porygon2|76/100
|
|-weather|RainDance|[upkeep]
|-heal|p2b: Ho-Oh|8/100|[from] item: Leftovers
|-heal|p1a: Calyrex|61/100 brn|[from] item: Leftovers
|-damage|p1b: Iron Hands|66/100 brn|[from] brn
|-damage|p1a: Calyrex|55/100 brn|[from] brn
|upkeep
|turn|4
|
|t:|1750752950
|move|p2b: Ho-Oh|Recover|p2b: Ho-Oh
|-heal|p2b: Ho-Oh|58/100
|move|p1b: Iron Hands|Drain Punch|p2a: Porygon2
|-supereffective|p2a: Porygon2
|-damage|p2a: Porygon2|54/100
|-heal|p1b: Iron Hands|76/100 brn|[from] drain|[of] p2a: Porygon2
|move|p1a: Calyrex|Glacial Lance|p2b: Ho-Oh|[spread] p2a,p2b
|-damage|p2a: Porygon2|40/100
|-damage|p2b: Ho-Oh|36/100
|move|p2a: Porygon2|Ice Beam|p1b: Iron Hands
|-damage|p1b: Iron Hands|58/100 brn
|
|-weather|RainDance|[upkeep]
|-heal|p2b: Ho-Oh|42/100|[from] item: Leftovers
|-heal|p1a: Calyrex|61/100 brn|[from] item: Leftovers
|-damage|p1b: Iron Hands|52/100 brn|[from] brn
|-damage|p1a: Calyrex|55/100 brn|[from] brn
|upkeep
|turn|5
|inactive|MarSky has 30 seconds left.
|
|t:|1750752978
|move|p2b: Ho-Oh|Recover|p2b: Ho-Oh
|-heal|p2b: Ho-Oh|92/100
|move|p1b: Iron Hands|Wild Charge|p2b: Ho-Oh
|-supereffective|p2b: Ho-Oh
|-damage|p2b: Ho-Oh|55/100
|-damage|p1b: Iron Hands|44/100 brn|[from] Recoil
|move|p1a: Calyrex|Glacial Lance|p2a: Porygon2|[spread] p2a,p2b
|-damage|p2a: Porygon2|23/100
|-damage|p2b: Ho-Oh|31/100
|move|p2a: Porygon2|Ice Beam|p1b: Iron Hands
|-damage|p1b: Iron Hands|25/100 brn
|
|-weather|none
|-heal|p2b: Ho-Oh|38/100|[from] item: Leftovers
|-heal|p1a: Calyrex|61/100 brn|[from] item: Leftovers
|-damage|p1b: Iron Hands|19/100 brn|[from] brn
|-damage|p1a: Calyrex|55/100 brn|[from] brn
|upkeep
|turn|6
|
|t:|1750752994
|move|p2b: Ho-Oh|Recover|p2b: Ho-Oh
|-heal|p2b: Ho-Oh|88/100
|move|p1b: Iron Hands|Drain Punch|p2a: Porygon2
|-supereffective|p2a: Porygon2
|-damage|p2a: Porygon2|0 fnt
|-heal|p1b: Iron Hands|29/100 brn|[from] drain|[of] p2a: Porygon2
|faint|p2a: Porygon2
|move|p1a: Calyrex|Glacial Lance|p2b: Ho-Oh
|-damage|p2b: Ho-Oh|58/100
|
|-heal|p2b: Ho-Oh|64/100|[from] item: Leftovers
|-heal|p1a: Calyrex|61/100 brn|[from] item: Leftovers
|-damage|p1b: Iron Hands|23/100 brn|[from] brn
|-damage|p1a: Calyrex|55/100 brn|[from] brn
|upkeep
|
|t:|1750753006
|switch|p2a: Raichu|Raichu, L50, M|100/100
|turn|7
|
|t:|1750753026
|move|p2a: Raichu|Fake Out|p1a: Calyrex
|-damage|p1a: Calyrex|50/100 brn
|move|p2b: Ho-Oh|Brave Bird|p1b: Iron Hands
|-crit|p1b: Iron Hands
|-damage|p1b: Iron Hands|0 fnt
|faint|p1b: Iron Hands
|-end|p1b: Iron Hands|Quark Drive|[silent]
|-damage|p2b: Ho-Oh|56/100|[from] Recoil
|cant|p1a: Calyrex|flinch
|
|-heal|p2b: Ho-Oh|62/100|[from] item: Leftovers
|-heal|p1a: Calyrex|56/100 brn|[from] item: Leftovers
|-damage|p1a: Calyrex|50/100 brn|[from] brn
|upkeep
|
|t:|1750753028
|switch|p1b: Miraidon|Miraidon, L50|100/100
|-fieldstart|move: Electric Terrain|[from] ability: Hadron Engine|[of] p1b: Miraidon
|turn|8
|inactive|Aeiou123456 has 30 seconds left.
|
|t:|1750753055
|move|p1b: Miraidon|Dazzling Gleam|p2a: Raichu|[spread] p2a,p2b
|-resisted|p2b: Ho-Oh
|-damage|p2a: Raichu|39/100
|-damage|p2b: Ho-Oh|52/100
|move|p2a: Raichu|Volt Switch|p1a: Calyrex
|-supereffective|p1a: Calyrex
|-damage|p1a: Calyrex|5/100 brn
|move|p2b: Ho-Oh|Recover|p2b: Ho-Oh
|-heal|p2b: Ho-Oh|100/100
|move|p1a: Calyrex|Glacial Lance|p2a: Raichu|[spread] p2a,p2b
|-damage|p2a: Raichu|0 fnt
|-damage|p2b: Ho-Oh|80/100
|faint|p2a: Raichu
|-ability|p1a: Calyrex|Chilling Neigh|boost
|-boost|p1a: Calyrex|atk|1
|
|-heal|p2b: Ho-Oh|87/100|[from] item: Leftovers
|-heal|p1a: Calyrex|11/100 brn|[from] item: Leftovers
|-damage|p1a: Calyrex|5/100 brn|[from] brn
|upkeep
|turn|9
|inactive|MarSky has 30 seconds left.
|
|t:|1750753086
|move|p1b: Miraidon|Dazzling Gleam|p2b: Ho-Oh
|-resisted|p2b: Ho-Oh
|-damage|p2b: Ho-Oh|72/100
|move|p2b: Ho-Oh|Brave Bird|p1a: Calyrex
|-damage|p1a: Calyrex|0 fnt
|faint|p1a: Calyrex
|-damage|p2b: Ho-Oh|71/100|[from] Recoil
|
|-heal|p2b: Ho-Oh|77/100|[from] item: Leftovers
|upkeep
|turn|10
|
|t:|1750753095
|move|p1b: Miraidon|Dazzling Gleam|p2b: Ho-Oh
|-resisted|p2b: Ho-Oh
|-damage|p2b: Ho-Oh|63/100
|move|p2b: Ho-Oh|Substitute|p2b: Ho-Oh
|-start|p2b: Ho-Oh|Substitute
|-damage|p2b: Ho-Oh|39/100
|
|-heal|p2b: Ho-Oh|45/100|[from] item: Leftovers
|upkeep
|turn|11
|
|t:|1750753102
|move|p1b: Miraidon|Dazzling Gleam|p2b: Ho-Oh
|-resisted|p2b: Ho-Oh
|-activate|p2b: Ho-Oh|move: Substitute|[damage]
|move|p2b: Ho-Oh|Recover|p2b: Ho-Oh
|-heal|p2b: Ho-Oh|95/100
|
|-heal|p2b: Ho-Oh|100/100|[from] item: Leftovers
|upkeep
|turn|12
|-message|MarSky forfeited.
|
|win|Aeiou123456
|raw|MarSky's rating: 1321 &rarr; <strong>1298</strong><br />(-23 for losing)
|raw|Aeiou123456's rating: 1265 &rarr; <strong>1294</strong><br />(+29 for winning)
|l|☆MarSky
|player|p1|
|l|☆Aeiou123456
|player|p2|
