|j|☆kingslurp88
|j|☆Godme7o_Anthony
|t:|1750798591
|gametype|doubles
|player|p1|kingslurp88|hilda-wonderlauncher|1177
|player|p2|Godme7o_Anthony|blue|1157
|teamsize|p1|6
|teamsize|p2|6
|gen|9
|tier|[Gen 9] VGC 2025 Reg I
|rated|
|rule|Species Clause: Limit one of each Pokémon
|rule|Item Clause: Limit 1 of each item
|clearpoke
|poke|p1|Hatterene, L50, F|
|poke|p1|Terapagos, L50, M|
|poke|p1|Ursaluna, L50, M|
|poke|p1|Calyrex-Ice, L50|
|poke|p1|Scizor, L50, M|
|poke|p1|Incineroar, L50, M|
|poke|p2|Calyrex-Shadow, L50|
|poke|p2|Rayquaza, L50|
|poke|p2|Chien-Pao, L50|
|poke|p2|Ogerpon-Hearthflame, L50, F|
|poke|p2|Landorus-Therian, L50, M|
|poke|p2|Suicune, L50|
|teampreview|4
|inactive|Battle timer is ON: inactive players will automatically lose when time's up. (requested by kingslurp88)
|
|t:|1750798621
|start
|switch|p1a: Hatterene|Hatterene, L50, F|100/100
|switch|p1b: Scizor|Scizor, L50, M|100/100
|switch|p2a: Rayquaza|Rayquaza, L50|100/100
|switch|p2b: Chien-Pao|Chien-Pao, L50|100/100
|-ability|p2b: Chien-Pao|Sword of Ruin
|-ability|p2a: Rayquaza|Air Lock
|turn|1
|
|t:|1750798644
|-terastallize|p2a: Rayquaza|Normal
|move|p1a: Hatterene|Protect|p1a: Hatterene
|-singleturn|p1a: Hatterene|Protect
|move|p2a: Rayquaza|Extreme Speed|p1a: Hatterene
|-activate|p1a: Hatterene|move: Protect
|move|p2b: Chien-Pao|Sacred Sword|p1b: Scizor
|-damage|p1b: Scizor|64/100
|move|p1b: Scizor|Swords Dance|p1b: Scizor
|-boost|p1b: Scizor|atk|2
|
|upkeep
|turn|2
|
|t:|1750798662
|move|p2a: Rayquaza|Extreme Speed|p1a: Hatterene
|-enditem|p1a: Hatterene|Focus Sash
|-damage|p1a: Hatterene|1/100
|move|p1b: Scizor|Bullet Punch|p2b: Chien-Pao
|-supereffective|p2b: Chien-Pao
|-damage|p2b: Chien-Pao|0 fnt
|faint|p2b: Chien-Pao
|-damage|p1b: Scizor|54/100|[from] item: Life Orb
|move|p1a: Hatterene|Trick Room|p1a: Hatterene
|-fieldstart|move: Trick Room|[of] p1a: Hatterene
|
|upkeep
|
|t:|1750798673
|switch|p2b: Ogerpon|Ogerpon-Hearthflame, L50, F|100/100
|-ability|p2b: Ogerpon|Mold Breaker
|turn|3
|
|t:|1750798682
|move|p2b: Ogerpon|Protect|p2b: Ogerpon
|-singleturn|p2b: Ogerpon|Protect
|move|p2a: Rayquaza|Extreme Speed|p1b: Scizor
|-resisted|p1b: Scizor
|-crit|p1b: Scizor
|-damage|p1b: Scizor|0 fnt
|faint|p1b: Scizor
|move|p1a: Hatterene|Dazzling Gleam|p2b: Ogerpon|[spread] p2a
|-activate|p2b: Ogerpon|move: Protect
|-damage|p2a: Rayquaza|68/100
|
|upkeep
|
|t:|1750798695
|switch|p1b: Calyrex|Calyrex-Ice, L50|100/100
|-ability|p1b: Calyrex|As One
|-ability|p1b: Calyrex|Unnerve
|turn|4
|inactive|kingslurp88 has 30 seconds left.
|
|t:|1750798720
|move|p2a: Rayquaza|Extreme Speed|p1b: Calyrex
|-damage|p1b: Calyrex|55/100
|move|p1a: Hatterene|Dazzling Gleam|p2b: Ogerpon|[spread] p2a,p2b
|-resisted|p2b: Ogerpon
|-damage|p2a: Rayquaza|34/100
|-damage|p2b: Ogerpon|83/100
|move|p1b: Calyrex|Glacial Lance|p2a: Rayquaza|[spread] p2a,p2b
|-damage|p2a: Rayquaza|0 fnt
|-damage|p2b: Ogerpon|18/100
|faint|p2a: Rayquaza
|-ability|p1b: Calyrex|Chilling Neigh|boost
|-boost|p1b: Calyrex|atk|1
|move|p2b: Ogerpon|Horn Leech|p1b: Calyrex
|-damage|p1b: Calyrex|29/100
|-heal|p2b: Ogerpon|33/100|[from] drain|[of] p1b: Calyrex
|
|upkeep
|
|t:|1750798735
|switch|p2a: Calyrex|Calyrex-Shadow, L50|100/100
|-ability|p2a: Calyrex|As One
|-ability|p2a: Calyrex|Unnerve
|turn|5
|
|t:|1750798750
|move|p2b: Ogerpon|Protect|p2b: Ogerpon
|-singleturn|p2b: Ogerpon|Protect
|move|p1a: Hatterene|Mystical Fire|p2a: Calyrex
|-damage|p2a: Calyrex|69/100
|-unboost|p2a: Calyrex|spa|1
|move|p1b: Calyrex|Glacial Lance|p2b: Ogerpon|[spread] p2a
|-activate|p2b: Ogerpon|move: Protect
|-damage|p2a: Calyrex|0 fnt
|faint|p2a: Calyrex
|-ability|p1b: Calyrex|Chilling Neigh|boost
|-boost|p1b: Calyrex|atk|1
|
|upkeep
|turn|6
|
|t:|1750798768
|move|p1a: Hatterene|Mystical Fire|p2b: Ogerpon
|-damage|p2b: Ogerpon|2/100
|-unboost|p2b: Ogerpon|spa|1
|move|p1b: Calyrex|Glacial Lance|p2b: Ogerpon
|-damage|p2b: Ogerpon|0 fnt
|faint|p2b: Ogerpon
|
|win|kingslurp88
|raw|kingslurp88's rating: 1177 &rarr; <strong>1201</strong><br />(+24 for winning)
|raw|Godme7o_Anthony's rating: 1157 &rarr; <strong>1133</strong><br />(-24 for losing)
|c|☆Godme7o_Anthony|gg
|l|☆kingslurp88
|player|p1|
|l|☆Godme7o_Anthony
|player|p2|
