|j|☆Ice Cream Snail
|j|☆7yka0n
|t:|1750713189
|gametype|doubles
|player|p1|Ice Cream Snail|doctor|1125
|player|p2|7yka0n|170|1224
|teamsize|p1|6
|teamsize|p2|6
|gen|9
|tier|[Gen 9] VGC 2025 Reg I
|rated|
|rule|Species Clause: Limit one of each Pokémon
|rule|Item Clause: Limit 1 of each item
|clearpoke
|poke|p1|Groudon, L50|
|poke|p1|Calyrex-Shadow, L50|
|poke|p1|Jumpluff, L50, F|
|poke|p1|Raging Bolt, L50|
|poke|p1|Indeedee-F, L50, F|
|poke|p1|Chi-Yu, L50|
|poke|p2|Indeedee-F, L50, F|
|poke|p2|Calyrex-Shadow, L50|
|poke|p2|Koraidon, L50|
|poke|p2|Porygon-Z, L50|
|poke|p2|Conkeldurr, L50, F|
|poke|p2|Gastrodon-East, L50, M|
|teampreview|4
7yka0n rejected open team sheets.
|inactive|Battle timer is ON: inactive players will automatically lose when time's up. (requested by 7yka0n)
|
|t:|1750713256
|start
|switch|p1a: Chi-Yu|Chi-Yu, L50|100/100
|switch|p1b: Calyrex|Calyrex-Shadow, L50|100/100
|switch|p2a: Koraidon|Koraidon, L50|100/100
|switch|p2b: Gastrodon|Gastrodon-East, L50, M|100/100
|-ability|p1b: Calyrex|As One
|-ability|p1b: Calyrex|Unnerve
|-ability|p1a: Chi-Yu|Beads of Ruin
|-weather|SunnyDay|[from] ability: Orichalcum Pulse|[of] p2a: Koraidon
|-activate|p2a: Koraidon|Orichalcum Pulse|[source]
|turn|1
|inactive|Ice Cream Snail has 30 seconds left.
|inactive|7yka0n has 30 seconds left.
|
|t:|1750713290
|move|p1b: Calyrex|Protect|p1b: Calyrex
|-singleturn|p1b: Calyrex|Protect
|move|p1a: Chi-Yu|Dark Pulse|p2b: Gastrodon
|-damage|p2b: Gastrodon|45/100
|move|p2a: Koraidon|Flare Blitz|p1b: Calyrex
|-activate|p1b: Calyrex|move: Protect
|move|p2b: Gastrodon|Muddy Water|p1a: Chi-Yu|[spread] p1a
|-activate|p1b: Calyrex|move: Protect
|-supereffective|p1a: Chi-Yu
|-damage|p1a: Chi-Yu|68/100
|
|-weather|SunnyDay|[upkeep]
|-heal|p2b: Gastrodon|51/100|[from] item: Leftovers
|upkeep
|turn|2
|inactive|7yka0n has 30 seconds left.
|inactive|7yka0n has 20 seconds left.
|inactive|7yka0n has 15 seconds left.
|
|t:|1750713332
|move|p1a: Chi-Yu|Dark Pulse|p2b: Gastrodon
|-damage|p2b: Gastrodon|0 fnt
|faint|p2b: Gastrodon
|move|p1b: Calyrex|Psychic|p2a: Koraidon
|-supereffective|p2a: Koraidon
|-damage|p2a: Koraidon|15/100
|-unboost|p2a: Koraidon|spd|1
|move|p2a: Koraidon|Flare Blitz|p1b: Calyrex
|-enditem|p1b: Calyrex|Focus Sash
|-damage|p1b: Calyrex|1/100
|-damage|p2a: Koraidon|0 fnt|[from] Recoil
|faint|p2a: Koraidon
|
|-weather|SunnyDay|[upkeep]
|upkeep
|
|t:|1750713345
|switch|p2a: Porygon-Z|Porygon-Z, L50|100/100
|switch|p2b: Calyrex|Calyrex-Shadow, L50|100/100
|-ability|p2b: Calyrex|As One
|-ability|p2b: Calyrex|Unnerve
|turn|3
|
|t:|1750713360
|switch|p1a: Indeedee|Indeedee-F, L50, F|100/100
|-fieldstart|move: Psychic Terrain|[from] ability: Psychic Surge|[of] p1a: Indeedee
|move|p1b: Calyrex|Protect|p1b: Calyrex
|-singleturn|p1b: Calyrex|Protect
|move|p2b: Calyrex|Protect|p2b: Calyrex
|-singleturn|p2b: Calyrex|Protect
|move|p2a: Porygon-Z|Icy Wind|p1a: Indeedee|[spread] p1a
|-activate|p1b: Calyrex|move: Protect
|-damage|p1a: Indeedee|84/100
|-unboost|p1a: Indeedee|spe|1
|-damage|p2a: Porygon-Z|91/100|[from] item: Life Orb
|
|-weather|SunnyDay|[upkeep]
|upkeep
|turn|4
|c|☆7yka0n|50/50
|
|t:|1750713382
|move|p2b: Calyrex|Protect||[still]
|-fail|p2b: Calyrex
|move|p1b: Calyrex|Astral Barrage|p2b: Calyrex|[spread] p2b
|-immune|p2a: Porygon-Z
|-supereffective|p2b: Calyrex
|-damage|p2b: Calyrex|0 fnt
|faint|p2b: Calyrex
|-ability|p1b: Calyrex|Grim Neigh|boost
|-boost|p1b: Calyrex|spa|1
|move|p2a: Porygon-Z|Icy Wind|p1b: Calyrex|[spread] p1a,p1b
|-damage|p1a: Indeedee|67/100
|-damage|p1b: Calyrex|0 fnt
|-unboost|p1a: Indeedee|spe|1
|faint|p1b: Calyrex
|-damage|p2a: Porygon-Z|81/100|[from] item: Life Orb
|move|p1a: Indeedee|Trick Room|p1a: Indeedee
|-fieldstart|move: Trick Room|[of] p1a: Indeedee
|
|-weather|SunnyDay|[upkeep]
|upkeep
|
|t:|1750713388
|switch|p1b: Groudon|Groudon, L50|100/100
|-enditem|p1b: Groudon|Psychic Seed
|-boost|p1b: Groudon|spd|1|[from] item: Psychic Seed
|turn|5
|c|☆7yka0n|gg
|
|t:|1750713405
|-terastallize|p1b: Groudon|Fire
|move|p1a: Indeedee|Helping Hand|p1b: Groudon
|-singleturn|p1b: Groudon|Helping Hand|[of] p1a: Indeedee
|move|p2a: Porygon-Z|Icy Wind|p1b: Groudon|[spread] p1a,p1b
|-resisted|p1b: Groudon
|-crit|p1b: Groudon
|-damage|p1a: Indeedee|51/100
|-damage|p1b: Groudon|88/100
|-unboost|p1a: Indeedee|spe|1
|-unboost|p1b: Groudon|spe|1
|-damage|p2a: Porygon-Z|71/100|[from] item: Life Orb
|move|p1b: Groudon|Heat Crash|p2a: Porygon-Z
|-damage|p2a: Porygon-Z|0 fnt
|faint|p2a: Porygon-Z
|
|win|Ice Cream Snail
|raw|Ice Cream Snail's rating: 1125 &rarr; <strong>1157</strong><br />(+32 for winning)
|raw|7yka0n's rating: 1224 &rarr; <strong>1192</strong><br />(-32 for losing)
|l|☆7yka0n
|player|p2|
|l|☆Ice Cream Snail
|player|p1|
