|j|☆zhengzhenwei
|j|☆jephre45
|t:|1750828591
|gametype|doubles
|player|p1|zhengzhenwei|170|1502
|player|p2|jephre45|plasmagrunt|1482
|teamsize|p1|6
|teamsize|p2|6
|gen|9
|tier|[Gen 9] VGC 2025 Reg I
|rated|
|rule|Species Clause: Limit one of each Pokémon
|rule|Item Clause: Limit 1 of each item
|clearpoke
|poke|p1|Incineroar, L50, F|
|poke|p1|Whimsicott, L50, F|
|poke|p1|Lunala, L50|
|poke|p1|Miraidon, L50|
|poke|p1|Urshifu-*, L50, M|
|poke|p1|Ursaluna, L50, M|
|poke|p2|Koraidon, L50|
|poke|p2|Calyrex-Ice, L50|
|poke|p2|Flutter Mane, L50|
|poke|p2|Chi-Yu, L50|
|poke|p2|Brute Bonnet, L50|
|poke|p2|Landorus, L50, M|
|teampreview|4
|
|t:|1750828659
|start
|switch|p1a: Lunala|Lunala, L50|100/100
|switch|p1b: Incineroar|Incineroar, L50, F|100/100
|switch|p2a: Brute Bonnet|Brute Bonnet, L50|100/100
|switch|p2b: Landorus|Landorus, L50, M|100/100
|-ability|p1b: Incineroar|Intimidate|boost
|-unboost|p2a: Brute Bonnet|atk|1
|-unboost|p2b: Landorus|atk|1
|turn|1
|
|t:|1750828685
|-terastallize|p1a: Lunala|Fairy
|move|p1b: Incineroar|Fake Out|p2b: Landorus
|-damage|p2b: Landorus|90/100
|cant|p2b: Landorus|flinch
|move|p2a: Brute Bonnet|Spore|p1a: Lunala
|-status|p1a: Lunala|slp|[from] move: Spore
|cant|p1a: Lunala|slp
|
|upkeep
|turn|2
|
|t:|1750828720
|move|p2a: Brute Bonnet|Sucker Punch|p1a: Lunala
|-resisted|p1a: Lunala
|-damage|p1a: Lunala|96/100 slp
|move|p2b: Landorus|Earth Power|p1b: Incineroar
|-supereffective|p1b: Incineroar
|-damage|p1b: Incineroar|22/100
|-damage|p2b: Landorus|80/100|[from] item: Life Orb
|cant|p1a: Lunala|slp
|move|p1b: Incineroar|Knock Off|p2b: Landorus
|-damage|p2b: Landorus|40/100
|-enditem|p2b: Landorus|Life Orb|[from] move: Knock Off|[of] p1b: Incineroar
|
|upkeep
|turn|3
|
|t:|1750828762
|move|p2b: Landorus|Earth Power|p1b: Incineroar
|-supereffective|p1b: Incineroar
|-damage|p1b: Incineroar|0 fnt
|faint|p1b: Incineroar
|move|p2a: Brute Bonnet|Seed Bomb|p1a: Lunala
|-damage|p1a: Lunala|76/100 slp
|-curestatus|p1a: Lunala|slp|[msg]
|move|p1a: Lunala|Trick Room|p1a: Lunala
|-fieldstart|move: Trick Room|[of] p1a: Lunala
|
|upkeep
|
|t:|1750828772
|switch|p1b: Ursaluna|Ursaluna, L50, M|100/100
|turn|4
|
|t:|1750828794
|move|p1b: Ursaluna|Protect|p1b: Ursaluna
|-singleturn|p1b: Ursaluna|Protect
|move|p2a: Brute Bonnet|Seed Bomb|p1b: Ursaluna
|-activate|p1b: Ursaluna|move: Protect
|move|p1a: Lunala|Moonblast|p2a: Brute Bonnet
|-supereffective|p2a: Brute Bonnet
|-damage|p2a: Brute Bonnet|20/100
|move|p2b: Landorus|Sludge Bomb|p1a: Lunala
|-supereffective|p1a: Lunala
|-damage|p1a: Lunala|36/100
|-status|p1a: Lunala|psn
|
|-damage|p1a: Lunala|24/100 psn|[from] psn
|-status|p1b: Ursaluna|brn|[from] item: Flame Orb
|upkeep
|turn|5
|
|t:|1750828813
|switch|p1b: Miraidon|Miraidon, L50|100/100
|-fieldstart|move: Electric Terrain|[from] ability: Hadron Engine|[of] p1b: Miraidon
|-enditem|p1a: Lunala|Electric Seed
|-boost|p1a: Lunala|def|1|[from] item: Electric Seed
|move|p2b: Landorus|Protect|p2b: Landorus
|-singleturn|p2b: Landorus|Protect
|move|p2a: Brute Bonnet|Sucker Punch||[still]
|-fail|p2a: Brute Bonnet
|move|p1a: Lunala|Moonblast|p2a: Brute Bonnet
|-supereffective|p2a: Brute Bonnet
|-damage|p2a: Brute Bonnet|0 fnt
|faint|p2a: Brute Bonnet
|-end|p2a: Brute Bonnet|Protosynthesis|[silent]
|
|-damage|p1a: Lunala|12/100 psn|[from] psn
|upkeep
|
|t:|1750828822
|switch|p2a: Calyrex|Calyrex-Ice, L50|100/100
|-ability|p2a: Calyrex|As One
|-ability|p2a: Calyrex|Unnerve
|turn|6
|
|t:|1750828863
|switch|p1b: Ursaluna|Ursaluna, L50, M|100/100 brn
|move|p2a: Calyrex|Glacial Lance|p1b: Ursaluna|[spread] p1a,p1b
|-supereffective|p1b: Ursaluna
|-damage|p1a: Lunala|0 fnt
|-damage|p1b: Ursaluna|22/100 brn
|faint|p1a: Lunala
|-ability|p2a: Calyrex|Chilling Neigh|boost
|-boost|p2a: Calyrex|atk|1
|move|p2b: Landorus|Earth Power|p1b: Ursaluna
|-damage|p1b: Ursaluna|0 fnt
|faint|p1b: Ursaluna
|
|upkeep
|-message|zhengzhenwei forfeited.
|
|win|jephre45
|raw|zhengzhenwei's rating: 1502 &rarr; <strong>1481</strong><br />(-21 for losing)
|raw|jephre45's rating: 1482 &rarr; <strong>1503</strong><br />(+21 for winning)
|l|☆zhengzhenwei
|player|p1|
|l|☆jephre45
|player|p2|
