|j|☆calciumnyl
|j|☆bimbo mafioso
|t:|1750758711
|gametype|doubles
|player|p1|calciumnyl|kieran|
|player|p2|bimbo mafioso|swimmerf|
|teamsize|p1|6
|teamsize|p2|6
|gen|9
|tier|[Gen 9] VGC 2025 Reg I
|rated|Tournament battle
|rule|Species Clause: Limit one of each Pokémon
|rule|Item Clause: Limit 1 of each item
|raw|<div class="infobox"><details class="readmore" open><summary><strong>2 custom rules:</strong></summary> Force Open Team Sheets, !Open Team Sheets</details></div>
|clearpoke
|poke|p1|Miraidon, L50|
|poke|p1|Lunala, L50|
|poke|p1|Ogerpon-Hearthflame, L50, F|
|poke|p1|Urshifu-*, L50, M|
|poke|p1|Tsareena, L50, F|
|poke|p1|Landorus, L50, M|
|poke|p2|Urshifu-*, L50, M|
|poke|p2|Rillaboom, L50, F|
|poke|p2|Incineroar, L50, F|
|poke|p2|Zamazenta-*, L50|
|poke|p2|Ogerpon-Cornerstone, L50, F|
|poke|p2|Calyrex-Shadow, L50|
|teampreview|4
|showteam|p1|Miraidon||ChoiceScarf|HadronEngine|VoltSwitch,ParabolicCharge,DracoMeteor,Overheat||||||50|,,,,,Stellar]Lunala||PowerHerb|ShadowShield|MoongeistBeam,MeteorBeam,Moonblast,WideGuard||||||50|,,,,,Fairy]Ogerpon-Hearthflame||HearthflameMask|MoldBreaker|IvyCudgel,WoodHammer,FollowMe,SpikyShield|||F|||50|,,,,,Fire]Urshifu-Rapid-Strike||FocusSash|UnseenFist|SurgingStrikes,CloseCombat,AquaJet,Detect|||M|||50|,,,,,Water]Tsareena||WideLens|QueenlyMajesty|PowerWhip,TripleAxel,KnockOff,Taunt|||F|||50|,,,,,Fire]Landorus||LifeOrb|SheerForce|SandsearStorm,EarthPower,SludgeBomb,Protect|||M|||50|,,,,,Poison
|showteam|p2|Urshifu-Rapid-Strike||ChoiceScarf|UnseenFist|SurgingStrikes,CloseCombat,AquaJet,Uturn|||M|||50|,,,,,Water]Rillaboom||AssaultVest|GrassySurge|FakeOut,GrassyGlide,WoodHammer,Uturn|||F|||50|,,,,,Water]Incineroar||RockyHelmet|Intimidate|FakeOut,KnockOff,HelpingHand,PartingShot|||F|||50|,,,,,Bug]Zamazenta-Crowned||RustedShield|DauntlessShield|BodyPress,HeavySlam,WideGuard,Protect||||||50|,,,,,Dragon]Ogerpon-Cornerstone||CornerstoneMask|Sturdy|IvyCudgel,PowerWhip,FollowMe,SpikyShield|||F|||50|,,,,,Rock]Calyrex-Shadow||LifeOrb|AsOneSpectrier|AstralBarrage,Psychic,NastyPlot,Protect||||||50|,,,,,Dark
|inactive|Battle timer is ON: inactive players will automatically lose when time's up. (requested by bimbo mafioso)
|inactive|calciumnyl also wants the timer to be on.
|c|☆bimbo mafioso|glhf!
|inactive|calciumnyl has 60 seconds left.
|inactive|bimbo mafioso has 60 seconds left.
|inactive|bimbo mafioso has 30 seconds left.
|
|t:|1750758776
|start
|switch|p1a: Tsareena|Tsareena, L50, F|100/100
|switch|p1b: Miraidon|Miraidon, L50|100/100
|switch|p2a: Rillaboom|Rillaboom, L50, F|100/100
|switch|p2b: Zamazenta|Zamazenta-Crowned, L50|100/100
|-fieldstart|move: Electric Terrain|[from] ability: Hadron Engine|[of] p1b: Miraidon
|-ability|p2b: Zamazenta|Dauntless Shield|boost
|-boost|p2b: Zamazenta|def|1
|-fieldstart|move: Grassy Terrain|[from] ability: Grassy Surge|[of] p2a: Rillaboom
|turn|1
|
|t:|1750758799
|move|p1b: Miraidon|Volt Switch|p2b: Zamazenta
|-damage|p2b: Zamazenta|73/100
|
|t:|1750758811
|switch|p1b: Lunala|Lunala, L50, shiny|100/100|[from] Volt Switch
|move|p2b: Zamazenta|Body Press|p1a: Tsareena
|-damage|p1a: Tsareena|33/100
|move|p2a: Rillaboom|U-turn|p1a: Tsareena
|-supereffective|p1a: Tsareena
|-damage|p1a: Tsareena|0 fnt
|faint|p1a: Tsareena
|
|t:|1750758827
|switch|p2a: Calyrex|Calyrex-Shadow, L50|100/100|[from] U-turn
|-ability|p2a: Calyrex|As One
|-ability|p2a: Calyrex|Unnerve
|
|-heal|p2b: Zamazenta|79/100|[from] Grassy Terrain
|upkeep
|
|t:|1750758848
|switch|p1a: Miraidon|Miraidon, L50|100/100
|-fieldstart|move: Electric Terrain|[from] ability: Hadron Engine|[of] p1a: Miraidon
|turn|2
|
|t:|1750758865
|switch|p2a: Rillaboom|Rillaboom, L50, F|100/100
|-fieldstart|move: Grassy Terrain|[from] ability: Grassy Surge|[of] p2a: Rillaboom
|-terastallize|p1b: Lunala|Fairy
|move|p1a: Miraidon|Volt Switch|p2b: Zamazenta
|-damage|p2b: Zamazenta|48/100
|
|t:|1750758873
|switch|p1a: Landorus|Landorus, L50, M|100/100|[from] Volt Switch
|move|p2b: Zamazenta|Heavy Slam|p1b: Lunala
|-supereffective|p1b: Lunala
|-damage|p1b: Lunala|66/100
|move|p1b: Lunala|Meteor Beam||[still]
|-prepare|p1b: Lunala|Meteor Beam
|-boost|p1b: Lunala|spa|1
|-enditem|p1b: Lunala|Power Herb
|-anim|p1b: Lunala|Meteor Beam|p2a: Rillaboom
|-damage|p2a: Rillaboom|53/100
|
|-heal|p2b: Zamazenta|54/100|[from] Grassy Terrain
|-heal|p2a: Rillaboom|59/100|[from] Grassy Terrain
|-heal|p1b: Lunala|73/100|[from] Grassy Terrain
|upkeep
|turn|3
|inactive|bimbo mafioso has 30 seconds left.
|inactive|bimbo mafioso has 20 seconds left.
|inactive|bimbo mafioso has 15 seconds left.
|inactive|bimbo mafioso has 10 seconds left.
|
|t:|1750758919
|switch|p2a: Ogerpon|Ogerpon-Cornerstone, L50, F|100/100
|move|p2b: Zamazenta|Protect|p2b: Zamazenta
|-singleturn|p2b: Zamazenta|Protect
|move|p1a: Landorus|Sludge Bomb|p2a: Ogerpon
|-damage|p2a: Ogerpon|42/100
|move|p1b: Lunala|Moongeist Beam|p2b: Zamazenta
|-activate|p2b: Zamazenta|move: Protect
|
|-heal|p2a: Ogerpon|48/100|[from] Grassy Terrain
|-heal|p2b: Zamazenta|60/100|[from] Grassy Terrain
|-heal|p1b: Lunala|79/100|[from] Grassy Terrain
|upkeep
|turn|4
|j| misty goggles vgc
|
|t:|1750758937
|move|p2a: Ogerpon|Ivy Cudgel|p1b: Lunala|[anim] Ivy Cudgel Rock
|-damage|p1b: Lunala|38/100
|move|p1a: Landorus|Sandsear Storm|p2b: Zamazenta|[spread] p2a,p2b
|-supereffective|p2b: Zamazenta
|-damage|p2a: Ogerpon|0 fnt
|-damage|p2b: Zamazenta|0 fnt
|faint|p2a: Ogerpon
|faint|p2b: Zamazenta
|move|p1b: Lunala|Moongeist Beam|p2: Ogerpon|[notarget]
|-fail|p1b: Lunala
|
|-heal|p1b: Lunala|44/100|[from] Grassy Terrain
|upkeep
|c|☆bimbo mafioso|no way you play timid lando
|
|t:|1750758952
|switch|p2a: Calyrex|Calyrex-Shadow, L50|100/100
|switch|p2b: Rillaboom|Rillaboom, L50, F|59/100
|-ability|p2a: Calyrex|As One
|-ability|p2a: Calyrex|Unnerve
|turn|5
|j| Hy3llo
|
|t:|1750758964
|move|p1a: Landorus|Protect|p1a: Landorus
|-singleturn|p1a: Landorus|Protect
|move|p2b: Rillaboom|Fake Out|p1a: Landorus
|-activate|p1a: Landorus|move: Protect
|move|p2a: Calyrex|Astral Barrage|p1a: Landorus|[spread] p1b
|-activate|p1a: Landorus|move: Protect
|-damage|p1b: Lunala|0 fnt
|faint|p1b: Lunala
|-ability|p2a: Calyrex|Grim Neigh|boost
|-boost|p2a: Calyrex|spa|1
|-damage|p2a: Calyrex|91/100|[from] item: Life Orb
|
|-heal|p2a: Calyrex|97/100|[from] Grassy Terrain
|-heal|p2b: Rillaboom|65/100|[from] Grassy Terrain
|upkeep
|
|t:|1750758971
|switch|p1b: Miraidon|Miraidon, L50|100/100
|-fieldstart|move: Electric Terrain|[from] ability: Hadron Engine|[of] p1b: Miraidon
|turn|6
|l| Hy3llo
|
|t:|1750758990
|move|p1b: Miraidon|Parabolic Charge|p2b: Rillaboom|[spread] p2a,p2b
|-immune|p1a: Landorus
|-resisted|p2b: Rillaboom
|-damage|p2a: Calyrex|53/100
|-damage|p2b: Rillaboom|49/100
|move|p2a: Calyrex|Astral Barrage|p1a: Landorus|[spread] p1a,p1b
|-damage|p1a: Landorus|0 fnt
|-damage|p1b: Miraidon|29/100
|faint|p1a: Landorus
|-ability|p2a: Calyrex|Grim Neigh|boost
|-boost|p2a: Calyrex|spa|1
|-damage|p2a: Calyrex|44/100|[from] item: Life Orb
|move|p2b: Rillaboom|Wood Hammer|p1b: Miraidon
|-resisted|p1b: Miraidon
|-damage|p1b: Miraidon|4/100
|-damage|p2b: Rillaboom|40/100|[from] Recoil
|
|upkeep
|turn|7
|
|t:|1750759007
|move|p2a: Calyrex|Protect|p2a: Calyrex
|-singleturn|p2a: Calyrex|Protect
|move|p1b: Miraidon|Parabolic Charge|p2b: Rillaboom|[spread] p2b
|-activate|p2a: Calyrex|move: Protect
|-resisted|p2b: Rillaboom
|-damage|p2b: Rillaboom|23/100
|-heal|p1b: Miraidon|13/100|[from] drain|[of] p2b: Rillaboom
|move|p2b: Rillaboom|Wood Hammer|p1b: Miraidon
|-resisted|p1b: Miraidon
|-damage|p1b: Miraidon|0 fnt
|faint|p1b: Miraidon
|-damage|p2b: Rillaboom|19/100|[from] Recoil
|
|win|bimbo mafioso
|n|☆calciumnyl|calciumnyl
|n|☆bimbo mafioso|bimbomafioso
|n| misty goggles vgc|mistygogglesvgc
|l| misty goggles vgc
|c|☆calciumnyl|gg
|l|☆calciumnyl
|player|p1|
|c|☆bimbo mafioso|ggs
