|j|☆CrispyChrisCries
|j|☆sfsfsdfsdfsf
|t:|1750876100
|gametype|doubles
|player|p1|CrispyChrisCries|colress|1126
|player|p2|sfsfsdfsdfsf|266|1111
|teamsize|p1|6
|teamsize|p2|5
|gen|9
|tier|[Gen 9] VGC 2025 Reg I
|rated|
|rule|Species Clause: Limit one of each Pokémon
|rule|Item Clause: Limit 1 of each item
|clearpoke
|poke|p1|Roaring Moon, L50|
|poke|p1|Sableye, L50, F|
|poke|p1|Milotic, L50, M|
|poke|p1|Palkia-Origin, L50|
|poke|p1|Terapagos, L50, M|
|poke|p1|Skeledirge, L50, F|
|poke|p2|Calyrex-Ice, L50|
|poke|p2|Lunala, L50|
|poke|p2|Indeedee-F, L50, F|
|poke|p2|Rillaboom, L50, M|
|poke|p2|Chi-Yu, L50|
|teampreview|4
|inactive|Battle timer is ON: inactive players will automatically lose when time's up. (requested by CrispyChrisCries)
|
|t:|1750876117
|start
|switch|p1a: Milotic|Milotic, L50, M|100/100
|switch|p1b: Palkia|Palkia-Origin, L50|100/100
|switch|p2a: Calyrex|Calyrex-Ice, L50|100/100
|switch|p2b: Lunala|Lunala, L50|100/100
|-ability|p2a: Calyrex|As One
|-ability|p2a: Calyrex|Unnerve
|-ability|p1b: Palkia|Pressure
|turn|1
|
|t:|1750876138
|move|p1b: Palkia|Flamethrower|p2a: Calyrex
|-supereffective|p2a: Calyrex
|-damage|p2a: Calyrex|53/100
|move|p1a: Milotic|Dragon Cheer|p1b: Palkia
|-start|p1b: Palkia|move: Dragon Cheer
|move|p2b: Lunala|Moongeist Beam|p1a: Milotic
|-damage|p1a: Milotic|60/100
|move|p2a: Calyrex|Glacial Lance|p1a: Milotic|[spread] p1a,p1b
|-resisted|p1a: Milotic
|-damage|p1a: Milotic|33/100
|-damage|p1b: Palkia|52/100
|
|upkeep
|turn|2
|
|t:|1750876154
|switch|p2b: Rillaboom|Rillaboom, L50, M|100/100
|-fieldstart|move: Grassy Terrain|[from] ability: Grassy Surge|[of] p2b: Rillaboom
|move|p2a: Calyrex|Protect|p2a: Calyrex
|-singleturn|p2a: Calyrex|Protect
|move|p1b: Palkia|Flamethrower|p2a: Calyrex
|-activate|p2a: Calyrex|move: Protect
|move|p1a: Milotic|Scald|p2b: Rillaboom
|-resisted|p2b: Rillaboom
|-damage|p2b: Rillaboom|89/100
|
|-heal|p1b: Palkia|58/100|[from] Grassy Terrain
|-heal|p2b: Rillaboom|95/100|[from] Grassy Terrain
|-heal|p1a: Milotic|39/100|[from] Grassy Terrain
|-heal|p2a: Calyrex|59/100|[from] Grassy Terrain
|upkeep
|turn|3
|
|t:|1750876173
|move|p2b: Rillaboom|Grassy Glide|p1a: Milotic
|-supereffective|p1a: Milotic
|-damage|p1a: Milotic|0 fnt
|-damage|p2b: Rillaboom|79/100|[from] item: Rocky Helmet|[of] p1a: Milotic
|faint|p1a: Milotic
|move|p1b: Palkia|Flamethrower|p2b: Rillaboom
|-supereffective|p2b: Rillaboom
|-crit|p2b: Rillaboom
|-damage|p2b: Rillaboom|13/100
|-status|p2b: Rillaboom|brn
|move|p2a: Calyrex|Glacial Lance|p1b: Palkia
|-damage|p1b: Palkia|0 fnt
|faint|p1b: Palkia
|-ability|p2a: Calyrex|Chilling Neigh|boost
|-boost|p2a: Calyrex|atk|1
|
|-heal|p2b: Rillaboom|19/100 brn|[from] Grassy Terrain
|-heal|p2a: Calyrex|65/100|[from] Grassy Terrain
|-damage|p2b: Rillaboom|13/100 brn|[from] brn
|upkeep
|
|t:|1750876191
|switch|p1b: Skeledirge|Skeledirge, L50, F|100/100
|switch|p1a: Terapagos|Terapagos, L50, M|100/100
|-activate|p1a: Terapagos|ability: Tera Shift
|detailschange|p1a: Terapagos|Terapagos-Terastal, L50, M
|-heal|p1a: Terapagos|100/100|[silent]
|turn|4
|
|t:|1750876206
|move|p2b: Rillaboom|Grassy Glide|p1a: Terapagos
|-activate|p1a: Terapagos|ability: Tera Shell
|-resisted|p1a: Terapagos
|-damage|p1a: Terapagos|94/100
|move|p1a: Terapagos|Flash Cannon|p2a: Calyrex
|-supereffective|p2a: Calyrex
|-damage|p2a: Calyrex|36/100
|move|p1b: Skeledirge|Torch Song|p2a: Calyrex
|-supereffective|p2a: Calyrex
|-damage|p2a: Calyrex|0 fnt
|-boost|p1b: Skeledirge|spa|1
|faint|p2a: Calyrex
|
|-heal|p1a: Terapagos|99/100|[from] Grassy Terrain
|-heal|p1a: Terapagos|100/100|[from] item: Leftovers
|-heal|p2b: Rillaboom|19/100 brn|[from] Grassy Terrain
|-damage|p2b: Rillaboom|13/100 brn|[from] brn
|upkeep
|
|t:|1750876224
|switch|p2a: Lunala|Lunala, L50|100/100
|turn|5
|
|t:|1750876234
|-terastallize|p1b: Skeledirge|Fire
|move|p2b: Rillaboom|Grassy Glide|p1a: Terapagos
|-activate|p1a: Terapagos|ability: Tera Shell
|-resisted|p1a: Terapagos
|-damage|p1a: Terapagos|94/100
|move|p1a: Terapagos|Calm Mind|p1a: Terapagos
|-boost|p1a: Terapagos|spa|1
|-boost|p1a: Terapagos|spd|1
|move|p2a: Lunala|Moongeist Beam|p1b: Skeledirge
|-damage|p1b: Skeledirge|39/100
|move|p1b: Skeledirge|Shadow Ball|p2a: Lunala
|-supereffective|p2a: Lunala
|-damage|p2a: Lunala|33/100
|
|-heal|p1a: Terapagos|99/100|[from] Grassy Terrain
|-heal|p1a: Terapagos|100/100|[from] item: Leftovers
|-heal|p2b: Rillaboom|19/100 brn|[from] Grassy Terrain
|-heal|p2a: Lunala|39/100|[from] Grassy Terrain
|-heal|p1b: Skeledirge|46/100|[from] Grassy Terrain
|-damage|p2b: Rillaboom|13/100 brn|[from] brn
|upkeep
|turn|6
|inactive|CrispyChrisCries has 30 seconds left.
|inactive|sfsfsdfsdfsf has 30 seconds left.
|
|t:|1750876264
|move|p2b: Rillaboom|Grassy Glide|p1a: Terapagos
|-activate|p1a: Terapagos|ability: Tera Shell
|-resisted|p1a: Terapagos
|-damage|p1a: Terapagos|94/100
|move|p1a: Terapagos|Dark Pulse|p2a: Lunala
|-supereffective|p2a: Lunala
|-damage|p2a: Lunala|0 fnt
|faint|p2a: Lunala
|move|p1b: Skeledirge|Shadow Ball|p2b: Rillaboom
|-damage|p2b: Rillaboom|0 fnt
|faint|p2b: Rillaboom
|
|-heal|p1a: Terapagos|99/100|[from] Grassy Terrain
|-heal|p1a: Terapagos|100/100|[from] item: Leftovers
|-heal|p1b: Skeledirge|52/100|[from] Grassy Terrain
|-fieldend|move: Grassy Terrain
|upkeep
|
|t:|1750876281
|switch|p2b: Chi-Yu|Chi-Yu, L50|100/100
|-ability|p2b: Chi-Yu|Beads of Ruin
|turn|7
|
|t:|1750876293
|move|p2b: Chi-Yu|Snarl|p1b: Skeledirge|[spread] p1a,p1b
|-activate|p1a: Terapagos|ability: Tera Shell
|-resisted|p1a: Terapagos
|-damage|p1a: Terapagos|93/100
|-damage|p1b: Skeledirge|20/100
|-unboost|p1a: Terapagos|spa|1
|-unboost|p1b: Skeledirge|spa|1
|move|p1a: Terapagos|Tera Starstorm|p2b: Chi-Yu
|-damage|p2b: Chi-Yu|39/100
|move|p1b: Skeledirge|Scorching Sands|p2b: Chi-Yu
|-supereffective|p2b: Chi-Yu
|-damage|p2b: Chi-Yu|0 fnt
|faint|p2b: Chi-Yu
|
|win|CrispyChrisCries
|raw|CrispyChrisCries's rating: 1126 &rarr; <strong>1150</strong><br />(+24 for winning)
|raw|sfsfsdfsdfsf's rating: 1111 &rarr; <strong>1087</strong><br />(-24 for losing)
|l|☆sfsfsdfsdfsf
|player|p2|
|l|☆CrispyChrisCries
|player|p1|
