|j|☆jcjeksf
|j|☆xxBIPROBIxx
|t:|1750882475
|gametype|doubles
|player|p1|jcjeksf|101|1448
|player|p2|xxBIPROBIxx|morty|1370
|teamsize|p1|6
|teamsize|p2|6
|gen|9
|tier|[Gen 9] VGC 2025 Reg I
|rated|
|rule|Species Clause: Limit one of each Pokémon
|rule|Item Clause: Limit 1 of each item
|clearpoke
|poke|p1|Calyrex-Ice, L50|
|poke|p1|Indeedee-F, L50, F|
|poke|p1|Malamar, L50, M|
|poke|p1|Gallade, L50, M|
|poke|p1|Lunala, L50|
|poke|p1|Ditto, L50|
|poke|p2|Lunala, L50|
|poke|p2|Miraidon, L50|
|poke|p2|Ursaluna, L50, M|
|poke|p2|Incineroar, L50, F|
|poke|p2|Urshifu-*, L50, M|
|poke|p2|Grimmsnarl, L50, M|
|teampreview|4
|j| Tapzz
|l| Tapzz
|inactive|Battle timer is ON: inactive players will automatically lose when time's up. (requested by xxBIPROBIxx)
|
|t:|1750882514
|start
|switch|p1a: Indeedee|Indeedee-F, L50, F|100/100
|switch|p1b: Malamar|Malamar, L50, M|100/100
|switch|p2a: Lunala|Lunala, L50|100/100
|switch|p2b: Miraidon|Miraidon, L50|100/100
|-fieldstart|move: Electric Terrain|[from] ability: Hadron Engine|[of] p2b: Miraidon
|-enditem|p2a: Lunala|Electric Seed
|-boost|p2a: Lunala|def|1|[from] item: Electric Seed
|-fieldstart|move: Psychic Terrain|[from] ability: Psychic Surge|[of] p1a: Indeedee
|turn|1
|inactive|xxBIPROBIxx has 30 seconds left.
|inactive|xxBIPROBIxx has 20 seconds left.
|inactive|xxBIPROBIxx has 15 seconds left.
|
|t:|1750882557
|-terastallize|p2a: Lunala|Fairy
|move|p1a: Indeedee|Follow Me|p1a: Indeedee
|-singleturn|p1a: Indeedee|move: Follow Me
|move|p2b: Miraidon|Volt Switch|p1a: Indeedee
|-damage|p1a: Indeedee|46/100
|
|t:|1750882574
|switch|p2b: Ursaluna|Ursaluna, L50, M, shiny|100/100|[from] Volt Switch
|move|p2a: Lunala|Moonblast|p1a: Indeedee
|-damage|p1a: Indeedee|0 fnt
|faint|p1a: Indeedee
|move|p1b: Malamar|Trick Room|p1b: Malamar
|-fieldstart|move: Trick Room|[of] p1b: Malamar
|
|-status|p2b: Ursaluna|brn|[from] item: Flame Orb
|upkeep
|
|t:|1750882588
|switch|p1a: Calyrex|Calyrex-Ice, L50|100/100
|-ability|p1a: Calyrex|As One
|-ability|p1a: Calyrex|Unnerve
|turn|2
|
|t:|1750882606
|move|p1a: Calyrex|Protect|p1a: Calyrex
|-singleturn|p1a: Calyrex|Protect
|move|p2a: Lunala|Wide Guard|p2a: Lunala
|-singleturn|p2a: Lunala|Wide Guard
|move|p2b: Ursaluna|Earthquake|p1b: Malamar|[spread] p1b
|-activate|p2a: Lunala|move: Wide Guard
|-activate|p1a: Calyrex|move: Protect
|-damage|p1b: Malamar|32/100
|-enditem|p1b: Malamar|Sitrus Berry|[eat]
|-heal|p1b: Malamar|56/100|[from] item: Sitrus Berry
|move|p1b: Malamar|Superpower|p2b: Ursaluna
|-supereffective|p2b: Ursaluna
|-damage|p2b: Ursaluna|49/100 brn
|-boost|p1b: Malamar|atk|1
|-boost|p1b: Malamar|def|1
|
|-damage|p2b: Ursaluna|43/100 brn|[from] brn
|upkeep
|turn|3
|inactive|jcjeksf has 30 seconds left.
|inactive|jcjeksf has 20 seconds left.
|inactive|jcjeksf has 15 seconds left.
|
|t:|1750882648
|move|p2b: Ursaluna|Protect|p2b: Ursaluna
|-singleturn|p2b: Ursaluna|Protect
|move|p1a: Calyrex|High Horsepower|p2b: Ursaluna
|-activate|p2b: Ursaluna|move: Protect
|move|p1b: Malamar|Superpower|p2b: Ursaluna
|-activate|p2b: Ursaluna|move: Protect
|move|p2a: Lunala|Moongeist Beam|p1a: Calyrex
|-supereffective|p1a: Calyrex
|-damage|p1a: Calyrex|24/100
|
|-damage|p2b: Ursaluna|37/100 brn|[from] brn
|upkeep
|turn|4
|
|t:|1750882672
|move|p2a: Lunala|Wide Guard|p2a: Lunala
|-singleturn|p2a: Lunala|Wide Guard
|move|p2b: Ursaluna|Facade|p1b: Malamar
|-damage|p1b: Malamar|0 fnt
|faint|p1b: Malamar
|move|p1a: Calyrex|Glacial Lance|p2b: Ursaluna|[spread] 
|-activate|p2a: Lunala|move: Wide Guard
|-activate|p2b: Ursaluna|move: Wide Guard
|
|-damage|p2b: Ursaluna|31/100 brn|[from] brn
|upkeep
|
|t:|1750882684
|switch|p1b: Lunala|Lunala, L50|100/100
|turn|5
|
|t:|1750882696
|move|p2b: Ursaluna|Headlong Rush|p1b: Lunala
|-damage|p1b: Lunala|57/100
|-unboost|p2b: Ursaluna|def|1
|-unboost|p2b: Ursaluna|spd|1
|move|p1a: Calyrex|Glacial Lance|p2b: Ursaluna|[spread] p2a,p2b
|-supereffective|p2b: Ursaluna
|-crit|p2b: Ursaluna
|-damage|p2a: Lunala|84/100
|-damage|p2b: Ursaluna|0 fnt
|faint|p2b: Ursaluna
|-ability|p1a: Calyrex|Chilling Neigh|boost
|-boost|p1a: Calyrex|atk|1
|move|p1b: Lunala|Meteor Beam||[still]
|-prepare|p1b: Lunala|Meteor Beam
|-boost|p1b: Lunala|spa|1
|-enditem|p1b: Lunala|Power Herb
|-anim|p1b: Lunala|Meteor Beam|p2a: Lunala
|-damage|p2a: Lunala|32/100
|move|p2a: Lunala|Moongeist Beam|p1b: Lunala
|-supereffective|p1b: Lunala
|-damage|p1b: Lunala|0 fnt
|faint|p1b: Lunala
|
|-fieldend|move: Trick Room
|-fieldend|move: Psychic Terrain
|upkeep
|
|t:|1750882712
|switch|p2b: Incineroar|Incineroar, L50, F|100/100
|-ability|p2b: Incineroar|Intimidate|boost
|-unboost|p1a: Calyrex|atk|1
|turn|6
|c|☆xxBIPROBIxx|gg
|-message|jcjeksf forfeited.
|
|win|xxBIPROBIxx
|raw|jcjeksf's rating: 1448 &rarr; <strong>1424</strong><br />(-24 for losing)
|raw|xxBIPROBIxx's rating: 1370 &rarr; <strong>1394</strong><br />(+24 for winning)
|l|☆jcjeksf
|player|p1|
|l|☆xxBIPROBIxx
|player|p2|
