|j|☆rei_arthur_rei
|j|☆PalitinhoPJL
|t:|1750767229
|gametype|doubles
|player|p1|rei_arthur_rei|102|
|player|p2|PalitinhoPJL|silver|
|teamsize|p1|6
|teamsize|p2|6
|gen|9
|tier|[Gen 9] VGC 2025 Reg I
|rule|Species Clause: Limit one of each Pokémon
|rule|Item Clause: Limit 1 of each item
|clearpoke
|poke|p1|Ho-Oh, L50|
|poke|p1|Groudon, L50|
|poke|p1|Okidogi, L50, M|
|poke|p1|Ogerpon-Cornerstone, L50, F|
|poke|p1|Flutter Mane, L50|
|poke|p1|Grimmsnarl, L50, M|
|poke|p2|Calyrex-Ice, L50|
|poke|p2|Iron Valiant, L50|
|poke|p2|Porygon2, L50|
|poke|p2|Amoonguss, L50, M|
|poke|p2|Thundurus, L50, M|
|poke|p2|Palkia-Origin, L50|
|teampreview|4
|inactive|Battle timer is ON: inactive players will automatically lose when time's up. (requested by rei_arthur_rei)
|
|t:|1750767272
|start
|switch|p1a: Gasparzinho|Flutter Mane, L50|100/100
|switch|p1b: Godzilla|Groudon, L50|100/100
|switch|p2a: Enel|Thundurus, L50, M|100/100
|switch|p2b: Sus|Amoonguss, L50, M, shiny|100/100
|-weather|SunnyDay|[from] ability: Drought|[of] p1b: Godzilla
|-activate|p1a: Gasparzinho|ability: Protosynthesis
|-start|p1a: Gasparzinho|protosynthesisspe
|turn|1
|
|t:|1750767291
|move|p2a: Enel|Rain Dance|p2a: Enel
|-weather|RainDance
|-end|p1a: Gasparzinho|Protosynthesis
|move|p1a: Gasparzinho|Icy Wind|p2b: Sus|[spread] p2a,p2b
|-supereffective|p2a: Enel
|-supereffective|p2b: Sus
|-damage|p2a: Enel|65/100
|-damage|p2b: Sus|70/100
|-unboost|p2b: Sus|spe|1
|move|p1b: Godzilla|Fire Punch|p2b: Sus
|-supereffective|p2b: Sus
|-damage|p2b: Sus|37/100
|-damage|p1b: Godzilla|84/100|[from] item: Rocky Helmet|[of] p2b: Sus
|move|p2b: Sus|Spore|p1b: Godzilla
|-status|p1b: Godzilla|slp|[from] move: Spore
|
|-weather|RainDance|[upkeep]
|upkeep
|turn|2
|
|t:|1750767312
|switch|p1b: Duende verde|Grimmsnarl, L50, M|100/100
|move|p2a: Enel|Thunder Wave|p1a: Gasparzinho
|-status|p1a: Gasparzinho|par
|move|p1a: Gasparzinho|Icy Wind|p2b: Sus|[spread] p2a,p2b
|-supereffective|p2a: Enel
|-supereffective|p2b: Sus
|-damage|p2a: Enel|28/100
|-damage|p2b: Sus|5/100
|-unboost|p2b: Sus|spe|1
|move|p2b: Sus|Sludge Bomb|p1a: Gasparzinho
|-damage|p1a: Gasparzinho|72/100 par
|
|-weather|RainDance|[upkeep]
|upkeep
|turn|3
|inactive|PalitinhoPJL has 30 seconds left.
|
|t:|1750767338
|switch|p1b: Godzilla|Groudon, L50|84/100 slp
|-weather|SunnyDay|[from] ability: Drought|[of] p1b: Godzilla
|-activate|p1a: Gasparzinho|ability: Protosynthesis
|-start|p1a: Gasparzinho|protosynthesisspe
|move|p2a: Enel|Thunder Wave|p1b: Godzilla
|-immune|p1b: Godzilla
|cant|p1a: Gasparzinho|par
|move|p2b: Sus|Pollen Puff|p2a: Enel
|-heal|p2a: Enel|78/100
|
|-weather|SunnyDay|[upkeep]
|upkeep
|turn|4
|inactive|PalitinhoPJL has 30 seconds left.
|inactive|rei_arthur_rei has 30 seconds left.
|
|t:|1750767381
|move|p2a: Enel|Rain Dance|p2a: Enel
|-weather|RainDance
|-end|p1a: Gasparzinho|Protosynthesis
|cant|p1b: Godzilla|slp
|move|p1a: Gasparzinho|Icy Wind|p2a: Enel|[spread] p2a,p2b
|-supereffective|p2a: Enel
|-supereffective|p2b: Sus
|-damage|p2a: Enel|42/100
|-damage|p2b: Sus|0 fnt
|faint|p2b: Sus
|
|-weather|RainDance|[upkeep]
|upkeep
|
|t:|1750767392
|switch|p2b: Pocoto|Calyrex-Ice, L50|100/100
|-ability|p2b: Pocoto|As One
|-ability|p2b: Pocoto|Unnerve
|turn|5
|inactive|PalitinhoPJL has 30 seconds left.
|inactive|rei_arthur_rei has 30 seconds left.
|inactive|PalitinhoPJL has 20 seconds left.
|inactive|rei_arthur_rei has 20 seconds left.
|inactive|rei_arthur_rei has 15 seconds left.
|
|t:|1750767438
|switch|p1b: Dogão|Okidogi, L50, M|100/100
|-end|p1a: Gasparzinho|Protosynthesis|[silent]
|switch|p1a: Duende verde|Grimmsnarl, L50, M|100/100
|-terastallize|p2b: Pocoto|Water
|move|p2a: Enel|Thunder Wave|p1b: Dogão
|-status|p1b: Dogão|par
|move|p2b: Pocoto|Trick Room|p2b: Pocoto
|-fieldstart|move: Trick Room|[of] p2b: Pocoto
|
|-weather|RainDance|[upkeep]
|upkeep
|turn|6
|inactive|PalitinhoPJL has 30 seconds left.
|
|t:|1750767465
|move|p1a: Duende verde|Reflect|p1a: Duende verde
|-sidestart|p1: rei_arthur_rei|Reflect
|move|p2b: Pocoto|Leech Seed|p1a: Duende verde
|-start|p1a: Duende verde|move: Leech Seed
|cant|p1b: Dogão|par
|move|p2a: Enel|Wildbolt Storm|p1b: Dogão|[spread] p1a,p1b
|-damage|p1a: Duende verde|73/100
|-damage|p1b: Dogão|77/100 par
|
|-weather|RainDance|[upkeep]
|-damage|p1a: Duende verde|61/100|[from] Leech Seed|[of] p2b: Pocoto
|upkeep
|turn|7
|
|t:|1750767484
|move|p1a: Duende verde|Thunder Wave|p2b: Pocoto
|-status|p2b: Pocoto|par
|move|p2a: Enel|Thunder Wave|p1a: Duende verde
|-hint|Since gen 7, Dark is immune to Prankster moves.
|-immune|p1a: Duende verde
|move|p2b: Pocoto|Glacial Lance|p1a: Duende verde|[spread] p1a,p1b
|-damage|p1a: Duende verde|26/100
|-damage|p1b: Dogão|49/100 par
|cant|p1b: Dogão|par
|
|-weather|RainDance|[upkeep]
|-damage|p1a: Duende verde|13/100|[from] Leech Seed|[of] p2b: Pocoto
|upkeep
|turn|8
|inactive|rei_arthur_rei has 30 seconds left.
|
|t:|1750767510
|move|p1a: Duende verde|Light Screen|p1a: Duende verde
|-sidestart|p1: rei_arthur_rei|move: Light Screen
|cant|p2b: Pocoto|par
|cant|p1b: Dogão|par
|move|p2a: Enel|Wildbolt Storm|p1b: Dogão|[spread] p1a,p1b
|-damage|p1a: Duende verde|0 fnt
|-damage|p1b: Dogão|34/100 par
|faint|p1a: Duende verde
|
|-weather|none
|upkeep
|
|t:|1750767523
|switch|p1a: Godzilla|Groudon, L50|84/100 slp
|-weather|SunnyDay|[from] ability: Drought|[of] p1a: Godzilla
|turn|9
|
|t:|1750767532
|-terastallize|p1a: Godzilla|Water
|move|p2a: Enel|Rain Dance|p2a: Enel
|-weather|RainDance
|move|p2b: Pocoto|Glacial Lance|p1b: Dogão|[spread] p1a,p1b
|-resisted|p1a: Godzilla
|-damage|p1a: Godzilla|72/100 slp
|-damage|p1b: Dogão|7/100 par
|move|p1b: Dogão|Knock Off|p2a: Enel
|-damage|p2a: Enel|4/100
|-enditem|p2a: Enel|Covert Cloak|[from] move: Knock Off|[of] p1b: Dogão
|cant|p1a: Godzilla|slp
|
|-weather|RainDance|[upkeep]
|-fieldend|move: Trick Room
|upkeep
|turn|10
|inactive|rei_arthur_rei has 30 seconds left.
|inactive|PalitinhoPJL has 30 seconds left.
|inactive|rei_arthur_rei has 20 seconds left.
|inactive|rei_arthur_rei has 15 seconds left.
|inactive|rei_arthur_rei has 10 seconds left.
|
|t:|1750767577
|move|p2a: Enel|Wildbolt Storm|p1b: Dogão|[spread] p1a,p1b
|-supereffective|p1a: Godzilla
|-damage|p1a: Godzilla|37/100 slp
|-damage|p1b: Dogão|0 fnt
|faint|p1b: Dogão
|cant|p1a: Godzilla|slp
|move|p2b: Pocoto|Leech Seed|p1a: Godzilla
|-start|p1a: Godzilla|move: Leech Seed
|
|-weather|RainDance|[upkeep]
|-damage|p1a: Godzilla|25/100 slp|[from] Leech Seed|[of] p2b: Pocoto
|upkeep
|
|t:|1750767589
|switch|p1b: Gasparzinho|Flutter Mane, L50|72/100 par
|turn|11
|
|t:|1750767600
|move|p2a: Enel|Wildbolt Storm|p1b: Gasparzinho|[spread] p1a,p1b
|-supereffective|p1a: Godzilla
|-damage|p1a: Godzilla|0 fnt
|-damage|p1b: Gasparzinho|53/100 par
|faint|p1a: Godzilla
|move|p1b: Gasparzinho|Dazzling Gleam|p2b: Pocoto|[spread] p2a,p2b
|-damage|p2a: Enel|0 fnt
|-damage|p2b: Pocoto|74/100 par
|faint|p2a: Enel
|cant|p2b: Pocoto|par
|
|-weather|RainDance|[upkeep]
|-heal|p2b: Pocoto|80/100 par|[from] item: Leftovers
|upkeep
|
|t:|1750767612
|switch|p2a: Samurai do futuro|Iron Valiant, L50|100/100
|-enditem|p2a: Samurai do futuro|Booster Energy
|-activate|p2a: Samurai do futuro|ability: Quark Drive|[fromitem]
|-start|p2a: Samurai do futuro|quarkdrivespe
|turn|12
|
|t:|1750767617
|move|p2b: Pocoto|Protect|p2b: Pocoto
|-singleturn|p2b: Pocoto|Protect
|move|p2a: Samurai do futuro|Coaching|p2b: Pocoto
|-boost|p2b: Pocoto|atk|1
|-boost|p2b: Pocoto|def|1
|move|p1b: Gasparzinho|Dazzling Gleam|p2b: Pocoto|[spread] p2a
|-activate|p2b: Pocoto|move: Protect
|-supereffective|p2a: Samurai do futuro
|-damage|p2a: Samurai do futuro|0 fnt
|faint|p2a: Samurai do futuro
|-end|p2a: Samurai do futuro|Quark Drive|[silent]
|
|-weather|RainDance|[upkeep]
|-heal|p2b: Pocoto|86/100 par|[from] item: Leftovers
|upkeep
|turn|13
|
|t:|1750767632
|move|p1b: Gasparzinho|Dazzling Gleam|p2b: Pocoto
|-damage|p2b: Pocoto|52/100 par
|move|p2b: Pocoto|Glacial Lance|p1b: Gasparzinho
|-damage|p1b: Gasparzinho|0 fnt
|faint|p1b: Gasparzinho
|-end|p1b: Gasparzinho|Protosynthesis|[silent]
|
|win|PalitinhoPJL
