|j|☆Dandraker
|j|☆Highlow07
|t:|1750848282
|gametype|doubles
|player|p1|Dandraker|102|1145
|player|p2|Highlow07|dawn|1137
|teamsize|p1|6
|teamsize|p2|6
|gen|9
|tier|[Gen 9] VGC 2025 Reg I
|rated|
|rule|Species Clause: Limit one of each Pokémon
|rule|Item Clause: Limit 1 of each item
|clearpoke
|poke|p1|Incineroar, L50, M|
|poke|p1|Kyogre, L50|
|poke|p1|Regieleki, L50|
|poke|p1|Rillaboom, L50, F|
|poke|p1|Volcarona, L50, F|
|poke|p1|Zacian-*, L50|
|poke|p2|Terapagos, L50, M|
|poke|p2|Spiritomb, L50, M|
|poke|p2|Incineroar, L50, F|
|poke|p2|Ogerpon-Wellspring, L50, F|
|poke|p2|Calyrex-Shadow, L50|
|poke|p2|Ting-Lu, L50|
|teampreview|4
|inactive|Battle timer is ON: inactive players will automatically lose when time's up. (requested by Highlow07)
Highlow07 rejected open team sheets.
|
|t:|1750848306
|start
|switch|p1a: Kyogre|Kyogre, L50|100/100
|switch|p1b: Incineroar|Incineroar, L50, M|100/100
|switch|p2a: Terapagos|Terapagos, L50, M|100/100
|switch|p2b: Spiritomb|Spiritomb, L50, M|100/100
|-activate|p2a: Terapagos|ability: Tera Shift
|detailschange|p2a: Terapagos|Terapagos-Terastal, L50, M
|-heal|p2a: Terapagos|100/100|[silent]
|-weather|RainDance|[from] ability: Drizzle|[of] p1a: Kyogre
|-ability|p1b: Incineroar|Intimidate|boost
|-fail|p2a: Terapagos|unboost|[from] item: Clear Amulet|[of] p2a: Terapagos
|-unboost|p2b: Spiritomb|atk|1
|-ability|p2b: Spiritomb|Pressure
|turn|1
|
|t:|1750848324
|move|p2a: Terapagos|Protect|p2a: Terapagos
|-singleturn|p2a: Terapagos|Protect
|move|p1a: Kyogre|Water Spout|p2a: Terapagos|[spread] p2b
|-activate|p2a: Terapagos|move: Protect
|-damage|p2b: Spiritomb|0 fnt
|faint|p2b: Spiritomb
|move|p1b: Incineroar|Snarl|p2a: Terapagos
|-activate|p2a: Terapagos|move: Protect
|
|-weather|RainDance|[upkeep]
|upkeep
|inactive|Highlow07 has 30 seconds left.
|
|t:|1750848357
|switch|p2b: Incineroar|Incineroar, L50, F|100/100
|-ability|p2b: Incineroar|Intimidate|boost
|-unboost|p1a: Kyogre|atk|1
|-unboost|p1b: Incineroar|atk|1
|turn|2
|
|t:|1750848365
|move|p2b: Incineroar|Fake Out|p1a: Kyogre
|-damage|p1a: Kyogre|87/100
|cant|p1a: Kyogre|flinch
|move|p2a: Terapagos|Calm Mind|p2a: Terapagos
|-boost|p2a: Terapagos|spa|1
|-boost|p2a: Terapagos|spd|1
|move|p1b: Incineroar|Parting Shot|p2a: Terapagos
|-fail|p2a: Terapagos|unboost|[from] item: Clear Amulet|[of] p2a: Terapagos
|
|-weather|RainDance|[upkeep]
|upkeep
|turn|3
|
|t:|1750848378
|switch|p1b: Zacian|Zacian-Crowned, L50|100/100
|-ability|p1b: Zacian|Intrepid Sword|boost
|-boost|p1b: Zacian|atk|1
|switch|p2b: Ogerpon|Ogerpon-Wellspring, L50, F|100/100
|move|p1a: Kyogre|Water Spout|p2b: Ogerpon|[spread] p2a
|-immune|p2b: Ogerpon|[from] ability: Water Absorb
|-activate|p2a: Terapagos|ability: Tera Shell
|-resisted|p2a: Terapagos
|-damage|p2a: Terapagos|69/100
|move|p2a: Terapagos|Calm Mind|p2a: Terapagos
|-boost|p2a: Terapagos|spa|1
|-boost|p2a: Terapagos|spd|1
|
|-weather|RainDance|[upkeep]
|upkeep
|turn|4
|inactive|Dandraker has 30 seconds left.
|
|t:|1750848407
|switch|p1a: Incineroar|Incineroar, L50, M|100/100
|-ability|p1a: Incineroar|Intimidate|boost
|-fail|p2a: Terapagos|unboost|[from] item: Clear Amulet|[of] p2a: Terapagos
|-unboost|p2b: Ogerpon|atk|1
|-terastallize|p2a: Terapagos|Stellar
|detailschange|p2a: Terapagos|Terapagos-Stellar, L50, M, tera:Stellar
|-heal|p2a: Terapagos|77/100|[silent]
|-ability|p2a: Terapagos|Teraform Zero
|-weather|none
|move|p2b: Ogerpon|Follow Me|p2b: Ogerpon
|-singleturn|p2b: Ogerpon|move: Follow Me
|move|p1b: Zacian|Behemoth Blade|p2b: Ogerpon
|-resisted|p2b: Ogerpon
|-damage|p2b: Ogerpon|48/100
|move|p2a: Terapagos|Stored Power|p1b: Zacian
|-resisted|p1b: Zacian
|-damage|p1b: Zacian|67/100
|
|upkeep
|turn|5
|inactive|Dandraker has 30 seconds left.
|
|t:|1750848437
|move|p2a: Terapagos|Protect|p2a: Terapagos
|-singleturn|p2a: Terapagos|Protect
|move|p1b: Zacian|Substitute|p1b: Zacian
|-start|p1b: Zacian|Substitute
|-damage|p1b: Zacian|42/100
|move|p2b: Ogerpon|Ivy Cudgel|p1a: Incineroar|[anim] Ivy Cudgel Water
|-supereffective|p1a: Incineroar
|-crit|p1a: Incineroar
|-damage|p1a: Incineroar|0 fnt
|faint|p1a: Incineroar
|
|upkeep
|
|t:|1750848451
|switch|p1a: Kyogre|Kyogre, L50|87/100
|-weather|RainDance|[from] ability: Drizzle|[of] p1a: Kyogre
|turn|6
|
|t:|1750848457
|move|p1b: Zacian|Behemoth Blade|p2a: Terapagos
|-crit|p2a: Terapagos
|-damage|p2a: Terapagos|0 fnt
|faint|p2a: Terapagos
|detailschange|p2: Terapagos|Terapagos, L50, M|[silent]
|move|p1a: Kyogre|Water Spout|p2b: Ogerpon
|-heal|p2b: Ogerpon|72/100|[from] ability: Water Absorb|[of] p1a: Kyogre
|move|p2b: Ogerpon|Wood Hammer|p1a: Kyogre
|-supereffective|p1a: Kyogre
|-damage|p1a: Kyogre|0 fnt
|faint|p1a: Kyogre
|-damage|p2b: Ogerpon|45/100|[from] Recoil
|
|-weather|RainDance|[upkeep]
|upkeep
|
|t:|1750848468
|switch|p1a: Rillaboom|Rillaboom, L50, F|100/100
|switch|p2a: Incineroar|Incineroar, L50, F|100/100
|-fieldstart|move: Grassy Terrain|[from] ability: Grassy Surge|[of] p1a: Rillaboom
|-ability|p2a: Incineroar|Intimidate|boost
|-unboost|p1a: Rillaboom|atk|1
|-immune|p1b: Zacian
|turn|7
|
|t:|1750848484
|move|p2b: Ogerpon|Spiky Shield|p2b: Ogerpon
|-singleturn|p2b: Ogerpon|move: Protect
|move|p1b: Zacian|Sacred Sword|p2a: Incineroar
|-supereffective|p2a: Incineroar
|-damage|p2a: Incineroar|0 fnt
|faint|p2a: Incineroar
|move|p1a: Rillaboom|Wood Hammer|p2b: Ogerpon
|-activate|p2b: Ogerpon|move: Protect
|-damage|p1a: Rillaboom|88/100|[from] Spiky Shield|[of] p2b: Ogerpon
|
|-weather|RainDance|[upkeep]
|-heal|p1b: Zacian|48/100|[from] Grassy Terrain
|-heal|p2b: Ogerpon|51/100|[from] Grassy Terrain
|-heal|p1a: Rillaboom|94/100|[from] Grassy Terrain
|upkeep
|turn|8
|-message|Highlow07 forfeited.
|
|win|Dandraker
|raw|Dandraker's rating: 1145 &rarr; <strong>1169</strong><br />(+24 for winning)
|raw|Highlow07's rating: 1137 &rarr; <strong>1113</strong><br />(-24 for losing)
|l|☆Highlow07
|player|p2|
|l|☆Dandraker
|player|p1|
