|j|☆eliott.pawsey
|j|☆thezapzep
|t:|1750879825
|gametype|doubles
|player|p1|eliott.pawsey|fisherman-gen4|1107
|player|p2|thezapzep|benga|1202
|teamsize|p1|6
|teamsize|p2|6
|gen|9
|tier|[Gen 9] VGC 2025 Reg I
|rated|
|rule|Species Clause: Limit one of each Pokémon
|rule|Item Clause: Limit 1 of each item
|clearpoke
|poke|p1|Clawitzer, L50, F|
|poke|p1|Baxcalibur, L50, M|
|poke|p1|Lunala, L50|
|poke|p1|Magmar, L50, M|
|poke|p1|Gardevoir, L50, F|
|poke|p1|Zacian-*, L50|
|poke|p2|Lunala, L50|
|poke|p2|Ursaluna, L50, M|
|poke|p2|Urshifu-*, L50, F|
|poke|p2|Miraidon, L50|
|poke|p2|Grimmsnarl, L50, M|
|poke|p2|Incineroar, L50, F|
|teampreview|4
|inactive|Battle timer is ON: inactive players will automatically lose when time's up. (requested by eliott.pawsey)
|
|t:|1750879852
|start
|switch|p1a: Magmar|Magmar, L50, M|100/100
|switch|p1b: Zacian|Zacian-Crowned, L50|100/100
|switch|p2a: Miraidon|Miraidon, L50|100/100
|switch|p2b: Incineroar|Incineroar, L50, F|100/100
|-ability|p1b: Zacian|Intrepid Sword|boost
|-boost|p1b: Zacian|atk|1
|-fieldstart|move: Electric Terrain|[from] ability: Hadron Engine|[of] p2a: Miraidon
|-ability|p2b: Incineroar|Intimidate|boost
|-unboost|p1a: Magmar|atk|1
|-unboost|p1b: Zacian|atk|1
|turn|1
|inactive|thezapzep has 30 seconds left.
|inactive|thezapzep has 20 seconds left.
|inactive|thezapzep has 15 seconds left.
|inactive|thezapzep has 10 seconds left.
|inactive|thezapzep has 5 seconds left.
|
|t:|1750879907
|move|p1b: Zacian|Protect|p1b: Zacian
|-singleturn|p1b: Zacian|Protect
|move|p2b: Incineroar|Fake Out|p1a: Magmar
|-damage|p1a: Magmar|90/100
|move|p2a: Miraidon|Electro Drift|p1b: Zacian
|-activate|p1b: Zacian|move: Protect
|cant|p1a: Magmar|flinch
|
|upkeep
|turn|2
|inactive|thezapzep has 30 seconds left.
|
|t:|1750879939
|-terastallize|p1b: Zacian|Stellar
|-terastallize|p2a: Miraidon|Electric
|move|p1a: Magmar|Follow Me|p1a: Magmar
|-singleturn|p1a: Magmar|move: Follow Me
|move|p1b: Zacian|Play Rough|p2a: Miraidon
|-crit|p2a: Miraidon
|-damage|p2a: Miraidon|0 fnt
|faint|p2a: Miraidon
|move|p2b: Incineroar|Will-O-Wisp|p1a: Magmar
|-immune|p1a: Magmar
|
|upkeep
|
|t:|1750879950
|switch|p2a: Lunala|Lunala, L50|100/100
|-enditem|p2a: Lunala|Electric Seed
|-boost|p2a: Lunala|def|1|[from] item: Electric Seed
|turn|3
|
|t:|1750879960
|move|p1b: Zacian|Protect|p1b: Zacian
|-singleturn|p1b: Zacian|Protect
|move|p1a: Magmar|Knock Off|p2a: Lunala
|-supereffective|p2a: Lunala
|-damage|p2a: Lunala|93/100
|move|p2b: Incineroar|Parting Shot|p1b: Zacian
|-activate|p1b: Zacian|move: Protect
|move|p2a: Lunala|Trick Room|p2a: Lunala
|-fieldstart|move: Trick Room|[of] p2a: Lunala
|
|upkeep
|turn|4
|inactive|eliott.pawsey has 30 seconds left.
|
|t:|1750879986
|switch|p1b: Lunala|Lunala, L50|100/100
|move|p2b: Incineroar|Knock Off|p1a: Magmar
|-damage|p1a: Magmar|49/100
|-enditem|p1a: Magmar|Eviolite|[from] move: Knock Off|[of] p2b: Incineroar
|move|p1a: Magmar|Knock Off|p2a: Lunala
|-supereffective|p2a: Lunala
|-damage|p2a: Lunala|75/100
|move|p2a: Lunala|Moongeist Beam|p1b: Lunala
|-supereffective|p1b: Lunala
|-damage|p1b: Lunala|18/100
|
|-heal|p1b: Lunala|24/100|[from] item: Leftovers
|upkeep
|turn|5
|
|t:|1750880008
|move|p1a: Magmar|Follow Me|p1a: Magmar
|-singleturn|p1a: Magmar|move: Follow Me
|move|p2b: Incineroar|Parting Shot|p1a: Magmar
|-unboost|p1a: Magmar|atk|1
|-unboost|p1a: Magmar|spa|1
|
|t:|1750880014
|switch|p2b: Ursaluna|Ursaluna, L50, M|100/100|[from] Parting Shot
|move|p2a: Lunala|Moongeist Beam|p1a: Magmar
|-damage|p1a: Magmar|0 fnt
|faint|p1a: Magmar
|move|p1b: Lunala|Moongeist Beam|p2a: Lunala
|-supereffective|p2a: Lunala
|-damage|p2a: Lunala|0 fnt
|faint|p2a: Lunala
|
|-heal|p1b: Lunala|30/100|[from] item: Leftovers
|-fieldend|move: Electric Terrain
|-status|p2b: Ursaluna|brn|[from] item: Flame Orb
|upkeep
|
|t:|1750880034
|switch|p1a: Baxcalibur|Baxcalibur, L50, M|100/100
|switch|p2a: Incineroar|Incineroar, L50, F|100/100
|-ability|p2a: Incineroar|Intimidate|boost
|-unboost|p1a: Baxcalibur|atk|1
|-unboost|p1b: Lunala|atk|1
|turn|6
|inactive|thezapzep has 30 seconds left.
|
|t:|1750880065
|move|p2a: Incineroar|Fake Out|p1a: Baxcalibur
|-damage|p1a: Baxcalibur|91/100
|move|p2b: Ursaluna|Earthquake|p1b: Lunala|[spread] p2a,p1a,p1b
|-supereffective|p2a: Incineroar
|-damage|p2a: Incineroar|13/100
|-damage|p1a: Baxcalibur|27/100
|-damage|p1b: Lunala|0 fnt
|faint|p1b: Lunala
|cant|p1a: Baxcalibur|flinch
|
|-damage|p2b: Ursaluna|95/100 brn|[from] brn
|upkeep
|
|t:|1750880078
|switch|p1b: Zacian|Zacian-Crowned, L50, tera:Stellar|100/100
|turn|7
|inactive|thezapzep has 30 seconds left.
|
|t:|1750880107
|move|p1b: Zacian|Protect|p1b: Zacian
|-singleturn|p1b: Zacian|Protect
|move|p1a: Baxcalibur|Ice Shard|p2a: Incineroar
|-resisted|p2a: Incineroar
|-damage|p2a: Incineroar|7/100
|move|p2b: Ursaluna|Headlong Rush|p1a: Baxcalibur
|-damage|p1a: Baxcalibur|0 fnt
|-unboost|p2b: Ursaluna|def|1
|-unboost|p2b: Ursaluna|spd|1
|faint|p1a: Baxcalibur
|move|p2a: Incineroar|Parting Shot|p1b: Zacian
|-activate|p1b: Zacian|move: Protect
|
|-damage|p2b: Ursaluna|89/100 brn|[from] brn
|-fieldend|move: Trick Room
|upkeep
|turn|8
|
|t:|1750880130
|move|p2b: Ursaluna|Protect|p2b: Ursaluna
|-singleturn|p2b: Ursaluna|Protect
|move|p1b: Zacian|Sacred Sword|p2b: Ursaluna
|-activate|p2b: Ursaluna|move: Protect
|move|p2a: Incineroar|Will-O-Wisp|p1b: Zacian
|-status|p1b: Zacian|brn
|
|-damage|p1b: Zacian|95/100 brn|[from] brn
|-damage|p2b: Ursaluna|83/100 brn|[from] brn
|upkeep
|turn|9
|
|t:|1750880150
|move|p1b: Zacian|Sacred Sword|p2b: Ursaluna
|-supereffective|p2b: Ursaluna
|-damage|p2b: Ursaluna|48/100 brn
|move|p2a: Incineroar|Parting Shot|p1b: Zacian
|-unboost|p1b: Zacian|atk|1
|-unboost|p1b: Zacian|spa|1
|move|p2b: Ursaluna|Headlong Rush|p1b: Zacian
|-supereffective|p1b: Zacian
|-damage|p1b: Zacian|0 fnt
|-unboost|p2b: Ursaluna|def|1
|-unboost|p2b: Ursaluna|spd|1
|faint|p1b: Zacian
|
|win|thezapzep
|raw|eliott.pawsey's rating: 1107 &rarr; <strong>1089</strong><br />(-18 for losing)
|raw|thezapzep's rating: 1202 &rarr; <strong>1220</strong><br />(+18 for winning)
|l|☆eliott.pawsey
|player|p1|
