|j|☆ihatetauros09
|j|☆Ranzo99
|t:|1750712811
|gametype|doubles
|player|p1|ihatetauros09|cynthia|1306
|player|p2|Ranzo99|265|1339
|teamsize|p1|6
|teamsize|p2|6
|gen|9
|tier|[Gen 9] VGC 2025 Reg I
|rated|
|rule|Species Clause: Limit one of each Pokémon
|rule|Item Clause: Limit 1 of each item
|clearpoke
|poke|p1|Whimsicott, L50, F|
|poke|p1|Calyrex-Shadow, L50|
|poke|p1|Miraidon, L50|
|poke|p1|Incineroar, L50, M|
|poke|p1|Iron Hands, L50|
|poke|p1|Chi-Yu, L50|
|poke|p2|Miraidon, L50|
|poke|p2|Calyrex-Ice, L50|
|poke|p2|Incineroar, L50, M|
|poke|p2|Landorus, L50, M|
|poke|p2|Urshifu-*, L50, M|
|poke|p2|Farigiraf, L50, M|
|teampreview|4
|inactive|Battle timer is ON: inactive players will automatically lose when time's up. (requested by ihatetauros09)
|inactive|ihatetauros09 has 60 seconds left.
|inactive|Ranzo99 has 60 seconds left.
|
|t:|1750712855
|start
|switch|p1a: Calyrex|Calyrex-Shadow, L50|100/100
|switch|p1b: Miraidon|Miraidon, L50|100/100
|switch|p2a: Miraidon|Miraidon, L50|100/100
|switch|p2b: Incineroar|Incineroar, L50, M|100/100
|-ability|p1a: Calyrex|As One
|-ability|p1a: Calyrex|Unnerve
|-fieldstart|move: Electric Terrain|[from] ability: Hadron Engine|[of] p1b: Miraidon
|-activate|p2a: Miraidon|ability: Hadron Engine
|-ability|p2b: Incineroar|Intimidate|boost
|-unboost|p1a: Calyrex|atk|1
|-unboost|p1b: Miraidon|atk|1
|turn|1
|inactive|ihatetauros09 has 30 seconds left.
|inactive|Ranzo99 has 30 seconds left.
|inactive|ihatetauros09 has 20 seconds left.
|inactive|Ranzo99 has 20 seconds left.
|inactive|Ranzo99 has 15 seconds left.
|inactive|Ranzo99 has 10 seconds left.
|
|t:|1750712905
|switch|p1a: Incineroar|Incineroar, L50, M|100/100
|-ability|p1a: Incineroar|Intimidate|boost
|-unboost|p2a: Miraidon|atk|1
|-unboost|p2b: Incineroar|atk|1
|move|p2b: Incineroar|Fake Out|p1b: Miraidon
|-damage|p1b: Miraidon|92/100
|cant|p1b: Miraidon|flinch
|move|p2a: Miraidon|Electro Drift|p1a: Incineroar
|-damage|p1a: Incineroar|0 fnt
|-damage|p2a: Miraidon|84/100|[from] item: Rocky Helmet|[of] p1a: Incineroar
|faint|p1a: Incineroar
|
|upkeep
|inactive|ihatetauros09 has 30 seconds left.
|
|t:|1750712933
|switch|p1a: Calyrex|Calyrex-Shadow, L50|100/100
|-ability|p1a: Calyrex|As One
|-ability|p1a: Calyrex|Unnerve
|turn|2
|
|t:|1750712952
|switch|p2a: Farigiraf|Farigiraf, L50, M|100/100
|-enditem|p2a: Farigiraf|Electric Seed
|-boost|p2a: Farigiraf|def|1|[from] item: Electric Seed
|-terastallize|p1b: Miraidon|Fairy
|move|p1a: Calyrex|Protect|p1a: Calyrex
|-singleturn|p1a: Calyrex|Protect
|move|p1b: Miraidon|Dazzling Gleam|p2b: Incineroar|[spread] p2a,p2b
|-damage|p2a: Farigiraf|37/100
|-damage|p2b: Incineroar|66/100
|move|p2b: Incineroar|Knock Off|p1a: Calyrex
|-activate|p1a: Calyrex|move: Protect
|
|upkeep
|turn|3
|inactive|ihatetauros09 has 30 seconds left.
|inactive|Ranzo99 has 30 seconds left.
|
|t:|1750712990
|move|p1a: Calyrex|Astral Barrage|p2b: Incineroar|[spread] p2b
|-immune|p2a: Farigiraf
|-resisted|p2b: Incineroar
|-damage|p2b: Incineroar|50/100
|move|p1b: Miraidon|Dazzling Gleam|p2b: Incineroar|[spread] p2a,p2b
|-damage|p2a: Farigiraf|0 fnt
|-damage|p2b: Incineroar|11/100
|faint|p2a: Farigiraf
|move|p2b: Incineroar|Knock Off|p1a: Calyrex
|-supereffective|p1a: Calyrex
|-enditem|p1a: Calyrex|Focus Sash
|-damage|p1a: Calyrex|1/100
|
|upkeep
|
|t:|1750713004
|switch|p2a: Miraidon|Miraidon, L50|84/100
|-activate|p2a: Miraidon|ability: Hadron Engine
|turn|4
|
|t:|1750713028
|-terastallize|p2a: Miraidon|Fairy
|move|p1a: Calyrex|Protect|p1a: Calyrex
|-singleturn|p1a: Calyrex|Protect
|move|p1b: Miraidon|Dazzling Gleam|p2b: Incineroar|[spread] p2a,p2b
|-damage|p2a: Miraidon|38/100
|-damage|p2b: Incineroar|0 fnt
|faint|p2b: Incineroar
|move|p2a: Miraidon|Dazzling Gleam|p1b: Miraidon|[spread] p1b
|-activate|p1a: Calyrex|move: Protect
|-damage|p1b: Miraidon|44/100
|
|upkeep
|
|t:|1750713040
|switch|p2b: Calyrex|Calyrex-Ice, L50|100/100
|-ability|p2b: Calyrex|As One
|-ability|p2b: Calyrex|Unnerve
|turn|5
|
|t:|1750713051
|move|p1a: Calyrex|Astral Barrage|p2b: Calyrex|[spread] p2a,p2b
|-supereffective|p2b: Calyrex
|-damage|p2a: Miraidon|0 fnt
|-damage|p2b: Calyrex|30/100
|faint|p2a: Miraidon
|-ability|p1a: Calyrex|Grim Neigh|boost
|-boost|p1a: Calyrex|spa|1
|move|p1b: Miraidon|Dazzling Gleam|p2b: Calyrex
|-damage|p2b: Calyrex|0 fnt
|faint|p2b: Calyrex
|
|win|ihatetauros09
|raw|ihatetauros09's rating: 1306 &rarr; <strong>1328</strong><br />(+22 for winning)
|raw|Ranzo99's rating: 1339 &rarr; <strong>1317</strong><br />(-22 for losing)
|l|☆Ranzo99
|player|p2|
