|j|☆ushwusjej
|j|‽Shrekers13
|t:|1750759658
|gametype|doubles
|player|p1|ushwusjej|red|1211
|player|p2|Shrekers13|170|1300
|teamsize|p1|6
|teamsize|p2|6
|gen|9
|tier|[Gen 9] VGC 2025 Reg I
|rated|
|rule|Species Clause: Limit one of each Pokémon
|rule|Item Clause: Limit 1 of each item
|clearpoke
|poke|p1|Kyogre, L50|
|poke|p1|Zacian-*, L50|
|poke|p1|Tornadus, L50, M|
|poke|p1|Urshifu-*, L50, M|
|poke|p1|Incineroar, L50, M|
|poke|p1|Rillaboom, L50, F|
|poke|p2|Calyrex-Ice, L50|
|poke|p2|Miraidon, L50|
|poke|p2|Iron Hands, L50|
|poke|p2|Iron Bundle, L50|
|poke|p2|Ogerpon-Hearthflame, L50, F|
|poke|p2|Farigiraf, L50, F|
|teampreview|4
|inactive|Battle timer is ON: inactive players will automatically lose when time's up. (requested by ushwusjej)
|
|t:|1750759674
|start
|switch|p1a: Zacian|Zacian-Crowned, L50|100/100
|switch|p1b: Tornadus|Tornadus, L50, M|100/100
|switch|p2a: Calyrex|Calyrex-Ice, L50|100/100
|switch|p2b: Iron Hands|Iron Hands, L50, shiny|100/100
|-ability|p2a: Calyrex|As One
|-ability|p2a: Calyrex|Unnerve
|-ability|p1a: Zacian|Intrepid Sword|boost
|-boost|p1a: Zacian|atk|1
|turn|1
|inactive|Shrekers13 has 30 seconds left.
|
|t:|1750759705
|-end|p2b: Iron Hands|Quark Drive|[silent]
|switch|p2b: Farigiraf|Farigiraf, L50, F, shiny|100/100
|-terastallize|p2a: Calyrex|Fire
|move|p1a: Zacian|Protect|p1a: Zacian
|-singleturn|p1a: Zacian|Protect
|move|p1b: Tornadus|Taunt||[still]
|cant|p2b: Farigiraf|ability: Armor Tail|Taunt|[of] p1b: Tornadus
|move|p2a: Calyrex|Trick Room|p2a: Calyrex
|-fieldstart|move: Trick Room|[of] p2a: Calyrex
|
|upkeep
|turn|2
|inactive|ushwusjej has 30 seconds left.
|
|t:|1750759731
|switch|p2b: Iron Hands|Iron Hands, L50, shiny|100/100
|move|p2a: Calyrex|Glacial Lance|p1a: Zacian|[spread] p1a,p1b
|-resisted|p1a: Zacian
|-supereffective|p1b: Tornadus
|-damage|p1a: Zacian|78/100
|-enditem|p1b: Tornadus|Focus Sash
|-damage|p1b: Tornadus|1/100
|move|p1b: Tornadus|Bleakwind Storm|p2a: Calyrex|[spread] p2a,p2b
|-crit|p2b: Iron Hands
|-damage|p2a: Calyrex|73/100
|-damage|p2b: Iron Hands|69/100
|-unboost|p2b: Iron Hands|spe|1
|move|p1a: Zacian|Sacred Sword|p2a: Calyrex
|-damage|p2a: Calyrex|43/100
|
|upkeep
|turn|3
|inactive|Shrekers13 has 30 seconds left.
|
|t:|1750759761
|move|p1b: Tornadus|Protect|p1b: Tornadus
|-singleturn|p1b: Tornadus|Protect
|move|p1a: Zacian|Protect|p1a: Zacian
|-singleturn|p1a: Zacian|Protect
|move|p2b: Iron Hands|Wild Charge|p1a: Zacian
|-activate|p1a: Zacian|move: Protect
|move|p2a: Calyrex|Glacial Lance|p1b: Tornadus|[spread] 
|-activate|p1a: Zacian|move: Protect
|-activate|p1b: Tornadus|move: Protect
|
|upkeep
|turn|4
|inactive|ushwusjej has 30 seconds left.
|
|t:|1750759788
|move|p1b: Tornadus|Tailwind|p1b: Tornadus
|-sidestart|p1: ushwusjej|move: Tailwind
|move|p2b: Iron Hands|Drain Punch|p1b: Tornadus
|-resisted|p1b: Tornadus
|-damage|p1b: Tornadus|0 fnt
|-heal|p2b: Iron Hands|70/100|[from] drain|[of] p1b: Tornadus
|faint|p1b: Tornadus
|move|p2a: Calyrex|High Horsepower|p1a: Zacian
|-supereffective|p1a: Zacian
|-damage|p1a: Zacian|2/100
|move|p1a: Zacian|Play Rough|p2b: Iron Hands
|-supereffective|p2b: Iron Hands
|-damage|p2b: Iron Hands|0 fnt
|faint|p2b: Iron Hands
|-end|p2b: Iron Hands|Quark Drive|[silent]
|
|upkeep
|
|t:|1750759811
|switch|p2b: Farigiraf|Farigiraf, L50, F, shiny|100/100
|switch|p1b: Incineroar|Incineroar, L50, M|100/100
|-ability|p1b: Incineroar|Intimidate|boost
|-fail|p2a: Calyrex|unboost|[from] item: Clear Amulet|[of] p2a: Calyrex
|-unboost|p2b: Farigiraf|atk|1
|turn|5
|
|t:|1750759823
|move|p1a: Zacian|Protect|p1a: Zacian
|-singleturn|p1a: Zacian|Protect
|move|p1b: Incineroar|Knock Off|p2b: Farigiraf
|-supereffective|p2b: Farigiraf
|-damage|p2b: Farigiraf|31/100
|-enditem|p2b: Farigiraf|Electric Seed|[from] move: Knock Off|[of] p1b: Incineroar
|move|p2a: Calyrex|Trick Room|p2a: Calyrex
|-fieldend|move: Trick Room
|move|p2b: Farigiraf|Trick Room|p2b: Farigiraf
|-fieldstart|move: Trick Room|[of] p2b: Farigiraf
|
|upkeep
|turn|6
|
|t:|1750759845
|move|p2a: Calyrex|High Horsepower|p1b: Incineroar
|-supereffective|p1b: Incineroar
|-damage|p1b: Incineroar|39/100
|move|p2b: Farigiraf|Psychic Noise|p1a: Zacian
|-resisted|p1a: Zacian
|-damage|p1a: Zacian|0 fnt
|faint|p1a: Zacian
|move|p1b: Incineroar|Knock Off|p2b: Farigiraf
|-supereffective|p2b: Farigiraf
|-crit|p2b: Farigiraf
|-damage|p2b: Farigiraf|0 fnt
|faint|p2b: Farigiraf
|
|upkeep
|
|t:|1750759856
|switch|p2b: Miraidon|Miraidon, L50|100/100
|switch|p1a: Kyogre|Kyogre, L50|100/100
|-fieldstart|move: Electric Terrain|[from] ability: Hadron Engine|[of] p2b: Miraidon
|-weather|RainDance|[from] ability: Drizzle|[of] p1a: Kyogre
|turn|7
|
|t:|1750759873
|-terastallize|p1a: Kyogre|Grass
|move|p2a: Calyrex|High Horsepower|p1b: Incineroar
|-supereffective|p1b: Incineroar
|-damage|p1b: Incineroar|0 fnt
|faint|p1b: Incineroar
|-ability|p2a: Calyrex|Chilling Neigh|boost
|-boost|p2a: Calyrex|atk|1
|move|p2b: Miraidon|Draco Meteor|p1a: Kyogre
|-damage|p1a: Kyogre|0 fnt
|-unboost|p2b: Miraidon|spa|2
|faint|p1a: Kyogre
|
|win|Shrekers13
|raw|ushwusjej's rating: 1211 &rarr; <strong>1192</strong><br />(-19 for losing)
|raw|Shrekers13's rating: 1300 &rarr; <strong>1319</strong><br />(+19 for winning)
|l|☆ushwusjej
|player|p1|
