|j|☆Closedteamlistsuck
|j|☆Pietplezier7
|t:|1750864575
|gametype|doubles
|player|p1|Closedteamlistsuck|battlegirl-gen4|1444
|player|p2|Pietplezier7|grimsley-gen7|1478
|teamsize|p1|6
|teamsize|p2|6
|gen|9
|tier|[Gen 9] VGC 2025 Reg I
|rated|
|rule|Species Clause: Limit one of each Pokémon
|rule|Item Clause: Limit 1 of each item
|clearpoke
|poke|p1|Iron Hands, L50|
|poke|p1|Ho-Oh, L50|
|poke|p1|Farigiraf, L50, M|
|poke|p1|Miraidon, L50|
|poke|p1|Grimmsnarl, L50, M|
|poke|p1|Iron Bundle, L50|
|poke|p2|Calyrex-Ice, L50|
|poke|p2|Reshiram, L50|
|poke|p2|Grimmsnarl, L50, M|
|poke|p2|Rillaboom, L50, F|
|poke|p2|Urshifu-*, L50, M|
|poke|p2|Incineroar, L50, M|
|teampreview|4
|inactive|Battle timer is ON: inactive players will automatically lose when time's up. (requested by Pietplezier7)
|inactive|Closedteamlistsuck has 60 seconds left.
|
|t:|1750864611
|start
|switch|p1a: Farigiraf|Farigiraf, L50, M, shiny|100/100
|switch|p1b: Miraidon|Miraidon, L50|100/100
|switch|p2a: Calyrex|Calyrex-Ice, L50|100/100
|switch|p2b: Rillaboom|Rillaboom, L50, F|100/100
|-ability|p2a: Calyrex|As One
|-ability|p2a: Calyrex|Unnerve
|-fieldstart|move: Electric Terrain|[from] ability: Hadron Engine|[of] p1b: Miraidon
|-enditem|p1a: Farigiraf|Electric Seed
|-boost|p1a: Farigiraf|def|1|[from] item: Electric Seed
|-fieldstart|move: Grassy Terrain|[from] ability: Grassy Surge|[of] p2b: Rillaboom
|turn|1
|inactive|Pietplezier7 has 30 seconds left.
|
|t:|1750864638
|-terastallize|p2a: Calyrex|Fairy
|move|p1a: Farigiraf|Helping Hand|p1b: Miraidon
|-singleturn|p1b: Miraidon|Helping Hand|[of] p1a: Farigiraf
|move|p1b: Miraidon|Volt Switch|p2a: Calyrex
|-damage|p2a: Calyrex|56/100
|
|t:|1750864649
|switch|p1b: Iron Hands|Iron Hands, L50, shiny|100/100|[from] Volt Switch
|move|p2b: Rillaboom|U-turn|p1a: Farigiraf
|-supereffective|p1a: Farigiraf
|-damage|p1a: Farigiraf|78/100
|
|t:|1750864656
|switch|p2b: Reshiram|Reshiram, L50|100/100|[from] U-turn
|-ability|p2b: Reshiram|Turboblaze
|move|p2a: Calyrex|Trick Room|p2a: Calyrex
|-fieldstart|move: Trick Room|[of] p2a: Calyrex
|
|-heal|p2a: Calyrex|62/100|[from] Grassy Terrain
|-heal|p2a: Calyrex|68/100|[from] item: Leftovers
|-heal|p1a: Farigiraf|84/100|[from] Grassy Terrain
|upkeep
|turn|2
|inactive|Closedteamlistsuck has 30 seconds left.
|inactive|Pietplezier7 has 30 seconds left.
|inactive|Closedteamlistsuck has 20 seconds left.
|inactive|Closedteamlistsuck has 15 seconds left.
|inactive|Closedteamlistsuck has 10 seconds left.
|
|t:|1750864706
|-end|p1b: Iron Hands|Quark Drive|[silent]
|switch|p1b: Ho-Oh|Ho-Oh, L50, shiny|100/100
|move|p2a: Calyrex|Glacial Lance|p1a: Farigiraf|[spread] p1a,p1b
|-damage|p1a: Farigiraf|54/100
|-damage|p1b: Ho-Oh|55/100
|move|p1a: Farigiraf|Psychic Noise|p2a: Calyrex
|-damage|p2a: Calyrex|49/100
|-start|p2a: Calyrex|move: Heal Block
|move|p2b: Reshiram|Blue Flare|p1b: Ho-Oh
|-resisted|p1b: Ho-Oh
|-damage|p1b: Ho-Oh|24/100
|-damage|p2b: Reshiram|91/100|[from] item: Life Orb
|
|-heal|p1a: Farigiraf|60/100|[from] Grassy Terrain
|-heal|p1b: Ho-Oh|30/100|[from] item: Leftovers
|-heal|p2b: Reshiram|97/100|[from] Grassy Terrain
|upkeep
|turn|3
|inactive|Closedteamlistsuck has 30 seconds left.
|inactive|Pietplezier7 has 30 seconds left.
|
|t:|1750864741
|move|p1b: Ho-Oh|Protect|p1b: Ho-Oh
|-singleturn|p1b: Ho-Oh|Protect
|move|p2a: Calyrex|Glacial Lance|p1a: Farigiraf|[spread] p1a
|-activate|p1b: Ho-Oh|move: Protect
|-damage|p1a: Farigiraf|32/100
|move|p2b: Reshiram|Blue Flare|p1a: Farigiraf
|-damage|p1a: Farigiraf|0 fnt
|faint|p1a: Farigiraf
|-damage|p2b: Reshiram|87/100|[from] item: Life Orb
|
|-heal|p1b: Ho-Oh|36/100|[from] item: Leftovers
|-heal|p2b: Reshiram|93/100|[from] Grassy Terrain
|-end|p2a: Calyrex|move: Heal Block
|upkeep
|
|t:|1750864751
|switch|p1a: Iron Hands|Iron Hands, L50, shiny|100/100
|turn|4
|
|t:|1750864760
|move|p1a: Iron Hands|Fake Out|p2a: Calyrex
|-damage|p2a: Calyrex|40/100
|cant|p2a: Calyrex|flinch
|move|p1b: Ho-Oh|Sacred Fire|p2a: Calyrex
|-damage|p2a: Calyrex|9/100
|move|p2b: Reshiram|Draco Meteor|p1b: Ho-Oh
|-damage|p1b: Ho-Oh|0 fnt
|-unboost|p2b: Reshiram|spa|2
|faint|p1b: Ho-Oh
|-damage|p2b: Reshiram|84/100|[from] item: Life Orb
|
|-heal|p2a: Calyrex|15/100|[from] Grassy Terrain
|-heal|p2a: Calyrex|20/100|[from] item: Leftovers
|-heal|p2b: Reshiram|90/100|[from] Grassy Terrain
|upkeep
|
|t:|1750864770
|switch|p1b: Miraidon|Miraidon, L50|100/100
|-fieldstart|move: Electric Terrain|[from] ability: Hadron Engine|[of] p1b: Miraidon
|-activate|p1a: Iron Hands|ability: Quark Drive
|-start|p1a: Iron Hands|quarkdriveatk
|turn|5
|
|t:|1750864784
|switch|p2b: Rillaboom|Rillaboom, L50, F|100/100
|-fieldstart|move: Grassy Terrain|[from] ability: Grassy Surge|[of] p2b: Rillaboom
|-end|p1a: Iron Hands|Quark Drive
|-terastallize|p1b: Miraidon|Fairy
|move|p2a: Calyrex|Protect|p2a: Calyrex
|-singleturn|p2a: Calyrex|Protect
|move|p1a: Iron Hands|Wild Charge|p2a: Calyrex
|-activate|p2a: Calyrex|move: Protect
|move|p1b: Miraidon|Dazzling Gleam|p2a: Calyrex|[spread] p2b
|-activate|p2a: Calyrex|move: Protect
|-damage|p2b: Rillaboom|69/100
|
|-heal|p2a: Calyrex|26/100|[from] Grassy Terrain
|-heal|p2a: Calyrex|32/100|[from] item: Leftovers
|-heal|p2b: Rillaboom|75/100|[from] Grassy Terrain
|-fieldend|move: Trick Room
|upkeep
|turn|6
|
|t:|1750864798
|move|p2b: Rillaboom|Fake Out|p1b: Miraidon
|-damage|p1b: Miraidon|91/100
|cant|p1b: Miraidon|flinch
|move|p2a: Calyrex|Glacial Lance|p1b: Miraidon|[spread] p1a,p1b
|-damage|p1a: Iron Hands|64/100
|-damage|p1b: Miraidon|44/100
|move|p1a: Iron Hands|Drain Punch|p2a: Calyrex
|-resisted|p2a: Calyrex
|-damage|p2a: Calyrex|20/100
|-heal|p1a: Iron Hands|70/100|[from] drain|[of] p2a: Calyrex
|
|-heal|p1b: Miraidon|50/100|[from] Grassy Terrain
|-heal|p2b: Rillaboom|81/100|[from] Grassy Terrain
|-heal|p2a: Calyrex|26/100|[from] Grassy Terrain
|-heal|p2a: Calyrex|32/100|[from] item: Leftovers
|-heal|p1a: Iron Hands|76/100|[from] Grassy Terrain
|upkeep
|turn|7
|inactive|Closedteamlistsuck has 30 seconds left.
|
|t:|1750864827
|move|p2a: Calyrex|Protect|p2a: Calyrex
|-singleturn|p2a: Calyrex|Protect
|move|p1b: Miraidon|Dazzling Gleam|p2a: Calyrex|[spread] p2b
|-activate|p2a: Calyrex|move: Protect
|-damage|p2b: Rillaboom|53/100
|move|p2b: Rillaboom|Wood Hammer|p1b: Miraidon
|-damage|p1b: Miraidon|0 fnt
|faint|p1b: Miraidon
|-damage|p2b: Rillaboom|36/100|[from] Recoil
|move|p1a: Iron Hands|Wild Charge|p2a: Calyrex
|-activate|p2a: Calyrex|move: Protect
|
|-heal|p2b: Rillaboom|42/100|[from] Grassy Terrain
|-heal|p2a: Calyrex|37/100|[from] Grassy Terrain
|-heal|p2a: Calyrex|43/100|[from] item: Leftovers
|-heal|p1a: Iron Hands|82/100|[from] Grassy Terrain
|upkeep
|turn|8
|-message|Closedteamlistsuck forfeited.
|
|win|Pietplezier7
|raw|Closedteamlistsuck's rating: 1444 &rarr; <strong>1426</strong><br />(-18 for losing)
|raw|Pietplezier7's rating: 1478 &rarr; <strong>1496</strong><br />(+18 for winning)
|l|☆Closedteamlistsuck
|player|p1|
|l|☆Pietplezier7
|player|p2|
