|j|☆cheeseyfasheesey
|j|☆truth this
|t:|1750721489
|gametype|doubles
|player|p1|cheeseyfasheesey|musician|1241
|player|p2|truth this|pokekid|1224
|teamsize|p1|6
|teamsize|p2|6
|gen|9
|tier|[Gen 9] VGC 2025 Reg I
|rated|
|rule|Species Clause: Limit one of each Pokémon
|rule|Item Clause: Limit 1 of each item
|clearpoke
|poke|p1|Pelipper, L50, M|
|poke|p1|Landorus, L50, M|
|poke|p1|Basculegion, L50, M|
|poke|p1|Sableye, L50, M|
|poke|p1|Whimsicott, L50, M|
|poke|p1|Terrakion, L50|
|poke|p2|Calyrex-Shadow, L50|
|poke|p2|Terapagos, L50, M|
|poke|p2|Incineroar, L50, F|
|poke|p2|Ogerpon-Cornerstone, L50, F|
|poke|p2|Urshifu-*, L50, F|
|poke|p2|Rillaboom, L50, M|
|teampreview|4
truth this has agreed to open team sheets.
|inactive|Battle timer is ON: inactive players will automatically lose when time's up. (requested by truth this)
|
|t:|1750721525
|start
|switch|p1a: Whimsicott|Whimsicott, L50, M|100/100
|switch|p1b: Terrakion|Terrakion, L50|100/100
|switch|p2a: Terapagos|Terapagos, L50, M|100/100
|switch|p2b: Rillaboom|Rillaboom, L50, M|100/100
|-activate|p2a: Terapagos|ability: Tera Shift
|detailschange|p2a: Terapagos|Terapagos-Terastal, L50, M
|-heal|p2a: Terapagos|100/100|[silent]
|-fieldstart|move: Grassy Terrain|[from] ability: Grassy Surge|[of] p2b: Rillaboom
|turn|1
|
|t:|1750721550
|-terastallize|p1b: Terrakion|Ghost
|move|p2b: Rillaboom|Fake Out|p1b: Terrakion
|-immune|p1b: Terrakion
|move|p1b: Terrakion|Rock Slide|p2b: Rillaboom|[spread] p2a,p2b
|-activate|p2a: Terapagos|ability: Tera Shell
|-resisted|p2a: Terapagos
|-damage|p2a: Terapagos|90/100
|-damage|p2b: Rillaboom|70/100
|move|p1a: Whimsicott|Beat Up|p1b: Terrakion
|-supereffective|p1b: Terrakion
|-damage|p1b: Terrakion|97/100
|-ability|p1b: Terrakion|Justified|boost
|-boost|p1b: Terrakion|atk|1
|-supereffective|p1b: Terrakion
|-damage|p1b: Terrakion|91/100
|-ability|p1b: Terrakion|Justified|boost
|-boost|p1b: Terrakion|atk|1
|-supereffective|p1b: Terrakion
|-damage|p1b: Terrakion|87/100
|-ability|p1b: Terrakion|Justified|boost
|-boost|p1b: Terrakion|atk|1
|-supereffective|p1b: Terrakion
|-damage|p1b: Terrakion|81/100
|-ability|p1b: Terrakion|Justified|boost
|-boost|p1b: Terrakion|atk|1
|-hitcount|p1b: Terrakion|4
|move|p2a: Terapagos|Earth Power|p1b: Terrakion
|-damage|p1b: Terrakion|54/100
|
|-heal|p1b: Terrakion|60/100|[from] Grassy Terrain
|-heal|p2b: Rillaboom|75/100|[from] Grassy Terrain
|-heal|p2a: Terapagos|96/100|[from] Grassy Terrain
|-heal|p2a: Terapagos|100/100|[from] item: Leftovers
|upkeep
|turn|2
|inactive|cheeseyfasheesey has 30 seconds left.
|inactive|truth this has 30 seconds left.
|
|t:|1750721583
|switch|p2b: Calyrex|Calyrex-Shadow, L50|100/100
|-ability|p2b: Calyrex|As One
|-ability|p2b: Calyrex|Unnerve
|move|p1a: Whimsicott|Encore||[still]
|-fail|p1a: Whimsicott
|move|p1b: Terrakion|Rock Slide|p2b: Calyrex|[spread] p2a,p2b
|-activate|p2a: Terapagos|ability: Tera Shell
|-resisted|p2a: Terapagos
|-damage|p2a: Terapagos|67/100
|-enditem|p2b: Calyrex|Focus Sash
|-damage|p2b: Calyrex|1/100
|move|p2a: Terapagos|Calm Mind|p2a: Terapagos
|-boost|p2a: Terapagos|spa|1
|-boost|p2a: Terapagos|spd|1
|
|-heal|p1b: Terrakion|66/100|[from] Grassy Terrain
|-heal|p2b: Calyrex|7/100|[from] Grassy Terrain
|-heal|p2a: Terapagos|73/100|[from] Grassy Terrain
|-heal|p2a: Terapagos|79/100|[from] item: Leftovers
|upkeep
|turn|3
|
|t:|1750721606
|-terastallize|p2a: Terapagos|Stellar
|detailschange|p2a: Terapagos|Terapagos-Stellar, L50, M, tera:Stellar
|-heal|p2a: Terapagos|84/100|[silent]
|-ability|p2a: Terapagos|Teraform Zero
|-fieldend|move: Grassy Terrain
|move|p1a: Whimsicott|Tailwind|p1a: Whimsicott
|-sidestart|p1: cheeseyfasheesey|move: Tailwind
|move|p1b: Terrakion|Rock Slide|p2b: Calyrex|[spread] p2a
|-miss|p1b: Terrakion|p2b: Calyrex
|-damage|p2a: Terapagos|38/100
|move|p2b: Calyrex|Astral Barrage|p1a: Whimsicott|[spread] p1a,p1b
|-supereffective|p1b: Terrakion
|-damage|p1a: Whimsicott|29/100
|-damage|p1b: Terrakion|0 fnt
|faint|p1b: Terrakion
|-ability|p2b: Calyrex|Grim Neigh|boost
|-boost|p2b: Calyrex|spa|1
|cant|p2a: Terapagos|flinch
|
|-heal|p1a: Whimsicott|35/100|[from] item: Leftovers
|-heal|p2a: Terapagos|44/100|[from] item: Leftovers
|upkeep
|inactive|cheeseyfasheesey has 30 seconds left.
|
|t:|1750721632
|switch|p1b: Landorus|Landorus, L50, M|100/100
|turn|4
|
|t:|1750721644
|switch|p1a: Pelipper|Pelipper, L50, M|100/100
|-weather|RainDance|[from] ability: Drizzle|[of] p1a: Pelipper
|move|p2b: Calyrex|Protect|p2b: Calyrex
|-singleturn|p2b: Calyrex|Protect
|move|p1b: Landorus|Sandsear Storm|p2b: Calyrex|[spread] p2a
|-activate|p2b: Calyrex|move: Protect
|-crit|p2a: Terapagos
|-damage|p2a: Terapagos|0 fnt
|faint|p2a: Terapagos
|detailschange|p2: Terapagos|Terapagos, L50, M|[silent]
|
|-weather|RainDance|[upkeep]
|upkeep
|
|t:|1750721647
|switch|p2a: Rillaboom|Rillaboom, L50, M|75/100
|-fieldstart|move: Grassy Terrain|[from] ability: Grassy Surge|[of] p2a: Rillaboom
|turn|5
|
|t:|1750721668
|move|p2a: Rillaboom|Grassy Glide|p1b: Landorus
|-damage|p1b: Landorus|58/100
|move|p1b: Landorus|Sandsear Storm|p2a: Rillaboom|[spread] p2a,p2b
|-resisted|p2a: Rillaboom
|-damage|p2a: Rillaboom|53/100
|-damage|p2b: Calyrex|0 fnt
|faint|p2b: Calyrex
|move|p1a: Pelipper|Hurricane|p2a: Rillaboom
|-supereffective|p2a: Rillaboom
|-damage|p2a: Rillaboom|5/100
|
|-weather|RainDance|[upkeep]
|-heal|p2a: Rillaboom|11/100|[from] Grassy Terrain
|upkeep
|
|t:|1750721680
|switch|p2b: Urshifu|Urshifu-Rapid-Strike, L50, F|100/100
|turn|6
|
|t:|1750721699
|move|p2b: Urshifu|Aqua Jet|p1b: Landorus
|-supereffective|p1b: Landorus
|-crit|p1b: Landorus
|-damage|p1b: Landorus|0 fnt
|faint|p1b: Landorus
|move|p2a: Rillaboom|Grassy Glide|p1a: Pelipper
|-damage|p1a: Pelipper|63/100
|move|p1a: Pelipper|Hurricane|p2b: Urshifu
|-supereffective|p2b: Urshifu
|-damage|p2b: Urshifu|0 fnt
|faint|p2b: Urshifu
|
|-weather|RainDance|[upkeep]
|-heal|p2a: Rillaboom|17/100|[from] Grassy Terrain
|-sideend|p1: cheeseyfasheesey|move: Tailwind
|upkeep
|-message|truth this forfeited.
|
|win|cheeseyfasheesey
|raw|cheeseyfasheesey's rating: 1241 &rarr; <strong>1265</strong><br />(+24 for winning)
|raw|truth this's rating: 1224 &rarr; <strong>1200</strong><br />(-24 for losing)
|l|☆truth this
|player|p2|
|l|☆cheeseyfasheesey
|player|p1|
