|j|☆alecfromkanto
|j|☆Team515
|t:|1750876946
|gametype|doubles
|player|p1|alecfromkanto|cynthia|1414
|player|p2|Team515|1|1519
|teamsize|p1|6
|teamsize|p2|6
|gen|9
|tier|[Gen 9] VGC 2025 Reg I
|rated|
|rule|Species Clause: Limit one of each Pokémon
|rule|Item Clause: Limit 1 of each item
|clearpoke
|poke|p1|Miraidon, L50|
|poke|p1|Incineroar, L50, M|
|poke|p1|Grimmsnarl, L50, M|
|poke|p1|Flutter Mane, L50|
|poke|p1|Groudon, L50|
|poke|p1|Iron Hands, L50|
|poke|p2|Calyrex-Shadow, L50|
|poke|p2|Terapagos, L50, M|
|poke|p2|Rillaboom, L50, M|
|poke|p2|Urshifu-*, L50, M|
|poke|p2|Volcarona, L50, M|
|poke|p2|Incineroar, L50, M|
|teampreview|4
|inactive|Battle timer is ON: inactive players will automatically lose when time's up. (requested by Team515)
|inactive|alecfromkanto also wants the timer to be on.
|j| Aru523
|inactive|Team515 has 60 seconds left.
|inactive|alecfromkanto has 60 seconds left.
|
|t:|1750876995
|start
|switch|p1a: Incineroar|Incineroar, L50, M, shiny|100/100
|switch|p1b: Iron Hands|Iron Hands, L50, shiny|100/100
|switch|p2a: Terapagos|Terapagos, L50, M|100/100
|switch|p2b: Volcarona|Volcarona, L50, M, shiny|100/100
|-activate|p2a: Terapagos|ability: Tera Shift
|detailschange|p2a: Terapagos|Terapagos-Terastal, L50, M
|-heal|p2a: Terapagos|100/100|[silent]
|-ability|p1a: Incineroar|Intimidate|boost
|-unboost|p2a: Terapagos|atk|1
|-unboost|p2b: Volcarona|atk|1
|turn|1
|l| Aru523
|inactive|alecfromkanto has 30 seconds left.
|inactive|alecfromkanto has 20 seconds left.
|inactive|alecfromkanto has 15 seconds left.
|inactive|alecfromkanto has 10 seconds left.
|
|t:|1750877043
|-end|p1b: Iron Hands|Quark Drive|[silent]
|switch|p1b: Miraidon|Miraidon, L50|100/100
|-fieldstart|move: Electric Terrain|[from] ability: Hadron Engine|[of] p1b: Miraidon
|move|p2a: Terapagos|Protect|p2a: Terapagos
|-singleturn|p2a: Terapagos|Protect
|move|p1a: Incineroar|Fake Out|p2b: Volcarona
|-damage|p2b: Volcarona|90/100
|-damage|p1a: Incineroar|84/100|[from] item: Rocky Helmet|[of] p2b: Volcarona
|cant|p2b: Volcarona|flinch
|
|upkeep
|turn|2
|inactive|alecfromkanto has 30 seconds left.
|inactive|Team515 has 30 seconds left.
|
|t:|1750877082
|-terastallize|p2a: Terapagos|Stellar
|detailschange|p2a: Terapagos|Terapagos-Stellar, L50, M, tera:Stellar
|-heal|p2a: Terapagos|100/100|[silent]
|-ability|p2a: Terapagos|Teraform Zero
|-fieldend|move: Electric Terrain
|move|p2b: Volcarona|Rage Powder|p2b: Volcarona
|-singleturn|p2b: Volcarona|move: Rage Powder
|move|p1b: Miraidon|Volt Switch|p2b: Volcarona
|-damage|p2b: Volcarona|55/100
|
|t:|1750877100
|switch|p1b: Groudon|Groudon, L50, shiny|100/100|[from] Volt Switch
|-weather|SunnyDay|[from] ability: Drought|[of] p1b: Groudon
|move|p2a: Terapagos|Meteor Beam||[still]
|-prepare|p2a: Terapagos|Meteor Beam
|-boost|p2a: Terapagos|spa|1
|-enditem|p2a: Terapagos|Power Herb
|-anim|p2a: Terapagos|Meteor Beam|p1a: Incineroar
|-supereffective|p1a: Incineroar
|-damage|p1a: Incineroar|0 fnt
|faint|p1a: Incineroar
|
|-weather|SunnyDay|[upkeep]
|upkeep
|
|t:|1750877110
|switch|p1a: Miraidon|Miraidon, L50|100/100
|-fieldstart|move: Electric Terrain|[from] ability: Hadron Engine|[of] p1a: Miraidon
|turn|3
|inactive|alecfromkanto has 30 seconds left.
|
|t:|1750877143
|switch|p2b: Rillaboom|Rillaboom, L50, M, shiny|100/100
|-fieldstart|move: Grassy Terrain|[from] ability: Grassy Surge|[of] p2b: Rillaboom
|move|p2a: Terapagos|Protect|p2a: Terapagos
|-singleturn|p2a: Terapagos|Protect
|move|p1a: Miraidon|Discharge|p2a: Terapagos|[spread] p2b
|-activate|p2a: Terapagos|move: Protect
|-immune|p1b: Groudon
|-resisted|p2b: Rillaboom
|-damage|p2b: Rillaboom|89/100
|move|p1b: Groudon|Fire Punch|p2b: Rillaboom
|-supereffective|p2b: Rillaboom
|-damage|p2b: Rillaboom|16/100
|
|-weather|SunnyDay|[upkeep]
|-heal|p2b: Rillaboom|22/100|[from] Grassy Terrain
|upkeep
|turn|4
|inactive|alecfromkanto has 30 seconds left.
|
|t:|1750877178
|switch|p1a: Iron Hands|Iron Hands, L50, shiny|100/100
|move|p1b: Groudon|Protect|p1b: Groudon
|-singleturn|p1b: Groudon|Protect
|move|p2b: Rillaboom|Fake Out|p1a: Iron Hands
|-damage|p1a: Iron Hands|92/100
|move|p2a: Terapagos|Tera Starstorm|p1b: Groudon|[spread] p1a
|-activate|p1b: Groudon|move: Protect
|-damage|p1a: Iron Hands|45/100
|
|-weather|SunnyDay|[upkeep]
|-heal|p2b: Rillaboom|28/100|[from] Grassy Terrain
|-heal|p1a: Iron Hands|51/100|[from] Grassy Terrain
|upkeep
|turn|5
|
|t:|1750877202
|switch|p1b: Miraidon|Miraidon, L50|100/100
|-fieldstart|move: Electric Terrain|[from] ability: Hadron Engine|[of] p1b: Miraidon
|-activate|p1a: Iron Hands|ability: Quark Drive
|-start|p1a: Iron Hands|quarkdriveatk
|move|p2a: Terapagos|Protect|p2a: Terapagos
|-singleturn|p2a: Terapagos|Protect
|move|p2b: Rillaboom|Grassy Glide|p1b: Miraidon
|-resisted|p1b: Miraidon
|-damage|p1b: Miraidon|87/100
|move|p1a: Iron Hands|Drain Punch|p2b: Rillaboom
|-damage|p2b: Rillaboom|0 fnt
|-heal|p1a: Iron Hands|62/100|[from] drain|[of] p2b: Rillaboom
|faint|p2b: Rillaboom
|
|-weather|SunnyDay|[upkeep]
|upkeep
|
|t:|1750877214
|switch|p2b: Volcarona|Volcarona, L50, M, shiny|55/100
|turn|6
|
|t:|1750877238
|-end|p1a: Iron Hands|Quark Drive|[silent]
|switch|p1a: Groudon|Groudon, L50, shiny|100/100
|move|p2b: Volcarona|Rage Powder|p2b: Volcarona
|-singleturn|p2b: Volcarona|move: Rage Powder
|move|p1b: Miraidon|Discharge|p2a: Terapagos|[spread] p2a,p2b
|-immune|p1a: Groudon
|-damage|p2a: Terapagos|58/100
|-damage|p2b: Volcarona|4/100
|-status|p2a: Terapagos|par
|move|p2a: Terapagos|Tera Starstorm|p1a: Groudon|[spread] p1a,p1b
|-damage|p1a: Groudon|50/100
|-damage|p1b: Miraidon|41/100
|
|-weather|none
|upkeep
|turn|7
|inactive|alecfromkanto has 30 seconds left.
|
|t:|1750877267
|-terastallize|p1b: Miraidon|Electric
|move|p1a: Groudon|Helping Hand|p1b: Miraidon
|-singleturn|p1b: Miraidon|Helping Hand|[of] p1a: Groudon
|move|p2b: Volcarona|Rage Powder|p2b: Volcarona
|-singleturn|p2b: Volcarona|move: Rage Powder
|move|p1b: Miraidon|Discharge|p2b: Volcarona|[spread] p2a,p2b
|-immune|p1a: Groudon
|-damage|p2a: Terapagos|0 fnt
|-damage|p2b: Volcarona|0 fnt
|faint|p2a: Terapagos
|detailschange|p2: Terapagos|Terapagos, L50, M|[silent]
|faint|p2b: Volcarona
|
|upkeep
|
|t:|1750877277
|switch|p2b: Calyrex|Calyrex-Shadow, L50|100/100
|-ability|p2b: Calyrex|As One
|-ability|p2b: Calyrex|Unnerve
|turn|8
|inactive|alecfromkanto has 30 seconds left.
|
|t:|1750877308
|move|p1b: Miraidon|Discharge|p2b: Calyrex|[spread] p2b
|-immune|p1a: Groudon
|-damage|p2b: Calyrex|15/100
|move|p2b: Calyrex|Astral Barrage|p1a: Groudon|[spread] p1a,p1b
|-damage|p1a: Groudon|8/100
|-damage|p1b: Miraidon|0 fnt
|faint|p1b: Miraidon
|-ability|p2b: Calyrex|Grim Neigh|boost
|-boost|p2b: Calyrex|spa|1
|move|p1a: Groudon|Fire Punch|p2b: Calyrex
|-damage|p2b: Calyrex|0 fnt
|faint|p2b: Calyrex
|
|win|alecfromkanto
|raw|alecfromkanto's rating: 1414 &rarr; <strong>1440</strong><br />(+26 for winning)
|raw|Team515's rating: 1519 &rarr; <strong>1493</strong><br />(-26 for losing)
