|j|☆mikerakk
|j|☆entrail$
|t:|1750813845
|gametype|doubles
|player|p1|mikerakk|170|1189
|player|p2|entrail$|lady|1286
|teamsize|p1|6
|teamsize|p2|6
|gen|9
|tier|[Gen 9] VGC 2025 Reg I
|rated|
|rule|Species Clause: Limit one of each Pokémon
|rule|Item Clause: Limit 1 of each item
|clearpoke
|poke|p1|Kyogre, L50|
|poke|p1|Farigiraf, L50, F|
|poke|p1|Calyrex-Ice, L50|
|poke|p1|Ursaluna, L50, F|
|poke|p1|Zapdos, L50|
|poke|p1|Incineroar, L50, F|
|poke|p2|Ho-Oh, L50|
|poke|p2|Kyogre, L50|
|poke|p2|Tornadus, L50, M|
|poke|p2|Urshifu-*, L50, M|
|poke|p2|Ogerpon-Cornerstone, L50, F|
|poke|p2|Archaludon, L50, F|
|teampreview|4
|inactive|Battle timer is ON: inactive players will automatically lose when time's up. (requested by mikerakk)
mikerakk has agreed to open team sheets.
|inactive|entrail$ has 60 seconds left.
|c|☆mikerakk|Glhf
|
|t:|1750813888
|start
|switch|p1a: Kyogre|Kyogre, L50|100/100
|switch|p1b: Zapdos|Zapdos, L50|100/100
|switch|p2a: Ooh|Ho-Oh, L50, shiny|100/100
|switch|p2b: King 2 a God?|Urshifu, L50, M|100/100
|-weather|RainDance|[from] ability: Drizzle|[of] p1a: Kyogre
|turn|1
|inactive|entrail$ has 30 seconds left.
|
|t:|1750813917
|move|p2a: Ooh|Protect|p2a: Ooh
|-singleturn|p2a: Ooh|Protect
|move|p1a: Kyogre|Water Spout|p2a: Ooh|[spread] p2b
|-activate|p2a: Ooh|move: Protect
|-enditem|p2b: King 2 a God?|Focus Sash
|-damage|p2b: King 2 a God?|1/100
|move|p2b: King 2 a God?|Close Combat|p1a: Kyogre
|-damage|p1a: Kyogre|23/100
|-unboost|p2b: King 2 a God?|def|1
|-unboost|p2b: King 2 a God?|spd|1
|move|p1b: Zapdos|Tailwind|p1b: Zapdos
|-sidestart|p1: mikerakk|move: Tailwind
|
|-weather|RainDance|[upkeep]
|upkeep
|turn|2
|inactive|entrail$ has 30 seconds left.
|
|t:|1750813945
|switch|p1a: Calyrex|Calyrex-Ice, L50|100/100
|-ability|p1a: Calyrex|As One
|-ability|p1a: Calyrex|Unnerve
|switch|p2a: Archaludon|Archaludon, L50, F|100/100
|move|p2b: King 2 a God?|Detect|p2b: King 2 a God?
|-singleturn|p2b: King 2 a God?|Protect
|move|p1b: Zapdos|Thunder|p2a: Archaludon
|-resisted|p2a: Archaludon
|-damage|p2a: Archaludon|84/100
|
|-weather|RainDance|[upkeep]
|upkeep
|turn|3
|inactive|mikerakk has 30 seconds left.
|inactive|entrail$ has 30 seconds left.
|inactive|entrail$ has 20 seconds left.
|inactive|entrail$ has 15 seconds left.
|inactive|entrail$ has 10 seconds left.
|
|t:|1750813993
|-terastallize|p1a: Calyrex|Ice
|move|p2b: King 2 a God?|Sucker Punch||[still]
|-fail|p2b: King 2 a God?
|move|p1b: Zapdos|Thunder Wave|p2a: Archaludon
|-status|p2a: Archaludon|par
|move|p1a: Calyrex|Glacial Lance|p2a: Archaludon|[spread] p2a,p2b
|-damage|p2a: Archaludon|27/100 par
|-damage|p2b: King 2 a God?|0 fnt
|faint|p2b: King 2 a God?
|-ability|p1a: Calyrex|Chilling Neigh|boost
|-boost|p1a: Calyrex|atk|1
|move|p2a: Archaludon|Flash Cannon|p1a: Calyrex
|-supereffective|p1a: Calyrex
|-damage|p1a: Calyrex|51/100
|
|-weather|RainDance|[upkeep]
|upkeep
|inactive|entrail$ has 30 seconds left.
|
|t:|1750814021
|switch|p2b: Baleine|Kyogre, L50|100/100
|turn|4
|inactive|entrail$ has 30 seconds left.
|
|t:|1750814049
|switch|p2a: Ooh|Ho-Oh, L50, shiny|100/100
|move|p1b: Zapdos|Thunder|p2b: Baleine
|-supereffective|p2b: Baleine
|-damage|p2b: Baleine|35/100
|-status|p2b: Baleine|par
|move|p1a: Calyrex|Glacial Lance|p2a: Ooh|[spread] p2a,p2b
|-resisted|p2b: Baleine
|-crit|p2b: Baleine
|-damage|p2a: Ooh|11/100
|-damage|p2b: Baleine|0 fnt
|faint|p2b: Baleine
|-ability|p1a: Calyrex|Chilling Neigh|boost
|-boost|p1a: Calyrex|atk|1
|
|-weather|RainDance|[upkeep]
|-sideend|p1: mikerakk|move: Tailwind
|upkeep
|
|t:|1750814065
|switch|p2b: Archaludon|Archaludon, L50, F|27/100 par
|turn|5
|
|t:|1750814079
|move|p1b: Zapdos|Thunder Wave|p2a: Ooh
|-status|p2a: Ooh|par
|move|p1a: Calyrex|Glacial Lance|p2a: Ooh|[spread] p2a,p2b
|-damage|p2a: Ooh|0 fnt
|-damage|p2b: Archaludon|0 fnt
|faint|p2a: Ooh
|faint|p2b: Archaludon
|
|win|mikerakk
|raw|mikerakk's rating: 1189 &rarr; <strong>1221</strong><br />(+32 for winning)
|raw|entrail$'s rating: 1286 &rarr; <strong>1254</strong><br />(-32 for losing)
|l|☆entrail$
|player|p2|
|l|☆mikerakk
|player|p1|
