|j|☆veganbac0n
|j|☆Rathanegren
|t:|1750873325
|gametype|doubles
|player|p1|veganbac0n|hilbert|1094
|player|p2|Rathanegren|clerkf|1149
|teamsize|p1|6
|teamsize|p2|6
|gen|9
|tier|[Gen 9] VGC 2025 Reg I
|rated|
|rule|Species Clause: Limit one of each Pokémon
|rule|Item Clause: Limit 1 of each item
|clearpoke
|poke|p1|Miraidon, L50|
|poke|p1|Incineroar, L50, F|
|poke|p1|Urshifu-*, L50, F|
|poke|p1|Calyrex-Ice, L50|
|poke|p1|Iron Hands, L50|
|poke|p1|Rillaboom, L50, M|
|poke|p2|Miraidon, L50|
|poke|p2|Iron Valiant, L50|
|poke|p2|Gholdengo, L50|
|poke|p2|Ogerpon-Wellspring, L50, F|
|poke|p2|Tinkaton, L50, F|
|poke|p2|Urshifu-*, L50, F|
|teampreview|4
|
|t:|1750873361
|start
|switch|p1a: Miraidon|Miraidon, L50|100/100
|switch|p1b: Incineroar|Incineroar, L50, F, shiny|100/100
|switch|p2a: Tinkaton|Tinkaton, L50, F|100/100
|switch|p2b: Gholdengo|Gholdengo, L50|100/100
|-fieldstart|move: Electric Terrain|[from] ability: Hadron Engine|[of] p1a: Miraidon
|-ability|p2a: Tinkaton|Mold Breaker
|-ability|p1b: Incineroar|Intimidate|boost
|-unboost|p2a: Tinkaton|atk|1
|-unboost|p2b: Gholdengo|atk|1
|turn|1
|
|t:|1750873414
|-terastallize|p2b: Gholdengo|Steel
|move|p2a: Tinkaton|Fake Out|p1a: Miraidon
|-damage|p1a: Miraidon|93/100
|move|p1b: Incineroar|Fake Out|p2a: Tinkaton
|-resisted|p2a: Tinkaton
|-damage|p2a: Tinkaton|93/100
|cant|p1a: Miraidon|flinch
|move|p2b: Gholdengo|Make It Rain|p1a: Miraidon|[spread] p1a,p1b
|-resisted|p1a: Miraidon
|-crit|p1a: Miraidon
|-resisted|p1b: Incineroar
|-damage|p1a: Miraidon|31/100
|-damage|p1b: Incineroar|55/100
|-unboost|p2b: Gholdengo|spa|1
|
|upkeep
|turn|2
|
|t:|1750873453
|switch|p2b: Iron Valiant|Iron Valiant, L50|100/100
|-activate|p2b: Iron Valiant|ability: Quark Drive
|-start|p2b: Iron Valiant|quarkdriveatk
|move|p1a: Miraidon|Volt Switch|p2b: Iron Valiant
|-damage|p2b: Iron Valiant|0 fnt
|faint|p2b: Iron Valiant
|-end|p2b: Iron Valiant|Quark Drive|[silent]
|
|t:|1750873480
|switch|p1a: Iron Hands|Iron Hands, L50|100/100|[from] Volt Switch
|-activate|p1a: Iron Hands|ability: Quark Drive
|-start|p1a: Iron Hands|quarkdriveatk
|move|p2a: Tinkaton|Play Rough|p1a: Iron Hands
|-supereffective|p1a: Iron Hands
|-damage|p1a: Iron Hands|72/100
|move|p1b: Incineroar|Fire Fang|p2a: Tinkaton
|-supereffective|p2a: Tinkaton
|-damage|p2a: Tinkaton|28/100
|-enditem|p2a: Tinkaton|Sitrus Berry|[eat]
|-heal|p2a: Tinkaton|53/100|[from] item: Sitrus Berry
|
|upkeep
|
|t:|1750873489
|switch|p2b: Miraidon|Miraidon, L50|100/100
|-activate|p2b: Miraidon|ability: Hadron Engine
|turn|3
|
|t:|1750873499
|move|p2a: Tinkaton|Helping Hand|p2b: Miraidon
|-singleturn|p2b: Miraidon|Helping Hand|[of] p2a: Tinkaton
|move|p1a: Iron Hands|Fake Out|p2a: Tinkaton
|-resisted|p2a: Tinkaton
|-damage|p2a: Tinkaton|41/100
|move|p2b: Miraidon|Dazzling Gleam|p1b: Incineroar|[spread] p1a,p1b
|-supereffective|p1a: Iron Hands
|-damage|p1a: Iron Hands|14/100
|-damage|p1b: Incineroar|9/100
|move|p1b: Incineroar|Fire Fang|p2a: Tinkaton
|-supereffective|p2a: Tinkaton
|-damage|p2a: Tinkaton|0 fnt
|faint|p2a: Tinkaton
|
|upkeep
|
|t:|1750873513
|switch|p2a: Gholdengo|Gholdengo, L50, tera:Steel|100/100
|turn|4
|
|t:|1750873557
|-end|p1a: Iron Hands|Quark Drive|[silent]
|switch|p1a: Calyrex|Calyrex-Ice, L50|100/100
|-ability|p1a: Calyrex|As One
|-ability|p1a: Calyrex|Unnerve
|move|p2b: Miraidon|Dazzling Gleam|p1a: Calyrex|[spread] p1a,p1b
|-damage|p1a: Calyrex|80/100
|-damage|p1b: Incineroar|0 fnt
|faint|p1b: Incineroar
|move|p2a: Gholdengo|Make It Rain|p1a: Calyrex
|-supereffective|p1a: Calyrex
|-damage|p1a: Calyrex|0 fnt
|-unboost|p2a: Gholdengo|spa|1
|faint|p1a: Calyrex
|
|upkeep
|
|t:|1750873572
|switch|p1b: Miraidon|Miraidon, L50|31/100
|switch|p1a: Iron Hands|Iron Hands, L50|14/100
|-activate|p1b: Miraidon|ability: Hadron Engine
|-activate|p1a: Iron Hands|ability: Quark Drive
|-start|p1a: Iron Hands|quarkdriveatk
|turn|5
|
|t:|1750873592
|-terastallize|p1b: Miraidon|Fairy
|move|p1a: Iron Hands|Fake Out|p2b: Miraidon
|-damage|p2b: Miraidon|79/100
|cant|p2b: Miraidon|flinch
|move|p1b: Miraidon|Electro Drift|p2a: Gholdengo
|-damage|p2a: Gholdengo|0 fnt
|faint|p2a: Gholdengo
|
|-fieldend|move: Electric Terrain
|-end|p1a: Iron Hands|Quark Drive
|upkeep
|turn|6
|c|☆Rathanegren|Should’ve hit miraidon
|
|t:|1750873619
|move|p2b: Miraidon|Dazzling Gleam|p1a: Iron Hands|[spread] p1a,p1b
|-supereffective|p1a: Iron Hands
|-damage|p1a: Iron Hands|0 fnt
|-damage|p1b: Miraidon|11/100
|faint|p1a: Iron Hands
|-end|p1a: Iron Hands|Quark Drive|[silent]
|move|p1b: Miraidon|Electro Drift|p2b: Miraidon
|-resisted|p2b: Miraidon
|-damage|p2b: Miraidon|63/100
|
|upkeep
|turn|7
|
|t:|1750873630
|move|p2b: Miraidon|Dazzling Gleam|p1b: Miraidon
|-damage|p1b: Miraidon|0 fnt
|faint|p1b: Miraidon
|
|win|Rathanegren
|raw|veganbac0n's rating: 1094 &rarr; <strong>1074</strong><br />(-20 for losing)
|raw|Rathanegren's rating: 1149 &rarr; <strong>1170</strong><br />(+21 for winning)
|c|☆veganbac0n|gg
|l|☆veganbac0n
|player|p1|
|l|☆Rathanegren
|player|p2|
