|j|☆ggmotox
|j|☆Voraxu
|t:|1750731930
|gametype|doubles
|player|p1|ggmotox|2|1093
|player|p2|Voraxu|cynthia-gen4|1122
|teamsize|p1|6
|teamsize|p2|6
|gen|9
|tier|[Gen 9] VGC 2025 Reg I
|rated|
|rule|Species Clause: Limit one of each Pokémon
|rule|Item Clause: Limit 1 of each item
|clearpoke
|poke|p1|Ursaluna, L50, M|
|poke|p1|Honchkrow, L50, F|
|poke|p1|Calyrex-Ice, L50|
|poke|p1|Dusknoir, L50, F|
|poke|p1|Slowking, L50, M|
|poke|p1|Chandelure, L50, F|
|poke|p2|Miraidon, L50|
|poke|p2|Zamazenta-*, L50|
|poke|p2|Rillaboom, L50, M|
|poke|p2|Iron Treads, L50|
|poke|p2|Whimsicott, L50, M|
|poke|p2|Urshifu-*, L50, F|
|teampreview|4
|inactive|Battle timer is ON: inactive players will automatically lose when time's up. (requested by Voraxu)
|
|t:|1750731955
|start
|switch|p1a: Dusknoir|Dusknoir, L50, F|100/100
|switch|p1b: Ursaluna|Ursaluna, L50, M|100/100
|switch|p2a: Scott Cotton|Whimsicott, L50, M, shiny|100/100
|switch|p2b: Kong|Rillaboom, L50, M|100/100
|-fieldstart|move: Grassy Terrain|[from] ability: Grassy Surge|[of] p2b: Kong
|-ability|p1a: Dusknoir|Pressure
|turn|1
|inactive|Voraxu has 30 seconds left.
|
|t:|1750731982
|move|p2b: Kong|Fake Out|p1b: Ursaluna
|-damage|p1b: Ursaluna|90/100
|move|p2a: Scott Cotton|Encore||[still]
|-fail|p2a: Scott Cotton
|cant|p1b: Ursaluna|flinch
|move|p1a: Dusknoir|Trick Room|p1a: Dusknoir
|-fieldstart|move: Trick Room|[of] p1a: Dusknoir
|
|-heal|p1b: Ursaluna|96/100|[from] Grassy Terrain
|-status|p1b: Ursaluna|brn|[from] item: Flame Orb
|upkeep
|turn|2
|
|t:|1750732002
|switch|p1a: Chandelure|Chandelure, L50, F|100/100
|move|p2a: Scott Cotton|Encore||[still]
|-fail|p2a: Scott Cotton
|move|p1b: Ursaluna|Facade|p2b: Kong
|-damage|p2b: Kong|0 fnt
|faint|p2b: Kong
|
|-heal|p1b: Ursaluna|100/100 brn|[from] Grassy Terrain
|-damage|p1b: Ursaluna|95/100 brn|[from] brn
|upkeep
|
|t:|1750732017
|switch|p2b: Karatê Kid|Urshifu-Rapid-Strike, L50, F|100/100
|turn|3
|
|t:|1750732030
|move|p2a: Scott Cotton|Protect|p2a: Scott Cotton
|-singleturn|p2a: Scott Cotton|Protect
|move|p1b: Ursaluna|Facade|p2b: Karatê Kid
|-damage|p2b: Karatê Kid|0 fnt
|faint|p2b: Karatê Kid
|move|p1a: Chandelure|Energy Ball|p2a: Scott Cotton
|-activate|p2a: Scott Cotton|move: Protect
|
|-heal|p1b: Ursaluna|100/100 brn|[from] Grassy Terrain
|-damage|p1b: Ursaluna|95/100 brn|[from] brn
|upkeep
|
|t:|1750732043
|switch|p2b: Kawasaki|Miraidon, L50|100/100
|-fieldstart|move: Electric Terrain|[from] ability: Hadron Engine|[of] p2b: Kawasaki
|turn|4
|
|t:|1750732055
|-terastallize|p2b: Kawasaki|Fairy
|move|p2a: Scott Cotton|Helping Hand|p2b: Kawasaki
|-singleturn|p2b: Kawasaki|Helping Hand|[of] p2a: Scott Cotton
|move|p1b: Ursaluna|Earthquake|p2b: Kawasaki|[spread] p1a,p2a,p2b
|-supereffective|p1a: Chandelure
|-resisted|p2a: Scott Cotton
|-damage|p1a: Chandelure|0 fnt
|-damage|p2a: Scott Cotton|74/100
|-damage|p2b: Kawasaki|26/100
|faint|p1a: Chandelure
|move|p2b: Kawasaki|Dazzling Gleam|p1b: Ursaluna
|-damage|p1b: Ursaluna|0 fnt
|faint|p1b: Ursaluna
|
|upkeep
|
|t:|1750732066
|switch|p1b: Honchkrow|Honchkrow, L50, F|100/100
|switch|p1a: Dusknoir|Dusknoir, L50, F|100/100
|-ability|p1a: Dusknoir|Pressure
|turn|5
|
|t:|1750732085
|move|p2a: Scott Cotton|Helping Hand|p2b: Kawasaki
|-singleturn|p2b: Kawasaki|Helping Hand|[of] p2a: Scott Cotton
|move|p1a: Dusknoir|Phantom Force||[still]
|-prepare|p1a: Dusknoir|Phantom Force
|move|p1b: Honchkrow|Drill Peck|p2b: Kawasaki
|-damage|p2b: Kawasaki|0 fnt
|faint|p2b: Kawasaki
|-ability|p1b: Honchkrow|Moxie|boost
|-boost|p1b: Honchkrow|atk|1
|
|-fieldend|move: Trick Room
|upkeep
|turn|6
|-message|Voraxu forfeited.
|
|win|ggmotox
|raw|ggmotox's rating: 1093 &rarr; <strong>1121</strong><br />(+28 for winning)
|raw|Voraxu's rating: 1122 &rarr; <strong>1095</strong><br />(-27 for losing)
|l|☆ggmotox
|player|p1|
|l|☆Voraxu
|player|p2|
