|j|☆radiomochi
|j|☆cvcvnvc
|t:|1750764299
|gametype|doubles
|player|p1|radiomochi|fisherman-gen4|1058
|player|p2|cvcvnvc|1|1040
|teamsize|p1|6
|teamsize|p2|6
|gen|9
|tier|[Gen 9] VGC 2025 Reg I
|rated|
|rule|Species Clause: Limit one of each Pokémon
|rule|Item Clause: Limit 1 of each item
|clearpoke
|poke|p1|Terapagos, L50, M|
|poke|p1|Koraidon, L50|
|poke|p1|Ogerpon-Hearthflame, L50, F|
|poke|p1|Roaring Moon, L50|
|poke|p1|Farigiraf, L50, F|
|poke|p1|Rillaboom, L50, F|
|poke|p2|Ting-Lu, L50|
|poke|p2|Annihilape, L50, F|
|poke|p2|Calyrex-Ice, L50|
|poke|p2|Brute Bonnet, L50|
|poke|p2|Koraidon, L50|
|poke|p2|Ursaluna, L50, F|
|teampreview|4
cvcvnvc rejected open team sheets.
|inactive|Battle timer is ON: inactive players will automatically lose when time's up. (requested by radiomochi)
|inactive|radiomochi has 60 seconds left.
|inactive|cvcvnvc has 60 seconds left.
|
|t:|1750764362
|start
|switch|p1a: Ogerpon|Ogerpon-Hearthflame, L50, F|100/100
|switch|p1b: Rillaboom|Rillaboom, L50, F|100/100
|switch|p2a: Annihilape|Annihilape, L50, F|100/100
|switch|p2b: Calyrex|Calyrex-Ice, L50|100/100
|-ability|p2b: Calyrex|As One
|-ability|p2b: Calyrex|Unnerve
|-ability|p1a: Ogerpon|Mold Breaker
|-fieldstart|move: Grassy Terrain|[from] ability: Grassy Surge|[of] p1b: Rillaboom
|turn|1
|inactive|radiomochi has 30 seconds left.
|inactive|cvcvnvc has 30 seconds left.
|inactive|radiomochi has 20 seconds left.
|inactive|cvcvnvc has 20 seconds left.
|inactive|radiomochi has 15 seconds left.
|inactive|cvcvnvc has 15 seconds left.
|inactive|radiomochi has 10 seconds left.
|inactive|cvcvnvc has 10 seconds left.
|
|t:|1750764410
|move|p2b: Calyrex|Protect|p2b: Calyrex
|-singleturn|p2b: Calyrex|Protect
|move|p1b: Rillaboom|Fake Out|p2b: Calyrex
|-activate|p2b: Calyrex|move: Protect
|move|p2a: Annihilape|U-turn|p1a: Ogerpon
|-damage|p1a: Ogerpon|81/100
|
|t:|1750764422
|switch|p2a: Koraidon|Koraidon, L50|100/100|[from] U-turn
|-weather|SunnyDay|[from] ability: Orichalcum Pulse|[of] p2a: Koraidon
|-activate|p2a: Koraidon|Orichalcum Pulse|[source]
|move|p1a: Ogerpon|Ivy Cudgel|p2a: Koraidon|[anim] Ivy Cudgel Fire
|-resisted|p2a: Koraidon
|-damage|p2a: Koraidon|56/100
|
|-weather|SunnyDay|[upkeep]
|-heal|p2a: Koraidon|62/100|[from] Grassy Terrain
|-heal|p1a: Ogerpon|87/100|[from] Grassy Terrain
|upkeep
|turn|2
|inactive|radiomochi has 30 seconds left.
|inactive|cvcvnvc has 30 seconds left.
|inactive|radiomochi has 20 seconds left.
|
|t:|1750764461
|-terastallize|p2b: Calyrex|Fire
|move|p1a: Ogerpon|Follow Me|p1a: Ogerpon
|-singleturn|p1a: Ogerpon|move: Follow Me
|move|p2a: Koraidon|Flare Blitz|p1a: Ogerpon
|-damage|p1a: Ogerpon|0 fnt
|faint|p1a: Ogerpon
|-damage|p2a: Koraidon|33/100|[from] Recoil
|-damage|p2a: Koraidon|23/100|[from] item: Life Orb
|move|p1b: Rillaboom|U-turn|p2b: Calyrex
|-resisted|p2b: Calyrex
|-damage|p2b: Calyrex|94/100
|
|t:|1750764476
|switch|p1b: Farigiraf|Farigiraf, L50, F|100/100|[from] U-turn
|-enditem|p1b: Farigiraf|Grassy Seed
|-boost|p1b: Farigiraf|def|1|[from] item: Grassy Seed
|move|p2b: Calyrex|Glacial Lance|p1b: Farigiraf
|-damage|p1b: Farigiraf|70/100
|
|-weather|SunnyDay|[upkeep]
|-heal|p2a: Koraidon|29/100|[from] Grassy Terrain
|-heal|p1b: Farigiraf|76/100|[from] Grassy Terrain
|-heal|p2b: Calyrex|99/100|[from] Grassy Terrain
|-heal|p2b: Calyrex|100/100|[from] item: Leftovers
|upkeep
|
|t:|1750764487
|switch|p1a: Terapagos|Terapagos, L50, M|100/100
|-activate|p1a: Terapagos|ability: Tera Shift
|detailschange|p1a: Terapagos|Terapagos-Terastal, L50, M
|-heal|p1a: Terapagos|100/100|[silent]
|turn|3
|inactive|radiomochi has 30 seconds left.
|inactive|radiomochi has 20 seconds left.
|inactive|radiomochi has 15 seconds left.
|
|t:|1750764530
|switch|p2b: Ting-Lu|Ting-Lu, L50|100/100
|-ability|p2b: Ting-Lu|Vessel of Ruin
|-terastallize|p1b: Farigiraf|Water
|move|p2a: Koraidon|Protect|p2a: Koraidon
|-singleturn|p2a: Koraidon|Protect
|move|p1a: Terapagos|Calm Mind|p1a: Terapagos
|-boost|p1a: Terapagos|spa|1
|-boost|p1a: Terapagos|spd|1
|move|p1b: Farigiraf|Foul Play|p2a: Koraidon
|-activate|p2a: Koraidon|move: Protect
|
|-weather|SunnyDay|[upkeep]
|-heal|p2a: Koraidon|35/100|[from] Grassy Terrain
|-heal|p1b: Farigiraf|83/100|[from] Grassy Terrain
|upkeep
|turn|4
|inactive|radiomochi has 30 seconds left.
|inactive|radiomochi has 20 seconds left.
|
|t:|1750764566
|switch|p2a: Calyrex|Calyrex-Ice, L50, tera:Fire|100/100
|-ability|p2a: Calyrex|As One
|-ability|p2a: Calyrex|Unnerve
|move|p1a: Terapagos|Protect|p1a: Terapagos
|-singleturn|p1a: Terapagos|Protect
|move|p1b: Farigiraf|Psychic|p2a: Calyrex
|-damage|p2a: Calyrex|85/100
|move|p2b: Ting-Lu|Ruination|p1a: Terapagos
|-activate|p1a: Terapagos|move: Protect
|
|-weather|SunnyDay|[upkeep]
|-heal|p1b: Farigiraf|89/100|[from] Grassy Terrain
|-heal|p2a: Calyrex|90/100|[from] Grassy Terrain
|-heal|p2a: Calyrex|96/100|[from] item: Leftovers
|upkeep
|turn|5
|inactive|radiomochi has 30 seconds left.
|
|t:|1750764595
|move|p1b: Farigiraf|Helping Hand|p1a: Terapagos
|-singleturn|p1a: Terapagos|Helping Hand|[of] p1b: Farigiraf
|move|p1a: Terapagos|Earth Power|p2a: Calyrex
|-supereffective|p2a: Calyrex
|-damage|p2a: Calyrex|45/100
|move|p2a: Calyrex|Leech Seed|p1a: Terapagos
|-start|p1a: Terapagos|move: Leech Seed
|move|p2b: Ting-Lu|Ruination|p1a: Terapagos
|-damage|p1a: Terapagos|50/100
|
|-weather|none
|-heal|p1a: Terapagos|57/100|[from] Grassy Terrain
|-heal|p1a: Terapagos|63/100|[from] item: Leftovers
|-heal|p1b: Farigiraf|95/100|[from] Grassy Terrain
|-heal|p2a: Calyrex|51/100|[from] Grassy Terrain
|-heal|p2a: Calyrex|57/100|[from] item: Leftovers
|-damage|p1a: Terapagos|50/100|[from] Leech Seed|[of] p2a: Calyrex
|-heal|p2a: Calyrex|68/100|[silent]
|-fieldend|move: Grassy Terrain
|upkeep
|turn|6
|inactive|radiomochi has 30 seconds left.
|inactive|cvcvnvc has 30 seconds left.
|
|t:|1750764625
|switch|p1a: Rillaboom|Rillaboom, L50, F|100/100
|-fieldstart|move: Grassy Terrain|[from] ability: Grassy Surge|[of] p1a: Rillaboom
|move|p2a: Calyrex|Protect|p2a: Calyrex
|-singleturn|p2a: Calyrex|Protect
|move|p1b: Farigiraf|Foul Play|p2a: Calyrex
|-activate|p2a: Calyrex|move: Protect
|move|p2b: Ting-Lu|Body Press|p1a: Rillaboom
|-damage|p1a: Rillaboom|74/100
|
|-heal|p1a: Rillaboom|80/100|[from] Grassy Terrain
|-heal|p1b: Farigiraf|100/100|[from] Grassy Terrain
|-heal|p2a: Calyrex|74/100|[from] Grassy Terrain
|-heal|p2a: Calyrex|80/100|[from] item: Leftovers
|upkeep
|turn|7
|inactive|radiomochi has 30 seconds left.
|inactive|cvcvnvc has 30 seconds left.
|
|t:|1750764657
|switch|p2b: Koraidon|Koraidon, L50|35/100
|-weather|SunnyDay|[from] ability: Orichalcum Pulse|[of] p2b: Koraidon
|-activate|p2b: Koraidon|Orichalcum Pulse|[source]
|move|p1a: Rillaboom|Wood Hammer|p2b: Koraidon
|-resisted|p2b: Koraidon
|-damage|p2b: Koraidon|0 fnt
|faint|p2b: Koraidon
|-damage|p1a: Rillaboom|70/100|[from] Recoil
|move|p1b: Farigiraf|Foul Play|p2a: Calyrex
|-damage|p2a: Calyrex|59/100
|move|p2a: Calyrex|Leech Seed|p1b: Farigiraf
|-start|p1b: Farigiraf|move: Leech Seed
|
|-weather|SunnyDay|[upkeep]
|-heal|p1a: Rillaboom|76/100|[from] Grassy Terrain
|-heal|p2a: Calyrex|65/100|[from] Grassy Terrain
|-heal|p2a: Calyrex|71/100|[from] item: Leftovers
|-damage|p1b: Farigiraf|88/100|[from] Leech Seed|[of] p2a: Calyrex
|-heal|p2a: Calyrex|84/100|[silent]
|upkeep
|inactive|cvcvnvc has 30 seconds left.
|
|t:|1750764682
|switch|p2b: Annihilape|Annihilape, L50, F|100/100
|turn|8
|inactive|radiomochi has 30 seconds left.
|
|t:|1750764708
|move|p1a: Rillaboom|Grassy Glide|p2b: Annihilape
|-damage|p2b: Annihilape|66/100
|move|p2b: Annihilape|Coaching|p2a: Calyrex
|-boost|p2a: Calyrex|atk|1
|-boost|p2a: Calyrex|def|1
|move|p1b: Farigiraf|Psychic|p2b: Annihilape
|-supereffective|p2b: Annihilape
|-damage|p2b: Annihilape|0 fnt
|faint|p2b: Annihilape
|move|p2a: Calyrex|Glacial Lance|p1b: Farigiraf|[spread] p1a,p1b
|-supereffective|p1a: Rillaboom
|-resisted|p1b: Farigiraf
|-damage|p1a: Rillaboom|0 fnt
|-damage|p1b: Farigiraf|71/100
|faint|p1a: Rillaboom
|-ability|p2a: Calyrex|Chilling Neigh|boost
|-boost|p2a: Calyrex|atk|1
|
|-weather|SunnyDay|[upkeep]
|-heal|p1b: Farigiraf|77/100|[from] Grassy Terrain
|-heal|p2a: Calyrex|89/100|[from] Grassy Terrain
|-heal|p2a: Calyrex|95/100|[from] item: Leftovers
|-damage|p1b: Farigiraf|64/100|[from] Leech Seed|[of] p2a: Calyrex
|-heal|p2a: Calyrex|100/100|[silent]
|upkeep
|
|t:|1750764727
|switch|p2b: Ting-Lu|Ting-Lu, L50|100/100
|switch|p1a: Terapagos|Terapagos-Terastal, L50, M|50/100
|-ability|p2b: Ting-Lu|Vessel of Ruin
|turn|9
|
|t:|1750764750
|move|p1a: Terapagos|Protect|p1a: Terapagos
|-singleturn|p1a: Terapagos|Protect
|move|p1b: Farigiraf|Foul Play|p2a: Calyrex
|-damage|p2a: Calyrex|74/100
|move|p2a: Calyrex|Leech Seed|p1a: Terapagos
|-activate|p1a: Terapagos|move: Protect
|move|p2b: Ting-Lu|Ruination|p1b: Farigiraf|[miss]
|-miss|p2b: Ting-Lu|p1b: Farigiraf
|
|-weather|SunnyDay|[upkeep]
|-heal|p1a: Terapagos|57/100|[from] Grassy Terrain
|-heal|p1a: Terapagos|63/100|[from] item: Leftovers
|-heal|p1b: Farigiraf|71/100|[from] Grassy Terrain
|-heal|p2a: Calyrex|80/100|[from] Grassy Terrain
|-heal|p2a: Calyrex|86/100|[from] item: Leftovers
|-damage|p1b: Farigiraf|58/100|[from] Leech Seed|[of] p2a: Calyrex
|-heal|p2a: Calyrex|99/100|[silent]
|upkeep
|turn|10
|inactive|radiomochi has 30 seconds left.
|
|t:|1750764777
|move|p2a: Calyrex|Protect|p2a: Calyrex
|-singleturn|p2a: Calyrex|Protect
|move|p1a: Terapagos|Earth Power|p2a: Calyrex
|-activate|p2a: Calyrex|move: Protect
|move|p1b: Farigiraf|Foul Play|p2a: Calyrex
|-activate|p2a: Calyrex|move: Protect
|move|p2b: Ting-Lu|Body Press|p1a: Terapagos
|-supereffective|p1a: Terapagos
|-crit|p1a: Terapagos
|-damage|p1a: Terapagos|0 fnt
|faint|p1a: Terapagos
|
|-weather|SunnyDay|[upkeep]
|-heal|p1b: Farigiraf|64/100|[from] Grassy Terrain
|-heal|p2a: Calyrex|100/100|[from] Grassy Terrain
|-damage|p1b: Farigiraf|52/100|[from] Leech Seed|[of] p2a: Calyrex
|-fieldend|move: Grassy Terrain
|upkeep
|turn|11
|-message|radiomochi forfeited.
|
|win|cvcvnvc
|raw|radiomochi's rating: 1058 &rarr; <strong>1038</strong><br />(-20 for losing)
|raw|cvcvnvc's rating: 1040 &rarr; <strong>1076</strong><br />(+36 for winning)
