|j|☆naibot2814
|j|☆peter_polenta
|t:|1750871766
|gametype|doubles
|player|p1|naibot2814|ghetsis|1605
|player|p2|peter_polenta|1|1650
|teamsize|p1|6
|teamsize|p2|6
|gen|9
|tier|[Gen 9] VGC 2025 Reg I
|rated|
|rule|Species Clause: Limit one of each Pokémon
|rule|Item Clause: Limit 1 of each item
|clearpoke
|poke|p1|Zamazenta-*, L50|
|poke|p1|Ogerpon-Hearthflame, L50, F|
|poke|p1|Calyrex-Shadow, L50|
|poke|p1|Incineroar, L50, M|
|poke|p1|Rillaboom, L50, M|
|poke|p1|Raging Bolt, L50|
|poke|p2|Calyrex-Ice, L50|
|poke|p2|Miraidon, L50|
|poke|p2|Grimmsnarl, L50, M|
|poke|p2|Urshifu-*, L50, M|
|poke|p2|Incineroar, L50, M|
|poke|p2|Landorus, L50, M|
|teampreview|4
|inactive|Battle timer is ON: inactive players will automatically lose when time's up. (requested by peter_polenta)
|
|t:|1750871786
|start
|switch|p1a: Calyrex|Calyrex-Shadow, L50|100/100
|switch|p1b: Incineroar|Incineroar, L50, M|100/100
|switch|p2a: Grimmsnarl|Grimmsnarl, L50, M|100/100
|switch|p2b: Miraidon|Miraidon, L50|100/100
|-ability|p1a: Calyrex|As One
|-ability|p1a: Calyrex|Unnerve
|-fieldstart|move: Electric Terrain|[from] ability: Hadron Engine|[of] p2b: Miraidon
|-ability|p1b: Incineroar|Intimidate|boost
|-unboost|p2a: Grimmsnarl|atk|1
|-unboost|p2b: Miraidon|atk|1
|turn|1
|
|t:|1750871804
|switch|p1a: Rillaboom|Rillaboom, L50, M|100/100
|-fieldstart|move: Grassy Terrain|[from] ability: Grassy Surge|[of] p1a: Rillaboom
|move|p1b: Incineroar|Fake Out|p2a: Grimmsnarl
|-damage|p2a: Grimmsnarl|90/100
|cant|p2a: Grimmsnarl|flinch
|move|p2b: Miraidon|Electro Drift|p1a: Rillaboom
|-resisted|p1a: Rillaboom
|-damage|p1a: Rillaboom|75/100
|
|-heal|p1a: Rillaboom|81/100|[from] Grassy Terrain
|-heal|p2a: Grimmsnarl|96/100|[from] Grassy Terrain
|upkeep
|turn|2
|
|t:|1750871822
|move|p1a: Rillaboom|Fake Out|p2a: Grimmsnarl
|-damage|p2a: Grimmsnarl|81/100
|cant|p2a: Grimmsnarl|flinch
|move|p2b: Miraidon|Electro Drift|p1b: Incineroar
|-damage|p1b: Incineroar|35/100
|-damage|p2b: Miraidon|84/100|[from] item: Rocky Helmet|[of] p1b: Incineroar
|move|p1b: Incineroar|Knock Off|p2b: Miraidon
|-damage|p2b: Miraidon|53/100
|-enditem|p2b: Miraidon|Choice Specs|[from] move: Knock Off|[of] p1b: Incineroar
|
|-heal|p2b: Miraidon|59/100|[from] Grassy Terrain
|-heal|p1a: Rillaboom|87/100|[from] Grassy Terrain
|-heal|p1b: Incineroar|41/100|[from] Grassy Terrain
|-heal|p2a: Grimmsnarl|87/100|[from] Grassy Terrain
|upkeep
|turn|3
|
|t:|1750871845
|move|p1b: Incineroar|Helping Hand|p1a: Rillaboom
|-singleturn|p1a: Rillaboom|Helping Hand|[of] p1b: Incineroar
|move|p2a: Grimmsnarl|Reflect|p2a: Grimmsnarl
|-sidestart|p2: peter_polenta|Reflect
|move|p2b: Miraidon|Draco Meteor|p1b: Incineroar
|-damage|p1b: Incineroar|0 fnt
|-unboost|p2b: Miraidon|spa|2
|faint|p1b: Incineroar
|move|p1a: Rillaboom|Wood Hammer|p2a: Grimmsnarl
|-crit|p2a: Grimmsnarl
|-damage|p2a: Grimmsnarl|0 fnt
|faint|p2a: Grimmsnarl
|-damage|p1a: Rillaboom|58/100|[from] Recoil
|
|-heal|p2b: Miraidon|65/100|[from] Grassy Terrain
|-heal|p1a: Rillaboom|64/100|[from] Grassy Terrain
|upkeep
|j| CilantroPrincess
|
|t:|1750871865
|switch|p1b: Zamazenta|Zamazenta-Crowned, L50|100/100
|switch|p2a: Calyrex|Calyrex-Ice, L50|100/100
|-ability|p2a: Calyrex|As One
|-ability|p2a: Calyrex|Unnerve
|-ability|p1b: Zamazenta|Dauntless Shield|boost
|-boost|p1b: Zamazenta|def|1
|turn|4
|
|t:|1750871881
|move|p1b: Zamazenta|Body Press|p2b: Miraidon
|-damage|p2b: Miraidon|28/100
|move|p2b: Miraidon|Draco Meteor|p1a: Rillaboom
|-damage|p1a: Rillaboom|41/100
|-unboost|p2b: Miraidon|spa|2
|move|p1a: Rillaboom|U-turn|p2b: Miraidon
|-damage|p2b: Miraidon|14/100
|
|t:|1750871890
|switch|p1a: Calyrex|Calyrex-Shadow, L50|100/100|[from] U-turn
|-ability|p1a: Calyrex|As One
|-ability|p1a: Calyrex|Unnerve
|move|p2a: Calyrex|Trick Room|p2a: Calyrex
|-fieldstart|move: Trick Room|[of] p2a: Calyrex
|
|-heal|p2b: Miraidon|20/100|[from] Grassy Terrain
|upkeep
|turn|5
|
|t:|1750871904
|switch|p2b: Landorus|Landorus, L50, M|100/100
|-terastallize|p2a: Calyrex|Water
|move|p1b: Zamazenta|Wide Guard|p1b: Zamazenta
|-singleturn|p1b: Zamazenta|Wide Guard
|move|p2a: Calyrex|Leech Seed|p1b: Zamazenta
|-start|p1b: Zamazenta|move: Leech Seed
|move|p1a: Calyrex|Astral Barrage|p2b: Landorus|[spread] p2a,p2b
|-damage|p2a: Calyrex|57/100
|-damage|p2b: Landorus|32/100
|-damage|p1a: Calyrex|91/100|[from] item: Life Orb
|
|-heal|p2a: Calyrex|63/100|[from] Grassy Terrain
|-heal|p2a: Calyrex|69/100|[from] item: Leftovers
|-heal|p1a: Calyrex|97/100|[from] Grassy Terrain
|-damage|p1b: Zamazenta|88/100|[from] Leech Seed|[of] p2a: Calyrex
|-heal|p2a: Calyrex|79/100|[silent]
|-fieldend|move: Grassy Terrain
|upkeep
|turn|6
|inactive|naibot2814 has 30 seconds left.
|
|t:|1750871931
|-terastallize|p1b: Zamazenta|Dragon
|move|p1b: Zamazenta|Wide Guard|p1b: Zamazenta
|-singleturn|p1b: Zamazenta|Wide Guard
|move|p2a: Calyrex|Glacial Lance|p1a: Calyrex|[spread] 
|-activate|p1a: Calyrex|move: Wide Guard
|-activate|p1b: Zamazenta|move: Wide Guard
|move|p2b: Landorus|Earth Power|p1b: Zamazenta
|-damage|p1b: Zamazenta|38/100
|move|p1a: Calyrex|Astral Barrage|p2a: Calyrex|[spread] p2a,p2b
|-damage|p2a: Calyrex|39/100
|-damage|p2b: Landorus|0 fnt
|faint|p2b: Landorus
|-ability|p1a: Calyrex|Grim Neigh|boost
|-boost|p1a: Calyrex|spa|1
|-damage|p1a: Calyrex|87/100|[from] item: Life Orb
|
|-heal|p2a: Calyrex|45/100|[from] item: Leftovers
|-damage|p1b: Zamazenta|25/100|[from] Leech Seed|[of] p2a: Calyrex
|-heal|p2a: Calyrex|56/100|[silent]
|upkeep
|
|t:|1750871954
|switch|p2b: Miraidon|Miraidon, L50|20/100
|-fieldstart|move: Electric Terrain|[from] ability: Hadron Engine|[of] p2b: Miraidon
|turn|7
|
|t:|1750871965
|switch|p1a: Rillaboom|Rillaboom, L50, M|41/100
|-fieldstart|move: Grassy Terrain|[from] ability: Grassy Surge|[of] p1a: Rillaboom
|move|p1b: Zamazenta|Wide Guard|p1b: Zamazenta
|-singleturn|p1b: Zamazenta|Wide Guard
|move|p2a: Calyrex|Glacial Lance|p1b: Zamazenta|[spread] 
|-activate|p1a: Rillaboom|move: Wide Guard
|-activate|p1b: Zamazenta|move: Wide Guard
|move|p2b: Miraidon|Electro Drift|p1a: Rillaboom
|-resisted|p1a: Rillaboom
|-damage|p1a: Rillaboom|25/100
|
|-heal|p2a: Calyrex|61/100|[from] Grassy Terrain
|-heal|p2a: Calyrex|67/100|[from] item: Leftovers
|-heal|p1a: Rillaboom|31/100|[from] Grassy Terrain
|-heal|p2b: Miraidon|25/100|[from] Grassy Terrain
|-heal|p1b: Zamazenta|32/100|[from] Grassy Terrain
|-damage|p1b: Zamazenta|19/100|[from] Leech Seed|[of] p2a: Calyrex
|-heal|p2a: Calyrex|78/100|[silent]
|upkeep
|turn|8
|inactive|peter_polenta has 30 seconds left.
|
|t:|1750871998
|move|p1a: Rillaboom|Fake Out|p2a: Calyrex
|-damage|p2a: Calyrex|72/100
|cant|p2a: Calyrex|flinch
|move|p2b: Miraidon|Draco Meteor|p1a: Rillaboom
|-damage|p1a: Rillaboom|0 fnt
|-unboost|p2b: Miraidon|spa|2
|faint|p1a: Rillaboom
|move|p1b: Zamazenta|Body Press|p2b: Miraidon
|-damage|p2b: Miraidon|0 fnt
|faint|p2b: Miraidon
|
|-heal|p2a: Calyrex|78/100|[from] Grassy Terrain
|-heal|p2a: Calyrex|84/100|[from] item: Leftovers
|-heal|p1b: Zamazenta|25/100|[from] Grassy Terrain
|-damage|p1b: Zamazenta|13/100|[from] Leech Seed|[of] p2a: Calyrex
|-heal|p2a: Calyrex|95/100|[silent]
|-fieldend|move: Trick Room
|upkeep
|
|t:|1750872015
|switch|p1a: Calyrex|Calyrex-Shadow, L50|87/100
|-ability|p1a: Calyrex|As One
|-ability|p1a: Calyrex|Unnerve
|turn|9
|
|t:|1750872028
|move|p1a: Calyrex|Nasty Plot|p1a: Calyrex
|-boost|p1a: Calyrex|spa|2
|move|p1b: Zamazenta|Body Press|p2a: Calyrex
|-damage|p2a: Calyrex|66/100
|move|p2a: Calyrex|Leech Seed|p1a: Calyrex
|-start|p1a: Calyrex|move: Leech Seed
|
|-heal|p1a: Calyrex|94/100|[from] Grassy Terrain
|-heal|p1b: Zamazenta|19/100|[from] Grassy Terrain
|-heal|p2a: Calyrex|72/100|[from] Grassy Terrain
|-heal|p2a: Calyrex|77/100|[from] item: Leftovers
|-damage|p1a: Calyrex|81/100|[from] Leech Seed|[of] p2a: Calyrex
|-heal|p2a: Calyrex|88/100|[silent]
|-damage|p1b: Zamazenta|7/100|[from] Leech Seed|[of] p2a: Calyrex
|-heal|p2a: Calyrex|99/100|[silent]
|upkeep
|turn|10
|
|t:|1750872046
|move|p2a: Calyrex|Protect|p2a: Calyrex
|-singleturn|p2a: Calyrex|Protect
|move|p1b: Zamazenta|Wide Guard|p1b: Zamazenta
|-singleturn|p1b: Zamazenta|Wide Guard
|move|p1a: Calyrex|Astral Barrage|p2a: Calyrex
|-activate|p2a: Calyrex|move: Protect
|
|-heal|p1a: Calyrex|87/100|[from] Grassy Terrain
|-heal|p1b: Zamazenta|13/100|[from] Grassy Terrain
|-heal|p2a: Calyrex|100/100|[from] Grassy Terrain
|-damage|p1a: Calyrex|75/100|[from] Leech Seed|[of] p2a: Calyrex
|-damage|p1b: Zamazenta|1/100|[from] Leech Seed|[of] p2a: Calyrex
|-sideend|p2: peter_polenta|Reflect
|upkeep
|turn|11
|
|t:|1750872068
|move|p1a: Calyrex|Astral Barrage|p2a: Calyrex
|-damage|p2a: Calyrex|0 fnt
|faint|p2a: Calyrex
|-damage|p1a: Calyrex|65/100|[from] item: Life Orb
|
|win|naibot2814
|raw|naibot2814's rating: 1605 &rarr; <strong>1628</strong><br />(+23 for winning)
|raw|peter_polenta's rating: 1650 &rarr; <strong>1627</strong><br />(-23 for losing)
|l|☆peter_polenta
|player|p2|
