|j|☆alecfromkanto
|j|☆Yugi wit da hoodie
|t:|1750808030
|gametype|doubles
|player|p1|alecfromkanto|cynthia|1361
|player|p2|Yugi wit da hoodie|265|1359
|teamsize|p1|6
|teamsize|p2|6
|gen|9
|tier|[Gen 9] VGC 2025 Reg I
|rated|
|rule|Species Clause: Limit one of each Pokémon
|rule|Item Clause: Limit 1 of each item
|clearpoke
|poke|p1|Miraidon, L50|
|poke|p1|Incineroar, L50, M|
|poke|p1|Grimmsnarl, L50, M|
|poke|p1|Flutter Mane, L50|
|poke|p1|Groudon, L50|
|poke|p1|Iron Hands, L50|
|poke|p2|Terapagos, L50, M|
|poke|p2|Ogerpon-Cornerstone, L50, F|
|poke|p2|Regidrago, L50|
|poke|p2|Tinkaton, L50, F|
|poke|p2|Hitmontop, L50, M|
|poke|p2|Salazzle, L50, F|
|teampreview|4
|inactive|Battle timer is ON: inactive players will automatically lose when time's up. (requested by alecfromkanto)
|inactive|Yugi wit da hoodie has 60 seconds left.
|
|t:|1750808065
|start
|switch|p1a: Incineroar|Incineroar, L50, M, shiny|100/100
|switch|p1b: Iron Hands|Iron Hands, L50, shiny|100/100
|switch|p2a: Tinkaton|Tinkaton, L50, F|100/100
|switch|p2b: Crush|Terapagos, L50, M|100/100
|-activate|p2b: Crush|ability: Tera Shift
|detailschange|p2b: Crush|Terapagos-Terastal, L50, M
|-heal|p2b: Crush|100/100|[silent]
|-ability|p2a: Tinkaton|Mold Breaker
|-ability|p1a: Incineroar|Intimidate|boost
|-unboost|p2a: Tinkaton|atk|1
|-unboost|p2b: Crush|atk|1
|turn|1
|inactive|alecfromkanto has 30 seconds left.
|inactive|alecfromkanto has 20 seconds left.
|inactive|alecfromkanto has 15 seconds left.
|
|t:|1750808108
|move|p2a: Tinkaton|Fake Out|p1b: Iron Hands
|-damage|p1b: Iron Hands|97/100
|move|p1a: Incineroar|Fake Out|p2b: Crush
|-activate|p2b: Crush|ability: Tera Shell
|-resisted|p2b: Crush
|-damage|p2b: Crush|96/100
|cant|p2b: Crush|flinch
|cant|p1b: Iron Hands|flinch
|
|-heal|p2b: Crush|100/100|[from] item: Leftovers
|upkeep
|turn|2
|inactive|Yugi wit da hoodie has 30 seconds left.
|inactive|Yugi wit da hoodie has 20 seconds left.
|
|t:|1750808146
|move|p2b: Crush|Protect|p2b: Crush
|-singleturn|p2b: Crush|Protect
|move|p2a: Tinkaton|Knock Off|p1b: Iron Hands
|-resisted|p1b: Iron Hands
|-damage|p1b: Iron Hands|93/100
|-enditem|p1b: Iron Hands|Choice Band|[from] move: Knock Off|[of] p2a: Tinkaton
|move|p1a: Incineroar|Knock Off|p2b: Crush
|-activate|p2b: Crush|move: Protect
|move|p1b: Iron Hands|Drain Punch|p2b: Crush
|-activate|p2b: Crush|move: Protect
|
|upkeep
|turn|3
|inactive|alecfromkanto has 30 seconds left.
|inactive|Yugi wit da hoodie has 30 seconds left.
|
|t:|1750808180
|move|p2a: Tinkaton|Knock Off|p1a: Incineroar
|-resisted|p1a: Incineroar
|-damage|p1a: Incineroar|96/100
|-enditem|p1a: Incineroar|Assault Vest|[from] move: Knock Off|[of] p2a: Tinkaton
|move|p2b: Crush|Calm Mind|p2b: Crush
|-boost|p2b: Crush|spa|1
|-boost|p2b: Crush|spd|1
|move|p1a: Incineroar|Knock Off|p2b: Crush
|-activate|p2b: Crush|ability: Tera Shell
|-resisted|p2b: Crush
|-damage|p2b: Crush|88/100
|-enditem|p2b: Crush|Leftovers|[from] move: Knock Off|[of] p1a: Incineroar
|move|p1b: Iron Hands|Low Kick|p2a: Tinkaton
|-damage|p2a: Tinkaton|42/100
|
|upkeep
|turn|4
|inactive|alecfromkanto has 30 seconds left.
|inactive|Yugi wit da hoodie has 30 seconds left.
|inactive|Yugi wit da hoodie has 20 seconds left.
|inactive|alecfromkanto has 20 seconds left.
|inactive|Yugi wit da hoodie has 15 seconds left.
|inactive|Yugi wit da hoodie has 10 seconds left.
|
|t:|1750808229
|-terastallize|p2b: Crush|Stellar
|detailschange|p2b: Crush|Terapagos-Stellar, L50, M, tera:Stellar
|-heal|p2b: Crush|91/100|[silent]
|move|p2a: Tinkaton|Gigaton Hammer|p1b: Iron Hands
|-resisted|p1b: Iron Hands
|-damage|p1b: Iron Hands|83/100
|move|p2b: Crush|Earth Power|p1b: Iron Hands
|-supereffective|p1b: Iron Hands
|-damage|p1b: Iron Hands|0 fnt
|faint|p1b: Iron Hands
|-end|p1b: Iron Hands|Quark Drive|[silent]
|move|p1a: Incineroar|U-turn|p2b: Crush
|-crit|p2b: Crush
|-damage|p2b: Crush|77/100
|
|t:|1750808238
|switch|p1a: Miraidon|Miraidon, L50|100/100|[from] U-turn
|-fieldstart|move: Electric Terrain|[from] ability: Hadron Engine|[of] p1a: Miraidon
|
|upkeep
|
|t:|1750808239
|switch|p1b: Groudon|Groudon, L50, shiny|100/100
|-weather|SunnyDay|[from] ability: Drought|[of] p1b: Groudon
|turn|5
|inactive|alecfromkanto has 30 seconds left.
|inactive|alecfromkanto has 20 seconds left.
|
|t:|1750808275
|switch|p2a: Randall|Salazzle, L50, F, shiny|100/100
|move|p1a: Miraidon|Discharge|p2a: Randall|[spread] p2a,p2b
|-immune|p1b: Groudon
|-enditem|p2a: Randall|Focus Sash
|-damage|p2a: Randall|1/100
|-damage|p2b: Crush|53/100
|-status|p2a: Randall|par
|move|p1b: Groudon|Precipice Blades|p2b: Crush|[spread] p2b
|-miss|p1b: Groudon|p2a: Randall
|-damage|p2b: Crush|21/100
|move|p2b: Crush|Tera Starstorm|p1b: Groudon|[spread] p1a,p1b
|-damage|p1a: Miraidon|57/100
|-damage|p1b: Groudon|48/100
|
|-weather|SunnyDay|[upkeep]
|upkeep
|turn|6
|inactive|alecfromkanto has 30 seconds left.
|inactive|Yugi wit da hoodie has 30 seconds left.
|inactive|alecfromkanto has 20 seconds left.
|inactive|alecfromkanto has 15 seconds left.
|inactive|alecfromkanto has 10 seconds left.
|inactive|alecfromkanto has 5 seconds left.
|
|t:|1750808327
|move|p2a: Randall|Fake Out|p1a: Miraidon
|-damage|p1a: Miraidon|51/100
|cant|p1a: Miraidon|flinch
|move|p1b: Groudon|Fire Punch|p2b: Crush
|-damage|p2b: Crush|0 fnt
|faint|p2b: Crush
|detailschange|p2: Crush|Terapagos, L50, M|[silent]
|
|-weather|SunnyDay|[upkeep]
|upkeep
|
|t:|1750808340
|switch|p2b: Wiki-Tiki|Ogerpon-Cornerstone, L50, F|100/100
|turn|7
|
|t:|1750808358
|switch|p1a: Incineroar|Incineroar, L50, M, shiny|96/100
|-ability|p1a: Incineroar|Intimidate|boost
|-fail|p2a: Randall|unboost|Attack|[from] ability: Oblivious|[of] p2a: Randall
|-unboost|p2b: Wiki-Tiki|atk|1
|move|p1b: Groudon|Protect|p1b: Groudon
|-singleturn|p1b: Groudon|Protect
|move|p2b: Wiki-Tiki|Ivy Cudgel|p1a: Incineroar|[anim] Ivy Cudgel Rock
|-supereffective|p1a: Incineroar
|-crit|p1a: Incineroar
|-damage|p1a: Incineroar|0 fnt
|faint|p1a: Incineroar
|move|p2a: Randall|Endeavor|p1b: Groudon
|-activate|p1b: Groudon|move: Protect
|
|-weather|SunnyDay|[upkeep]
|upkeep
|
|t:|1750808362
|switch|p1a: Miraidon|Miraidon, L50|51/100
|-activate|p1a: Miraidon|ability: Hadron Engine
|turn|8
|inactive|alecfromkanto has 30 seconds left.
|inactive|alecfromkanto has 20 seconds left.
|-message|Yugi wit da hoodie forfeited.
|
|win|alecfromkanto
|raw|alecfromkanto's rating: 1361 &rarr; <strong>1381</strong><br />(+20 for winning)
|raw|Yugi wit da hoodie's rating: 1359 &rarr; <strong>1339</strong><br />(-20 for losing)
