|j|☆Jackbouncy
|j|☆Maintain.keep
|t:|1750772495
|gametype|doubles
|player|p1|Jackbouncy|102|1519
|player|p2|Maintain.keep|1|1495
|teamsize|p1|6
|teamsize|p2|6
|gen|9
|tier|[Gen 9] VGC 2025 Reg I
|rated|
|rule|Species Clause: Limit one of each Pokémon
|rule|Item Clause: Limit 1 of each item
|clearpoke
|poke|p1|Lugia, L50|
|poke|p1|Grimmsnarl, L50, M|
|poke|p1|Kyogre, L50|
|poke|p1|Whimsicott, L50, F|
|poke|p1|Rillaboom, L50, M|
|poke|p1|Archaludon, L50, F|
|poke|p2|Miraidon, L50|
|poke|p2|Zamazenta-*, L50|
|poke|p2|Chien-Pao, L50|
|poke|p2|Farigiraf, L50, M|
|poke|p2|Whimsicott, L50, M|
|poke|p2|Iron Hands, L50|
|teampreview|4
|
|t:|1750772536
|start
|switch|p1a: Kyogre|Kyogre, L50|100/100
|switch|p1b: Grimmsnarl|Grimmsnarl, L50, M|100/100
|switch|p2a: Miraidon|Miraidon, L50|100/100
|switch|p2b: Iron Hands|Iron Hands, L50|100/100
|-fieldstart|move: Electric Terrain|[from] ability: Hadron Engine|[of] p2a: Miraidon
|-activate|p2b: Iron Hands|ability: Quark Drive
|-start|p2b: Iron Hands|quarkdriveatk
|-weather|RainDance|[from] ability: Drizzle|[of] p1a: Kyogre
|turn|1
|
|t:|1750772556
|switch|p1a: Rillaboom|Rillaboom, L50, M|100/100
|-fieldstart|move: Grassy Terrain|[from] ability: Grassy Surge|[of] p1a: Rillaboom
|-end|p2b: Iron Hands|Quark Drive
|move|p2b: Iron Hands|Fake Out|p1a: Rillaboom
|-damage|p1a: Rillaboom|85/100
|move|p1b: Grimmsnarl|Light Screen|p1b: Grimmsnarl
|-sidestart|p1: Jackbouncy|move: Light Screen
|move|p2a: Miraidon|Dazzling Gleam|p1b: Grimmsnarl|[spread] p1a,p1b
|-supereffective|p1b: Grimmsnarl
|-damage|p1a: Rillaboom|65/100
|-damage|p1b: Grimmsnarl|49/100
|
|-weather|RainDance|[upkeep]
|-heal|p1a: Rillaboom|71/100|[from] Grassy Terrain
|-heal|p1b: Grimmsnarl|55/100|[from] Grassy Terrain
|upkeep
|turn|2
|
|t:|1750772578
|move|p1a: Rillaboom|Fake Out|p2a: Miraidon
|-crit|p2a: Miraidon
|-damage|p2a: Miraidon|83/100
|move|p1b: Grimmsnarl|Reflect|p1b: Grimmsnarl
|-sidestart|p1: Jackbouncy|Reflect
|cant|p2a: Miraidon|flinch
|move|p2b: Iron Hands|Low Kick|p1a: Rillaboom
|-damage|p1a: Rillaboom|41/100
|-enditem|p1a: Rillaboom|Sitrus Berry|[eat]
|-heal|p1a: Rillaboom|66/100|[from] item: Sitrus Berry
|
|-weather|RainDance|[upkeep]
|-heal|p2a: Miraidon|88/100|[from] Grassy Terrain
|-heal|p1a: Rillaboom|72/100|[from] Grassy Terrain
|-heal|p1b: Grimmsnarl|61/100|[from] Grassy Terrain
|upkeep
|turn|3
|
|t:|1750772601
|move|p2a: Miraidon|Dazzling Gleam|p1a: Rillaboom|[spread] p1a,p1b
|-supereffective|p1b: Grimmsnarl
|-damage|p1a: Rillaboom|51/100
|-damage|p1b: Grimmsnarl|13/100
|move|p1a: Rillaboom|U-turn|p2b: Iron Hands
|-resisted|p2b: Iron Hands
|-damage|p2b: Iron Hands|93/100
|
|t:|1750772608
|switch|p1a: Lugia|Lugia, L50|100/100|[from] U-turn
|move|p1b: Grimmsnarl|Spirit Break|p2a: Miraidon
|-supereffective|p2a: Miraidon
|-damage|p2a: Miraidon|26/100
|-unboost|p2a: Miraidon|spa|1
|move|p2b: Iron Hands|Wild Charge|p1b: Grimmsnarl
|-damage|p1b: Grimmsnarl|0 fnt
|faint|p1b: Grimmsnarl
|-damage|p2b: Iron Hands|90/100|[from] Recoil
|
|-weather|RainDance|[upkeep]
|-heal|p2a: Miraidon|31/100|[from] Grassy Terrain
|-heal|p2b: Iron Hands|96/100|[from] Grassy Terrain
|upkeep
|
|t:|1750772624
|switch|p1b: Rillaboom|Rillaboom, L50, M|51/100
|turn|4
|
|t:|1750772639
|switch|p2a: Zamazenta|Zamazenta-Crowned, L50|100/100
|-ability|p2a: Zamazenta|Dauntless Shield|boost
|-boost|p2a: Zamazenta|def|1
|move|p1b: Rillaboom|Fake Out|p2a: Zamazenta
|-resisted|p2a: Zamazenta
|-damage|p2a: Zamazenta|98/100
|move|p1a: Lugia|Calm Mind|p1a: Lugia
|-boost|p1a: Lugia|spa|1
|-boost|p1a: Lugia|spd|1
|move|p2b: Iron Hands|Wild Charge|p1a: Lugia
|-supereffective|p1a: Lugia
|-damage|p1a: Lugia|76/100
|-damage|p2b: Iron Hands|91/100|[from] Recoil
|
|-weather|RainDance|[upkeep]
|-heal|p2a: Zamazenta|100/100|[from] Grassy Terrain
|-heal|p1a: Lugia|82/100|[from] item: Leftovers
|-heal|p1b: Rillaboom|57/100|[from] Grassy Terrain
|-heal|p2b: Iron Hands|97/100|[from] Grassy Terrain
|upkeep
|turn|5
|
|t:|1750772675
|move|p2a: Zamazenta|Body Press|p1b: Rillaboom
|-damage|p1b: Rillaboom|14/100
|move|p1a: Lugia|Psychic|p2b: Iron Hands
|-supereffective|p2b: Iron Hands
|-damage|p2b: Iron Hands|40/100
|-unboost|p2b: Iron Hands|spd|1
|move|p1b: Rillaboom|U-turn|p2b: Iron Hands
|-resisted|p2b: Iron Hands
|-damage|p2b: Iron Hands|32/100
|
|t:|1750772685
|switch|p1b: Kyogre|Kyogre, L50|100/100|[from] U-turn
|move|p2b: Iron Hands|Wild Charge|p1a: Lugia
|-supereffective|p1a: Lugia
|-damage|p1a: Lugia|35/100
|-damage|p2b: Iron Hands|22/100|[from] Recoil
|
|-weather|none
|-heal|p1a: Lugia|41/100|[from] item: Leftovers
|-heal|p2b: Iron Hands|28/100|[from] Grassy Terrain
|-fieldend|move: Grassy Terrain
|upkeep
|turn|6
|
|t:|1750772714
|move|p2a: Zamazenta|Body Press|p1b: Kyogre
|-damage|p1b: Kyogre|61/100
|move|p1a: Lugia|Calm Mind|p1a: Lugia
|-boost|p1a: Lugia|spa|1
|-boost|p1a: Lugia|spd|1
|move|p1b: Kyogre|Water Spout|p2b: Iron Hands|[spread] p2a,p2b
|-damage|p2a: Zamazenta|69/100
|-damage|p2b: Iron Hands|0 fnt
|faint|p2b: Iron Hands
|-end|p2b: Iron Hands|Quark Drive|[silent]
|
|-heal|p1a: Lugia|47/100|[from] item: Leftovers
|upkeep
|
|t:|1750772727
|switch|p2b: Miraidon|Miraidon, L50|31/100
|-fieldstart|move: Electric Terrain|[from] ability: Hadron Engine|[of] p2b: Miraidon
|turn|7
|
|t:|1750772748
|switch|p1b: Rillaboom|Rillaboom, L50, M|14/100
|-fieldstart|move: Grassy Terrain|[from] ability: Grassy Surge|[of] p1b: Rillaboom
|move|p1a: Lugia|Protect|p1a: Lugia
|-singleturn|p1a: Lugia|Protect
|move|p2b: Miraidon|Electro Drift|p1a: Lugia
|-activate|p1a: Lugia|move: Protect
|move|p2a: Zamazenta|Body Press|p1b: Rillaboom
|-damage|p1b: Rillaboom|0 fnt
|faint|p1b: Rillaboom
|
|-heal|p2b: Miraidon|37/100|[from] Grassy Terrain
|-heal|p2a: Zamazenta|75/100|[from] Grassy Terrain
|-heal|p1a: Lugia|53/100|[from] item: Leftovers
|upkeep
|
|t:|1750772766
|switch|p1b: Kyogre|Kyogre, L50|61/100
|-weather|RainDance|[from] ability: Drizzle|[of] p1b: Kyogre
|turn|8
|
|t:|1750772810
|-terastallize|p1b: Kyogre|Grass
|move|p2b: Miraidon|Electro Drift|p1a: Lugia
|-supereffective|p1a: Lugia
|-damage|p1a: Lugia|9/100
|move|p2a: Zamazenta|Body Press|p1b: Kyogre
|-damage|p1b: Kyogre|22/100
|move|p1a: Lugia|Hurricane|p2b: Miraidon
|-resisted|p2b: Miraidon
|-damage|p2b: Miraidon|0 fnt
|faint|p2b: Miraidon
|move|p1b: Kyogre|Ice Beam|p2a: Zamazenta
|-resisted|p2a: Zamazenta
|-damage|p2a: Zamazenta|62/100
|
|-weather|RainDance|[upkeep]
|-heal|p2a: Zamazenta|68/100|[from] Grassy Terrain
|-heal|p1a: Lugia|15/100|[from] item: Leftovers
|-heal|p1b: Kyogre|28/100|[from] Grassy Terrain
|-sideend|p1: Jackbouncy|move: Light Screen
|upkeep
|
|t:|1750772832
|switch|p2b: Chien-Pao|Chien-Pao, L50|100/100
|-ability|p2b: Chien-Pao|Sword of Ruin
|turn|9
|
|t:|1750772842
|move|p1a: Lugia|Protect|p1a: Lugia
|-singleturn|p1a: Lugia|Protect
|move|p2b: Chien-Pao|Crunch|p1a: Lugia
|-activate|p1a: Lugia|move: Protect
|move|p2a: Zamazenta|Body Press|p1b: Kyogre
|-damage|p1b: Kyogre|0 fnt
|faint|p1b: Kyogre
|
|-weather|RainDance|[upkeep]
|-heal|p2a: Zamazenta|74/100|[from] Grassy Terrain
|-heal|p1a: Lugia|21/100|[from] item: Leftovers
|-sideend|p1: Jackbouncy|Reflect
|upkeep
|turn|10
|-message|Jackbouncy forfeited.
|
|win|Maintain.keep
|raw|Jackbouncy's rating: 1519 &rarr; <strong>1498</strong><br />(-21 for losing)
|raw|Maintain.keep's rating: 1495 &rarr; <strong>1516</strong><br />(+21 for winning)
|l|☆Jackbouncy
|player|p1|
|l|☆Maintain.keep
|player|p2|
