|j|☆Boumsong90
|j|☆hdlshshxvqjw
|t:|1750747875
|gametype|doubles
|player|p1|Boumsong90|170|1447
|player|p2|hdlshshxvqjw|102|1376
|teamsize|p1|6
|teamsize|p2|6
|gen|9
|tier|[Gen 9] VGC 2025 Reg I
|rated|
|rule|Species Clause: Limit one of each Pokémon
|rule|Item Clause: Limit 1 of each item
|clearpoke
|poke|p1|Miraidon, L50|
|poke|p1|Lunala, L50|
|poke|p1|Incineroar, L50, M|
|poke|p1|Urshifu-*, L50, M|
|poke|p1|Ursaluna, L50, F|
|poke|p1|Whimsicott, L50, F|
|poke|p2|Ho-Oh, L50|
|poke|p2|Calyrex-Shadow, L50|
|poke|p2|Walking Wake, L50|
|poke|p2|Incineroar, L50, F|
|poke|p2|Landorus, L50, M|
|poke|p2|Toxapex, L50, F|
|teampreview|4
|inactive|Battle timer is ON: inactive players will automatically lose when time's up. (requested by hdlshshxvqjw)
|
|t:|1750747912
|start
|switch|p1a: Miraidon|Miraidon, L50|100/100
|switch|p1b: Lunala|Lunala, L50, shiny|100/100
|switch|p2a: Calyrex|Calyrex-Shadow, L50|100/100
|switch|p2b: Toxapex|Toxapex, L50, F|100/100
|-ability|p2a: Calyrex|As One
|-ability|p2a: Calyrex|Unnerve
|-fieldstart|move: Electric Terrain|[from] ability: Hadron Engine|[of] p1a: Miraidon
|-enditem|p1b: Lunala|Electric Seed
|-boost|p1b: Lunala|def|1|[from] item: Electric Seed
|turn|1
|inactive|Boumsong90 has 30 seconds left.
|
|t:|1750747946
|switch|p2a: Incineroar|Incineroar, L50, F|100/100
|-ability|p2a: Incineroar|Intimidate|boost
|-unboost|p1a: Miraidon|atk|1
|-unboost|p1b: Lunala|atk|1
|-terastallize|p1b: Lunala|Fairy
|move|p2b: Toxapex|Baneful Bunker|p2b: Toxapex
|-singleturn|p2b: Toxapex|move: Protect
|move|p1a: Miraidon|Volt Switch|p2b: Toxapex
|-activate|p2b: Toxapex|move: Protect
|move|p1b: Lunala|Moongeist Beam|p2a: Incineroar
|-resisted|p2a: Incineroar
|-damage|p2a: Incineroar|85/100
|
|upkeep
|turn|2
|inactive|Boumsong90 has 30 seconds left.
|
|t:|1750747973
|move|p2a: Incineroar|Fake Out|p1a: Miraidon
|-damage|p1a: Miraidon|90/100
|cant|p1a: Miraidon|flinch
|move|p1b: Lunala|Moonblast|p2a: Incineroar
|-damage|p2a: Incineroar|53/100
|move|p2b: Toxapex|Toxic Spikes|p1a: Miraidon
|-sidestart|p1: Boumsong90|move: Toxic Spikes
|
|upkeep
|turn|3
|
|t:|1750747987
|move|p2b: Toxapex|Baneful Bunker|p2b: Toxapex
|-singleturn|p2b: Toxapex|move: Protect
|move|p1a: Miraidon|Volt Switch|p2a: Incineroar
|-damage|p2a: Incineroar|0 fnt
|faint|p2a: Incineroar
|
|t:|1750747994
|switch|p1a: Whimsicott|Whimsicott, L50, F|100/100|[from] Volt Switch
|-status|p1a: Whimsicott|psn
|move|p1b: Lunala|Moonblast|p2b: Toxapex
|-activate|p2b: Toxapex|move: Protect
|
|-damage|p1a: Whimsicott|88/100 psn|[from] psn
|upkeep
|
|t:|1750748002
|switch|p2a: Ho-Oh|Ho-Oh, L50|100/100
|turn|4
|
|t:|1750748016
|move|p1a: Whimsicott|Light Screen|p1a: Whimsicott
|-sidestart|p1: Boumsong90|move: Light Screen
|move|p1b: Lunala|Moonblast|p2b: Toxapex
|-resisted|p2b: Toxapex
|-damage|p2b: Toxapex|83/100
|move|p2b: Toxapex|Infestation|p1a: Whimsicott
|-damage|p1a: Whimsicott|85/100 psn
|-activate|p1a: Whimsicott|move: Infestation|[of] p2b: Toxapex
|move|p2a: Ho-Oh|Whirlwind|p1b: Lunala
|drag|p1b: Urshifu|Urshifu-Rapid-Strike, L50, M|100/100
|-status|p1b: Urshifu|psn
|
|-damage|p1a: Whimsicott|73/100 psn|[from] psn
|-damage|p1b: Urshifu|88/100 psn|[from] psn
|-damage|p1a: Whimsicott|60/100 psn|[from] move: Infestation|[partiallytrapped]
|upkeep
|turn|5
|
|t:|1750748035
|-terastallize|p2a: Ho-Oh|Grass
|move|p1a: Whimsicott|Tailwind|p1a: Whimsicott
|-sidestart|p1: Boumsong90|move: Tailwind
|move|p1b: Urshifu|Surging Strikes|p2a: Ho-Oh
|-resisted|p2a: Ho-Oh
|-crit|p2a: Ho-Oh
|-damage|p2a: Ho-Oh|89/100
|-resisted|p2a: Ho-Oh
|-crit|p2a: Ho-Oh
|-damage|p2a: Ho-Oh|76/100
|-resisted|p2a: Ho-Oh
|-crit|p2a: Ho-Oh
|-damage|p2a: Ho-Oh|65/100
|-hitcount|p2a: Ho-Oh|3
|move|p2a: Ho-Oh|Sacred Fire|p1b: Urshifu
|-resisted|p1b: Urshifu
|-damage|p1b: Urshifu|67/100 psn
|move|p2b: Toxapex|Infestation|p1b: Urshifu
|-resisted|p1b: Urshifu
|-damage|p1b: Urshifu|66/100 psn
|-activate|p1b: Urshifu|move: Infestation|[of] p2b: Toxapex
|
|-damage|p1a: Whimsicott|48/100 psn|[from] psn
|-damage|p1b: Urshifu|53/100 psn|[from] psn
|-damage|p1a: Whimsicott|36/100 psn|[from] move: Infestation|[partiallytrapped]
|-damage|p1b: Urshifu|41/100 psn|[from] move: Infestation|[partiallytrapped]
|-fieldend|move: Electric Terrain
|upkeep
|turn|6
|inactive|Boumsong90 has 30 seconds left.
|
|t:|1750748063
|move|p1a: Whimsicott|Moonblast|p2b: Toxapex
|-resisted|p2b: Toxapex
|-damage|p2b: Toxapex|73/100
|-unboost|p2b: Toxapex|spa|1
|move|p1b: Urshifu|Surging Strikes|p2a: Ho-Oh
|-resisted|p2a: Ho-Oh
|-crit|p2a: Ho-Oh
|-damage|p2a: Ho-Oh|54/100
|-resisted|p2a: Ho-Oh
|-crit|p2a: Ho-Oh
|-damage|p2a: Ho-Oh|42/100
|-resisted|p2a: Ho-Oh
|-crit|p2a: Ho-Oh
|-damage|p2a: Ho-Oh|30/100
|-hitcount|p2a: Ho-Oh|3
|move|p2a: Ho-Oh|Recover|p2a: Ho-Oh
|-heal|p2a: Ho-Oh|80/100
|move|p2b: Toxapex|Infestation|p1a: Whimsicott
|-damage|p1a: Whimsicott|34/100 psn
|
|-damage|p1a: Whimsicott|22/100 psn|[from] psn
|-damage|p1b: Urshifu|28/100 psn|[from] psn
|-damage|p1a: Whimsicott|10/100 psn|[from] move: Infestation|[partiallytrapped]
|-damage|p1b: Urshifu|16/100 psn|[from] move: Infestation|[partiallytrapped]
|upkeep
|turn|7
|inactive|Boumsong90 has 30 seconds left.
|
|t:|1750748092
|move|p2a: Ho-Oh|Protect|p2a: Ho-Oh
|-singleturn|p2a: Ho-Oh|Protect
|move|p1a: Whimsicott|Encore|p2a: Ho-Oh
|-activate|p2a: Ho-Oh|move: Protect
|move|p1b: Urshifu|Surging Strikes|p2b: Toxapex
|-resisted|p2b: Toxapex
|-crit|p2b: Toxapex
|-damage|p2b: Toxapex|60/100
|-resisted|p2b: Toxapex
|-crit|p2b: Toxapex
|-damage|p2b: Toxapex|49/100
|-resisted|p2b: Toxapex
|-crit|p2b: Toxapex
|-damage|p2b: Toxapex|37/100
|-hitcount|p2b: Toxapex|3
|move|p2b: Toxapex|Infestation|p1b: Urshifu
|-resisted|p1b: Urshifu
|-damage|p1b: Urshifu|15/100 psn
|
|-damage|p1a: Whimsicott|0 fnt|[from] psn
|faint|p1a: Whimsicott
|-damage|p1b: Urshifu|3/100 psn|[from] psn
|-damage|p1b: Urshifu|0 fnt|[from] move: Infestation|[partiallytrapped]
|faint|p1b: Urshifu
|upkeep
|
|t:|1750748114
|switch|p1a: Miraidon|Miraidon, L50|90/100
|switch|p1b: Lunala|Lunala, L50, shiny, tera:Fairy|100/100
|-status|p1a: Miraidon|psn
|-fieldstart|move: Electric Terrain|[from] ability: Hadron Engine|[of] p1a: Miraidon
|-status|p1b: Lunala|psn
|turn|8
|inactive|Boumsong90 has 30 seconds left.
|
|t:|1750748143
|move|p1a: Miraidon|Electro Drift|p2b: Toxapex
|-supereffective|p2b: Toxapex
|-damage|p2b: Toxapex|0 fnt
|faint|p2b: Toxapex
|move|p1b: Lunala|Moonblast|p2a: Ho-Oh
|-damage|p2a: Ho-Oh|54/100
|move|p2a: Ho-Oh|Recover|p2a: Ho-Oh
|-heal|p2a: Ho-Oh|100/100
|
|-damage|p1a: Miraidon|78/100 psn|[from] psn
|-damage|p1b: Lunala|88/100 psn|[from] psn
|-sideend|p1: Boumsong90|move: Light Screen
|-sideend|p1: Boumsong90|move: Tailwind
|upkeep
|
|t:|1750748151
|switch|p2b: Calyrex|Calyrex-Shadow, L50|100/100
|-ability|p2b: Calyrex|As One
|-ability|p2b: Calyrex|Unnerve
|turn|9
|
|t:|1750748163
|move|p2b: Calyrex|Disable|p1a: Miraidon
|-start|p1a: Miraidon|Disable|Electro Drift
|cant|p1a: Miraidon|Disable|Electro Drift
|move|p1b: Lunala|Moongeist Beam|p2b: Calyrex
|-supereffective|p2b: Calyrex
|-enditem|p2b: Calyrex|Focus Sash
|-damage|p2b: Calyrex|1/100
|move|p2a: Ho-Oh|Sacred Fire|p1b: Lunala
|-damage|p1b: Lunala|57/100 psn
|
|-damage|p1a: Miraidon|66/100 psn|[from] psn
|-damage|p1b: Lunala|45/100 psn|[from] psn
|upkeep
|turn|10
|-message|Boumsong90 forfeited.
|
|win|hdlshshxvqjw
|raw|Boumsong90's rating: 1447 &rarr; <strong>1423</strong><br />(-24 for losing)
|raw|hdlshshxvqjw's rating: 1376 &rarr; <strong>1400</strong><br />(+24 for winning)
|l|☆Boumsong90
|player|p1|
|l|☆hdlshshxvqjw
|player|p2|
