|j|☆Agent VGD
|j|☆joshimitsu
|t:|1750845035
|gametype|doubles
|player|p1|Agent VGD|camper|1309
|player|p2|joshimitsu|dragontamer|1348
|teamsize|p1|6
|teamsize|p2|6
|gen|9
|tier|[Gen 9] VGC 2025 Reg I
|rated|
|rule|Species Clause: Limit one of each Pokémon
|rule|Item Clause: Limit 1 of each item
|clearpoke
|poke|p1|Terapagos, L50, M|
|poke|p1|Stonjourner, L50, F|
|poke|p1|Koraidon, L50|
|poke|p1|Walking Wake, L50|
|poke|p1|Iron Moth, L50|
|poke|p1|Brute Bonnet, L50|
|poke|p2|Ho-Oh, L50|
|poke|p2|Koraidon, L50|
|poke|p2|Scream Tail, L50|
|poke|p2|Kingambit, L50, M|
|poke|p2|Raging Bolt, L50|
|poke|p2|Chi-Yu, L50|
|teampreview|4
|
|t:|1750845054
|start
|switch|p1a: Iron Moth|Iron Moth, L50|100/100
|switch|p1b: Stonjourner|Stonjourner, L50, F|100/100
|switch|p2a: Chi-Yu|Chi-Yu, L50|100/100
|switch|p2b: Koraidon|Koraidon, L50|100/100
|-ability|p2a: Chi-Yu|Beads of Ruin
|-weather|SunnyDay|[from] ability: Orichalcum Pulse|[of] p2b: Koraidon
|-activate|p2b: Koraidon|Orichalcum Pulse|[source]
|-enditem|p1a: Iron Moth|Booster Energy
|-activate|p1a: Iron Moth|ability: Quark Drive|[fromitem]
|-start|p1a: Iron Moth|quarkdrivespe
|turn|1
|
|t:|1750845079
|-terastallize|p2b: Koraidon|Fire
|move|p1a: Iron Moth|Dazzling Gleam|p2b: Koraidon|[spread] p2a,p2b
|-resisted|p2b: Koraidon
|-crit|p2b: Koraidon
|-damage|p2a: Chi-Yu|72/100
|-damage|p2b: Koraidon|72/100
|move|p2a: Chi-Yu|Heat Wave|p1a: Iron Moth|[spread] p1a,p1b
|-resisted|p1a: Iron Moth
|-resisted|p1b: Stonjourner
|-damage|p1a: Iron Moth|64/100
|-enditem|p1b: Stonjourner|Focus Sash
|-damage|p1b: Stonjourner|1/100
|move|p2b: Koraidon|Close Combat|p1b: Stonjourner
|-supereffective|p1b: Stonjourner
|-damage|p1b: Stonjourner|0 fnt
|-unboost|p2b: Koraidon|def|1
|-unboost|p2b: Koraidon|spd|1
|faint|p1b: Stonjourner
|-damage|p2b: Koraidon|62/100|[from] item: Life Orb
|
|-weather|SunnyDay|[upkeep]
|upkeep
|
|t:|1750845094
|switch|p1b: Walking Wake|Walking Wake, L50|100/100
|-activate|p1b: Walking Wake|ability: Protosynthesis
|-start|p1b: Walking Wake|protosynthesisspe
|turn|2
|
|t:|1750845110
|switch|p2b: Scream Tail|Scream Tail, L50|100/100
|-activate|p2b: Scream Tail|ability: Protosynthesis
|-start|p2b: Scream Tail|protosynthesisspe
|move|p1a: Iron Moth|Fiery Dance|p2a: Chi-Yu
|-resisted|p2a: Chi-Yu
|-damage|p2a: Chi-Yu|36/100
|-boost|p1a: Iron Moth|spa|1
|move|p1b: Walking Wake|Hydro Steam|p2b: Scream Tail
|-damage|p2b: Scream Tail|24/100
|-damage|p1b: Walking Wake|91/100|[from] item: Life Orb
|move|p2a: Chi-Yu|Heat Wave|p1b: Walking Wake|[spread] p1a,p1b
|-resisted|p1a: Iron Moth
|-resisted|p1b: Walking Wake
|-crit|p1b: Walking Wake
|-damage|p1a: Iron Moth|25/100
|-damage|p1b: Walking Wake|52/100
|
|-weather|SunnyDay|[upkeep]
|upkeep
|turn|3
|
|t:|1750845137
|move|p1b: Walking Wake|Protect|p1b: Walking Wake
|-singleturn|p1b: Walking Wake|Protect
|move|p1a: Iron Moth|Heat Wave|p2b: Scream Tail|[spread] p2a,p2b
|-resisted|p2a: Chi-Yu
|-damage|p2a: Chi-Yu|0 fnt
|-damage|p2b: Scream Tail|0 fnt
|faint|p2a: Chi-Yu
|faint|p2b: Scream Tail
|-end|p2b: Scream Tail|Protosynthesis|[silent]
|
|-weather|SunnyDay|[upkeep]
|upkeep
|
|t:|1750845148
|switch|p2b: Ho-Oh|Ho-Oh, L50|100/100
|switch|p2a: Koraidon|Koraidon, L50, tera:Fire|62/100
|-activate|p2a: Koraidon|ability: Orichalcum Pulse
|turn|4
|
|t:|1750845167
|move|p2a: Koraidon|Protect|p2a: Koraidon
|-singleturn|p2a: Koraidon|Protect
|move|p1a: Iron Moth|Fiery Dance|p2a: Koraidon
|-activate|p2a: Koraidon|move: Protect
|move|p1b: Walking Wake|Hydro Steam|p2b: Ho-Oh
|-supereffective|p2b: Ho-Oh
|-crit|p2b: Ho-Oh
|-damage|p2b: Ho-Oh|0 fnt
|faint|p2b: Ho-Oh
|-damage|p1b: Walking Wake|43/100|[from] item: Life Orb
|
|-weather|SunnyDay|[upkeep]
|upkeep
|turn|5
|-message|joshimitsu forfeited.
|
|win|Agent VGD
|raw|Agent VGD's rating: 1309 &rarr; <strong>1331</strong><br />(+22 for winning)
|raw|joshimitsu's rating: 1348 &rarr; <strong>1326</strong><br />(-22 for losing)
|l|☆joshimitsu
|player|p2|
|l|☆Agent VGD
|player|p1|
