|j|☆kunna1
|j|☆rasrailgun1234
|t:|1750867739
|gametype|doubles
|player|p1|kunna1|1|1362
|player|p2|rasrailgun1234|265|1427
|teamsize|p1|6
|teamsize|p2|6
|gen|9
|tier|[Gen 9] VGC 2025 Reg I
|rated|
|rule|Species Clause: Limit one of each Pokémon
|rule|Item Clause: Limit 1 of each item
|clearpoke
|poke|p1|Koraidon, L50|
|poke|p1|Scovillain, L50, M|
|poke|p1|Clefairy, L50, F|
|poke|p1|Indeedee-F, L50, F|
|poke|p1|Miraidon, L50|
|poke|p1|Chesnaught, L50, F|
|poke|p2|Koraidon, L50|
|poke|p2|Scream Tail, L50|
|poke|p2|Necrozma-Dawn-Wings, L50|
|poke|p2|Indeedee-F, L50, F|
|poke|p2|Dondozo, L50, M|
|poke|p2|Tatsugiri-Droopy, L50, F|
|teampreview|4
|inactive|Battle timer is ON: inactive players will automatically lose when time's up. (requested by kunna1)
|
|t:|1750867758
|start
|switch|p1a: Scovillain|Scovillain, L50, M|100/100
|switch|p1b: Miraidon|Miraidon, L50|100/100
|switch|p2a: Necrozma|Necrozma-Dawn-Wings, L50|100/100
|switch|p2b: Indeedee|Indeedee-F, L50, F|100/100
|-fieldstart|move: Electric Terrain|[from] ability: Hadron Engine|[of] p1b: Miraidon
|-fieldstart|move: Psychic Terrain|[from] ability: Psychic Surge|[of] p2b: Indeedee
|-enditem|p2b: Indeedee|Psychic Seed
|-boost|p2b: Indeedee|spd|1|[from] item: Psychic Seed
|turn|1
|inactive|kunna1 has 30 seconds left.
|inactive|rasrailgun1234 has 30 seconds left.
|inactive|kunna1 has 20 seconds left.
|inactive|kunna1 has 15 seconds left.
|inactive|kunna1 has 10 seconds left.
|inactive|rasrailgun1234 has 20 seconds left.
|
|t:|1750867809
|move|p1b: Miraidon|Snarl|p2a: Necrozma|[spread] p2a,p2b
|-supereffective|p2a: Necrozma
|-supereffective|p2b: Indeedee
|-damage|p2a: Necrozma|67/100
|-damage|p2b: Indeedee|80/100
|-unboost|p2a: Necrozma|spa|1
|-unboost|p2b: Indeedee|spa|1
|move|p1a: Scovillain|Overheat|p2a: Necrozma
|-damage|p2a: Necrozma|25/100
|-unboost|p1a: Scovillain|spa|2
|move|p2a: Necrozma|Prismatic Laser|p1b: Miraidon
|-damage|p1b: Miraidon|0 fnt
|-mustrecharge|p2a: Necrozma
|faint|p1b: Miraidon
|-damage|p2a: Necrozma|16/100|[from] item: Life Orb
|move|p2b: Indeedee|Trick Room|p2b: Indeedee
|-fieldstart|move: Trick Room|[of] p2b: Indeedee
|
|upkeep
|
|t:|1750867825
|switch|p1b: Chesnaught|Chesnaught, L50, F|100/100
|turn|2
|
|t:|1750867849
|move|p2b: Indeedee|Follow Me|p2b: Indeedee
|-singleturn|p2b: Indeedee|move: Follow Me
|move|p1b: Chesnaught|Leech Seed|p2b: Indeedee
|-start|p2b: Indeedee|move: Leech Seed
|cant|p2a: Necrozma|recharge
|move|p1a: Scovillain|Overheat|p2b: Indeedee|[miss]
|-miss|p1a: Scovillain|p2b: Indeedee
|
|-damage|p2b: Indeedee|68/100|[from] Leech Seed|[of] p1b: Chesnaught
|upkeep
|turn|3
|
|t:|1750867871
|-terastallize|p1b: Chesnaught|Steel
|move|p2b: Indeedee|Follow Me|p2b: Indeedee
|-singleturn|p2b: Indeedee|move: Follow Me
|move|p1b: Chesnaught|Body Press|p2b: Indeedee
|-damage|p2b: Indeedee|26/100
|move|p2a: Necrozma|Morning Sun|p2a: Necrozma
|-heal|p2a: Necrozma|66/100
|move|p1a: Scovillain|Spicy Extract|p2b: Indeedee
|-boost|p2b: Indeedee|atk|2
|-unboost|p2b: Indeedee|def|2
|
|-damage|p2b: Indeedee|14/100|[from] Leech Seed|[of] p1b: Chesnaught
|upkeep
|turn|4
|inactive|kunna1 has 30 seconds left.
|
|t:|1750867903
|move|p1b: Chesnaught|Spiky Shield|p1b: Chesnaught
|-singleturn|p1b: Chesnaught|move: Protect
|move|p1a: Scovillain|Protect|p1a: Scovillain
|-singleturn|p1a: Scovillain|Protect
|move|p2b: Indeedee|Follow Me|p2b: Indeedee
|-singleturn|p2b: Indeedee|move: Follow Me
|move|p2a: Necrozma|Prismatic Laser|p1a: Scovillain
|-activate|p1a: Scovillain|move: Protect
|
|-damage|p2b: Indeedee|2/100|[from] Leech Seed|[of] p1b: Chesnaught
|upkeep
|turn|5
|inactive|kunna1 has 30 seconds left.
|inactive|rasrailgun1234 has 30 seconds left.
|
|t:|1750867936
|move|p2b: Indeedee|Follow Me|p2b: Indeedee
|-singleturn|p2b: Indeedee|move: Follow Me
|move|p1a: Scovillain|Rage Powder|p1a: Scovillain
|-singleturn|p1a: Scovillain|move: Rage Powder
|move|p1b: Chesnaught|Leech Seed||[still]
|-fail|p1b: Chesnaught
|move|p2a: Necrozma|Prismatic Laser|p1a: Scovillain
|-enditem|p1a: Scovillain|Focus Sash
|-damage|p1a: Scovillain|1/100
|-mustrecharge|p2a: Necrozma
|-damage|p2a: Necrozma|56/100|[from] item: Life Orb
|
|-damage|p2b: Indeedee|0 fnt|[from] Leech Seed|[of] p1b: Chesnaught
|faint|p2b: Indeedee
|-fieldend|move: Trick Room
|-fieldend|move: Psychic Terrain
|upkeep
|
|t:|1750867945
|switch|p2b: Koraidon|Koraidon, L50|100/100
|-weather|SunnyDay|[from] ability: Orichalcum Pulse|[of] p2b: Koraidon
|-activate|p2b: Koraidon|Orichalcum Pulse|[source]
|turn|6
|
|t:|1750867970
|move|p1a: Scovillain|Rage Powder|p1a: Scovillain
|-singleturn|p1a: Scovillain|move: Rage Powder
|move|p2b: Koraidon|Flare Blitz|p1a: Scovillain
|-damage|p1a: Scovillain|0 fnt
|faint|p1a: Scovillain
|-damage|p2b: Koraidon|99/100|[from] Recoil
|cant|p2a: Necrozma|recharge
|move|p1b: Chesnaught|Leech Seed|p2b: Koraidon
|-start|p2b: Koraidon|move: Leech Seed
|
|-weather|SunnyDay|[upkeep]
|-damage|p2b: Koraidon|87/100|[from] Leech Seed|[of] p1b: Chesnaught
|upkeep
|
|t:|1750867975
|switch|p1a: Koraidon|Koraidon, L50|100/100
|-activate|p1a: Koraidon|ability: Orichalcum Pulse
|turn|7
|
|t:|1750867991
|move|p1b: Chesnaught|Spiky Shield|p1b: Chesnaught
|-singleturn|p1b: Chesnaught|move: Protect
|move|p2b: Koraidon|Flare Blitz|p1b: Chesnaught
|-activate|p1b: Chesnaught|move: Protect
|-damage|p2b: Koraidon|75/100|[from] Spiky Shield|[of] p1b: Chesnaught
|move|p1a: Koraidon|Flare Blitz|p2a: Necrozma
|-damage|p2a: Necrozma|0 fnt
|faint|p2a: Necrozma
|-damage|p1a: Koraidon|80/100|[from] Recoil
|
|-weather|SunnyDay|[upkeep]
|-damage|p2b: Koraidon|62/100|[from] Leech Seed|[of] p1b: Chesnaught
|upkeep
|l|☆rasrailgun1234
|inactive|rasrailgun1234 disconnected and has a minute to reconnect!
|player|p2|
|inactive|rasrailgun1234 has 30 seconds left.
|inactive|rasrailgun1234 has 20 seconds left.
|inactive|rasrailgun1234 has 15 seconds left.
|inactive|rasrailgun1234 has 10 seconds left.
|inactive|rasrailgun1234 has 5 seconds left.
|-message|rasrailgun1234 lost due to inactivity.
|
|win|kunna1
|raw|kunna1's rating: 1362 &rarr; <strong>1386</strong><br />(+24 for winning)
|raw|rasrailgun1234's rating: 1427 &rarr; <strong>1403</strong><br />(-24 for losing)
|l|☆kunna1
|player|p1|
