|j|☆SpicySpicy1374
|j|☆ELLOCOBLANCO
|t:|1750742932
|gametype|doubles
|player|p1|SpicySpicy1374|266|1219
|player|p2|ELLOCOBLANCO|gambler|1186
|teamsize|p1|6
|teamsize|p2|6
|gen|9
|tier|[Gen 9] VGC 2025 Reg I
|rated|
|rule|Species Clause: Limit one of each Pokémon
|rule|Item Clause: Limit 1 of each item
|clearpoke
|poke|p1|Ninetales-Alola, L50, F|
|poke|p1|Articuno, L50|
|poke|p1|Tornadus, L50, M|
|poke|p1|Calyrex-Ice, L50|
|poke|p1|Lunala, L50|
|poke|p1|Incineroar, L50, M|
|poke|p2|Lugia, L50|
|poke|p2|Moltres-Galar, L50|
|poke|p2|Landorus-Therian, L50, M|
|poke|p2|Dragonite, L50, M|
|poke|p2|Thundurus-Therian, L50, M|
|poke|p2|Corviknight, L50, M|
|teampreview|4
|inactive|Battle timer is ON: inactive players will automatically lose when time's up. (requested by ELLOCOBLANCO)
|inactive|ELLOCOBLANCO has 60 seconds left.
|
|t:|1750743009
|start
|switch|p1a: Ninetales|Ninetales-Alola, L50, F|100/100
|switch|p1b: Tornadus|Tornadus, L50, M|100/100
|switch|p2a: Corviknight|Corviknight, L50, M, shiny|100/100
|switch|p2b: Moltres|Moltres-Galar, L50, shiny|100/100
|-weather|Snowscape|[from] ability: Snow Warning|[of] p1a: Ninetales
|turn|1
|
|t:|1750743032
|move|p1b: Tornadus|Tailwind|p1b: Tornadus
|-sidestart|p1: SpicySpicy1374|move: Tailwind
|move|p1a: Ninetales|Aurora Veil|p1a: Ninetales
|-sidestart|p1: SpicySpicy1374|move: Aurora Veil
|move|p2b: Moltres|Snarl|p1b: Tornadus|[spread] p1a,p1b
|-resisted|p1a: Ninetales
|-damage|p1a: Ninetales|96/100
|-damage|p1b: Tornadus|88/100
|-unboost|p1a: Ninetales|spa|1
|-unboost|p1b: Tornadus|spa|1
|move|p2a: Corviknight|Tailwind|p2a: Corviknight
|-sidestart|p2: ELLOCOBLANCO|move: Tailwind
|
|-weather|Snowscape|[upkeep]
|upkeep
|turn|2
|inactive|SpicySpicy1374 has 30 seconds left.
|
|t:|1750743058
|move|p1b: Tornadus|Bleakwind Storm|p2b: Moltres|[spread] p2a,p2b
|-resisted|p2a: Corviknight
|-damage|p2a: Corviknight|88/100
|-damage|p2b: Moltres|89/100
|-ability|p2a: Corviknight|Mirror Armor
|-unboost|p1b: Tornadus|spe|1
|-unboost|p2b: Moltres|spe|1
|move|p1a: Ninetales|Icy Wind|p2b: Moltres|[spread] p2a,p2b
|-supereffective|p2b: Moltres
|-damage|p2a: Corviknight|79/100
|-damage|p2b: Moltres|82/100
|-ability|p2a: Corviknight|Mirror Armor
|-unboost|p1a: Ninetales|spe|1
|-unboost|p2b: Moltres|spe|1
|move|p2a: Corviknight|Iron Head|p1a: Ninetales
|-supereffective|p1a: Ninetales
|-damage|p1a: Ninetales|34/100
|move|p2b: Moltres|Snarl|p1b: Tornadus|[spread] p1a,p1b
|-resisted|p1a: Ninetales
|-damage|p1a: Ninetales|30/100
|-damage|p1b: Tornadus|75/100
|-unboost|p1a: Ninetales|spa|1
|-unboost|p1b: Tornadus|spa|1
|
|-weather|Snowscape|[upkeep]
|upkeep
|turn|3
|inactive|SpicySpicy1374 has 30 seconds left.
|inactive|ELLOCOBLANCO has 30 seconds left.
|inactive|SpicySpicy1374 has 20 seconds left.
|inactive|SpicySpicy1374 has 15 seconds left.
|
|t:|1750743102
|move|p1a: Ninetales|Protect|p1a: Ninetales
|-singleturn|p1a: Ninetales|Protect
|move|p1b: Tornadus|Bleakwind Storm|p2a: Corviknight|[spread] p2a,p2b
|-resisted|p2a: Corviknight
|-damage|p2a: Corviknight|70/100
|-damage|p2b: Moltres|74/100
|move|p2a: Corviknight|Iron Head|p1b: Tornadus
|-damage|p1b: Tornadus|49/100
|move|p2b: Moltres|Snarl|p1a: Ninetales|[spread] p1b
|-activate|p1a: Ninetales|move: Protect
|-damage|p1b: Tornadus|35/100
|-unboost|p1b: Tornadus|spa|1
|
|-weather|Snowscape|[upkeep]
|upkeep
|turn|4
|
|t:|1750743123
|switch|p1b: Calyrex|Calyrex-Ice, L50|100/100
|-ability|p1b: Calyrex|As One
|-ability|p1b: Calyrex|Unnerve
|move|p1a: Ninetales|Moonblast|p2b: Moltres
|-supereffective|p2b: Moltres
|-damage|p2b: Moltres|60/100
|-unboost|p2b: Moltres|spa|1
|move|p2a: Corviknight|Taunt|p1b: Calyrex
|-start|p1b: Calyrex|move: Taunt
|move|p2b: Moltres|Snarl|p1a: Ninetales|[spread] p1a,p1b
|-resisted|p1a: Ninetales
|-supereffective|p1b: Calyrex
|-crit|p1b: Calyrex
|-damage|p1a: Ninetales|27/100
|-damage|p1b: Calyrex|72/100
|-unboost|p1a: Ninetales|spa|1
|
|-weather|Snowscape|[upkeep]
|-sideend|p1: SpicySpicy1374|move: Tailwind
|-sideend|p2: ELLOCOBLANCO|move: Tailwind
|upkeep
|turn|5
|
|t:|1750743145
|switch|p1a: Tornadus|Tornadus, L50, M|35/100
|-terastallize|p2b: Moltres|Electric
|-terastallize|p1b: Calyrex|Water
|move|p2a: Corviknight|Iron Head|p1b: Calyrex
|-resisted|p1b: Calyrex
|-damage|p1b: Calyrex|66/100
|move|p2b: Moltres|Foul Play|p1b: Calyrex
|-damage|p1b: Calyrex|42/100
|cant|p1b: Calyrex|flinch
|
|-weather|none
|upkeep
|turn|6
|inactive|SpicySpicy1374 has 30 seconds left.
|
|t:|1750743170
|move|p1a: Tornadus|Taunt|p2a: Corviknight
|-start|p2a: Corviknight|move: Taunt
|-enditem|p2a: Corviknight|Mental Herb
|-end|p2a: Corviknight|move: Taunt
|move|p2a: Corviknight|Iron Head|p1b: Calyrex
|-resisted|p1b: Calyrex
|-damage|p1b: Calyrex|37/100
|move|p2b: Moltres|Fiery Wrath|p1a: Tornadus|[spread] p1a,p1b
|-damage|p1a: Tornadus|20/100
|-damage|p1b: Calyrex|30/100
|cant|p1b: Calyrex|flinch
|
|-end|p1b: Calyrex|move: Taunt
|upkeep
|turn|7
|inactive|SpicySpicy1374 has 30 seconds left.
|inactive|ELLOCOBLANCO has 30 seconds left.
|inactive|SpicySpicy1374 has 20 seconds left.
|inactive|SpicySpicy1374 has 15 seconds left.
|
|t:|1750743215
|move|p1b: Calyrex|Protect|p1b: Calyrex
|-singleturn|p1b: Calyrex|Protect
|move|p1a: Tornadus|Taunt|p2a: Corviknight
|-start|p2a: Corviknight|move: Taunt
|move|p2a: Corviknight|Iron Head|p1b: Calyrex
|-activate|p1b: Calyrex|move: Protect
|move|p2b: Moltres|Fiery Wrath|p1a: Tornadus|[spread] p1a
|-activate|p1b: Calyrex|move: Protect
|-damage|p1a: Tornadus|5/100
|
|upkeep
|turn|8
|
|t:|1750743223
|move|p1a: Tornadus|Tailwind|p1a: Tornadus
|-sidestart|p1: SpicySpicy1374|move: Tailwind
|move|p1b: Calyrex|Glacial Lance|p2b: Moltres|[spread] p2a,p2b
|-damage|p2a: Corviknight|26/100
|-damage|p2b: Moltres|10/100
|-ability|p2b: Moltres|Berserk|boost
|-boost|p2b: Moltres|spa|1
|move|p2a: Corviknight|Iron Head|p1b: Calyrex
|-resisted|p1b: Calyrex
|-damage|p1b: Calyrex|25/100
|move|p2b: Moltres|Fiery Wrath|p1a: Tornadus|[spread] p1a,p1b
|-crit|p1a: Tornadus
|-damage|p1a: Tornadus|0 fnt
|-damage|p1b: Calyrex|15/100
|faint|p1a: Tornadus
|
|-sideend|p1: SpicySpicy1374|move: Aurora Veil
|upkeep
|
|t:|1750743230
|switch|p1a: Ninetales|Ninetales-Alola, L50, F|27/100
|-weather|Snowscape|[from] ability: Snow Warning|[of] p1a: Ninetales
|turn|9
|
|t:|1750743251
|move|p1a: Ninetales|Aurora Veil|p1a: Ninetales
|-sidestart|p1: SpicySpicy1374|move: Aurora Veil
|move|p1b: Calyrex|Glacial Lance|p2b: Moltres|[spread] p2a,p2b
|-damage|p2a: Corviknight|0 fnt
|-damage|p2b: Moltres|0 fnt
|faint|p2a: Corviknight
|faint|p2b: Moltres
|-ability|p1b: Calyrex|Chilling Neigh|boost
|-boost|p1b: Calyrex|atk|2
|
|-weather|Snowscape|[upkeep]
|upkeep
|
|t:|1750743254
|switch|p2b: Landorus|Landorus-Therian, L50, M, shiny|100/100
|switch|p2a: Lugia|Lugia, L50, shiny|100/100
|-ability|p2b: Landorus|Intimidate|boost
|-unboost|p1a: Ninetales|atk|1
|-fail|p1b: Calyrex|unboost|[from] item: Clear Amulet|[of] p1b: Calyrex
|turn|10
|
|t:|1750743263
|move|p1b: Calyrex|Protect|p1b: Calyrex
|-singleturn|p1b: Calyrex|Protect
|move|p1a: Ninetales|Icy Wind|p2b: Landorus|[spread] p2a,p2b
|-supereffective|p2a: Lugia
|-supereffective|p2b: Landorus
|-damage|p2a: Lugia|92/100
|-damage|p2b: Landorus|35/100
|-unboost|p2b: Landorus|spe|1
|move|p2b: Landorus|Earthquake|p1b: Calyrex|[spread] p1a
|-activate|p1b: Calyrex|move: Protect
|-immune|p2a: Lugia
|-damage|p1a: Ninetales|0 fnt
|faint|p1a: Ninetales
|move|p2a: Lugia|Aeroblast|p1b: Calyrex
|-activate|p1b: Calyrex|move: Protect
|
|-weather|Snowscape|[upkeep]
|upkeep
|
|t:|1750743276
|switch|p1a: Articuno|Articuno, L50|100/100
|turn|11
|-message|ELLOCOBLANCO forfeited.
|
|win|SpicySpicy1374
|raw|SpicySpicy1374's rating: 1219 &rarr; <strong>1242</strong><br />(+23 for winning)
|raw|ELLOCOBLANCO's rating: 1186 &rarr; <strong>1163</strong><br />(-23 for losing)
|l|☆ELLOCOBLANCO
|player|p2|
|l|☆SpicySpicy1374
|player|p1|
