|j|☆Lightn66
|j|☆Oathplate
|t:|1750733413
|gametype|doubles
|player|p1|Lightn66|fantina|1191
|player|p2|Oathplate|265|1207
|teamsize|p1|6
|teamsize|p2|6
|gen|9
|tier|[Gen 9] VGC 2025 Reg I
|rated|
|rule|Species Clause: Limit one of each Pokémon
|rule|Item Clause: Limit 1 of each item
|clearpoke
|poke|p1|Miraidon, L50|
|poke|p1|Calyrex-Ice, L50|
|poke|p1|Iron Hands, L50|
|poke|p1|Whimsicott, L50, M|
|poke|p1|Farigiraf, L50, M|
|poke|p1|Urshifu-*, L50, M|
|poke|p2|Calyrex-Ice, L50|
|poke|p2|Lunala, L50|
|poke|p2|Torkoal, L50, F|
|poke|p2|Grimmsnarl, L50, M|
|poke|p2|Rillaboom, L50, M|
|poke|p2|Toxapex, L50, M|
|teampreview|4
|inactive|Battle timer is ON: inactive players will automatically lose when time's up. (requested by Oathplate)
|inactive|Oathplate has 60 seconds left.
|
|t:|1750733468
|start
|switch|p1a: Iron Hands|Iron Hands, L50|100/100
|switch|p1b: Whimsicott|Whimsicott, L50, M|100/100
|switch|p2a: Toxapex|Toxapex, L50, M|100/100
|switch|p2b: Lunala|Lunala, L50|100/100
|turn|1
|
|t:|1750733488
|move|p1a: Iron Hands|Fake Out|p2a: Toxapex
|-damage|p2a: Toxapex|91/100
|-damage|p1a: Iron Hands|84/100|[from] item: Rocky Helmet|[of] p2a: Toxapex
|move|p2b: Lunala|Moonblast|p1a: Iron Hands
|-supereffective|p1a: Iron Hands
|-damage|p1a: Iron Hands|49/100
|-unboost|p1a: Iron Hands|spa|1
|cant|p2a: Toxapex|flinch
|move|p1b: Whimsicott|Trick Room|p1b: Whimsicott
|-fieldstart|move: Trick Room|[of] p1b: Whimsicott
|
|upkeep
|turn|2
|inactive|Oathplate has 30 seconds left.
|
|t:|1750733514
|move|p2a: Toxapex|Toxic Spikes|p1b: Whimsicott
|-sidestart|p1: Lightn66|move: Toxic Spikes
|move|p1a: Iron Hands|Wild Charge|p2a: Toxapex
|-supereffective|p2a: Toxapex
|-damage|p2a: Toxapex|20/100
|-damage|p1a: Iron Hands|33/100|[from] item: Rocky Helmet|[of] p2a: Toxapex
|-damage|p1a: Iron Hands|21/100|[from] Recoil
|move|p2b: Lunala|Moonblast|p1a: Iron Hands
|-supereffective|p1a: Iron Hands
|-damage|p1a: Iron Hands|0 fnt
|faint|p1a: Iron Hands
|-end|p1a: Iron Hands|Quark Drive|[silent]
|move|p1b: Whimsicott|Moonblast|p2b: Lunala
|-damage|p2b: Lunala|87/100
|
|-heal|p2b: Lunala|93/100|[from] item: Leftovers
|upkeep
|
|t:|1750733532
|switch|p1a: Calyrex|Calyrex-Ice, L50|100/100
|-ability|p1a: Calyrex|As One
|-ability|p1a: Calyrex|Unnerve
|-status|p1a: Calyrex|psn
|turn|3
|
|t:|1750733551
|switch|p2a: Rillaboom|Rillaboom, L50, M|100/100
|-fieldstart|move: Grassy Terrain|[from] ability: Grassy Surge|[of] p2a: Rillaboom
|move|p2b: Lunala|Wide Guard|p2b: Lunala
|-singleturn|p2b: Lunala|Wide Guard
|move|p1b: Whimsicott|Encore||[still]
|-fail|p1b: Whimsicott
|move|p1a: Calyrex|Glacial Lance|p2a: Rillaboom|[spread] 
|-activate|p2a: Rillaboom|move: Wide Guard
|-activate|p2b: Lunala|move: Wide Guard
|
|-heal|p2b: Lunala|99/100|[from] Grassy Terrain
|-heal|p2b: Lunala|100/100|[from] item: Leftovers
|-damage|p1a: Calyrex|88/100 psn|[from] psn
|upkeep
|turn|4
|inactive|Oathplate has 30 seconds left.
|inactive|Oathplate has 20 seconds left.
|
|t:|1750733590
|move|p1a: Calyrex|Protect|p1a: Calyrex
|-singleturn|p1a: Calyrex|Protect
|move|p2a: Rillaboom|Fake Out|p1b: Whimsicott
|-damage|p1b: Whimsicott|86/100
|move|p2b: Lunala|Wide Guard|p2b: Lunala
|-singleturn|p2b: Lunala|Wide Guard
|cant|p1b: Whimsicott|flinch
|
|-heal|p1a: Calyrex|94/100 psn|[from] Grassy Terrain
|-heal|p1b: Whimsicott|92/100|[from] Grassy Terrain
|-damage|p1a: Calyrex|82/100 psn|[from] psn
|upkeep
|turn|5
|inactive|Lightn66 has 30 seconds left.
|
|t:|1750733619
|switch|p1a: Miraidon|Miraidon, L50|100/100
|-status|p1a: Miraidon|psn
|-fieldstart|move: Electric Terrain|[from] ability: Hadron Engine|[of] p1a: Miraidon
|move|p2b: Lunala|Wide Guard|p2b: Lunala
|-singleturn|p2b: Lunala|Wide Guard
|move|p1b: Whimsicott|Encore|p2a: Rillaboom
|-start|p2a: Rillaboom|Encore
|move|p2a: Rillaboom|Fake Out||[still]
|-hint|Fake Out only works on your first turn out.
|-fail|p2a: Rillaboom
|
|-damage|p1a: Miraidon|88/100 psn|[from] psn
|-fieldend|move: Trick Room
|upkeep
|turn|6
|inactive|Oathplate has 30 seconds left.
|
|t:|1750733645
|switch|p2a: Toxapex|Toxapex, L50, M|54/100
|move|p1b: Whimsicott|Encore|p2b: Lunala
|-start|p2b: Lunala|Encore
|move|p2b: Lunala|Wide Guard|p2b: Lunala
|-singleturn|p2b: Lunala|Wide Guard
|move|p1a: Miraidon|Draco Meteor|p2b: Lunala
|-damage|p2b: Lunala|61/100
|-unboost|p1a: Miraidon|spa|2
|
|-heal|p2b: Lunala|67/100|[from] item: Leftovers
|-damage|p1a: Miraidon|76/100 psn|[from] psn
|upkeep
|turn|7
|
|t:|1750733668
|switch|p2b: Rillaboom|Rillaboom, L50, M|100/100
|-fieldstart|move: Grassy Terrain|[from] ability: Grassy Surge|[of] p2b: Rillaboom
|move|p1b: Whimsicott|Helping Hand|p1a: Miraidon
|-singleturn|p1a: Miraidon|Helping Hand|[of] p1b: Whimsicott
|move|p2a: Toxapex|Baneful Bunker|p2a: Toxapex
|-singleturn|p2a: Toxapex|move: Protect
|move|p1a: Miraidon|Electro Drift|p2a: Toxapex
|-activate|p2a: Toxapex|move: Protect
|
|-heal|p1b: Whimsicott|98/100|[from] Grassy Terrain
|-heal|p1a: Miraidon|82/100 psn|[from] Grassy Terrain
|-heal|p2a: Toxapex|59/100|[from] Grassy Terrain
|-damage|p1a: Miraidon|70/100 psn|[from] psn
|upkeep
|turn|8
|
|t:|1750733689
|switch|p1a: Calyrex|Calyrex-Ice, L50|82/100 psn
|-ability|p1a: Calyrex|As One
|-ability|p1a: Calyrex|Unnerve
|switch|p2a: Lunala|Lunala, L50|67/100
|move|p2b: Rillaboom|Fake Out|p1a: Calyrex
|-damage|p1a: Calyrex|73/100 psn
|move|p1b: Whimsicott|Trick Room|p1b: Whimsicott
|-fieldstart|move: Trick Room|[of] p1b: Whimsicott
|
|-heal|p1a: Calyrex|79/100 psn|[from] Grassy Terrain
|-heal|p2a: Lunala|73/100|[from] Grassy Terrain
|-heal|p2a: Lunala|79/100|[from] item: Leftovers
|-heal|p1b: Whimsicott|100/100|[from] Grassy Terrain
|-damage|p1a: Calyrex|67/100 psn|[from] psn
|upkeep
|turn|9
|
|t:|1750733710
|switch|p2b: Calyrex|Calyrex-Ice, L50|100/100
|-ability|p2b: Calyrex|As One
|-ability|p2b: Calyrex|Unnerve
|move|p1b: Whimsicott|Helping Hand|p1a: Calyrex
|-singleturn|p1a: Calyrex|Helping Hand|[of] p1b: Whimsicott
|move|p2a: Lunala|Wide Guard|p2a: Lunala
|-singleturn|p2a: Lunala|Wide Guard
|move|p1a: Calyrex|High Horsepower|p2a: Lunala
|-damage|p2a: Lunala|32/100
|
|-heal|p1a: Calyrex|73/100 psn|[from] Grassy Terrain
|-heal|p2a: Lunala|38/100|[from] Grassy Terrain
|-heal|p2a: Lunala|45/100|[from] item: Leftovers
|-damage|p1a: Calyrex|61/100 psn|[from] psn
|upkeep
|turn|10
|inactive|Oathplate has 30 seconds left.
|
|t:|1750733737
|move|p1b: Whimsicott|Helping Hand|p1a: Calyrex
|-singleturn|p1a: Calyrex|Helping Hand|[of] p1b: Whimsicott
|move|p1a: Calyrex|Glacial Lance|p2b: Calyrex|[spread] p2a,p2b
|-resisted|p2b: Calyrex
|-damage|p2a: Lunala|0 fnt
|-damage|p2b: Calyrex|74/100
|faint|p2a: Lunala
|-ability|p1a: Calyrex|Chilling Neigh|boost
|-boost|p1a: Calyrex|atk|1
|move|p2b: Calyrex|Leech Seed|p1a: Calyrex
|-start|p1a: Calyrex|move: Leech Seed
|
|-heal|p1a: Calyrex|67/100 psn|[from] Grassy Terrain
|-heal|p2b: Calyrex|80/100|[from] Grassy Terrain
|-damage|p1a: Calyrex|55/100 psn|[from] Leech Seed|[of] p2b: Calyrex
|-heal|p2b: Calyrex|92/100|[silent]
|-damage|p1a: Calyrex|43/100 psn|[from] psn
|upkeep
|
|t:|1750733754
|switch|p2a: Rillaboom|Rillaboom, L50, M|100/100
|turn|11
|
|t:|1750733763
|move|p2a: Rillaboom|Fake Out|p1b: Whimsicott
|-damage|p1b: Whimsicott|86/100
|cant|p1b: Whimsicott|flinch
|move|p1a: Calyrex|Glacial Lance|p2a: Rillaboom|[spread] p2a,p2b
|-supereffective|p2a: Rillaboom
|-resisted|p2b: Calyrex
|-damage|p2a: Rillaboom|0 fnt
|-damage|p2b: Calyrex|68/100
|faint|p2a: Rillaboom
|-ability|p1a: Calyrex|Chilling Neigh|boost
|-boost|p1a: Calyrex|atk|1
|move|p2b: Calyrex|Glacial Lance|p1a: Calyrex|[spread] p1a,p1b
|-resisted|p1a: Calyrex
|-supereffective|p1b: Whimsicott
|-damage|p1a: Calyrex|26/100 psn
|-damage|p1b: Whimsicott|0 fnt
|faint|p1b: Whimsicott
|-ability|p2b: Calyrex|Chilling Neigh|boost
|-boost|p2b: Calyrex|atk|1
|
|-heal|p1a: Calyrex|32/100 psn|[from] Grassy Terrain
|-heal|p2b: Calyrex|73/100|[from] Grassy Terrain
|-damage|p1a: Calyrex|20/100 psn|[from] Leech Seed|[of] p2b: Calyrex
|-heal|p2b: Calyrex|86/100|[silent]
|-damage|p1a: Calyrex|8/100 psn|[from] psn
|-fieldend|move: Grassy Terrain
|upkeep
|
|t:|1750733787
|switch|p2a: Toxapex|Toxapex, L50, M|93/100
|switch|p1b: Miraidon|Miraidon, L50|70/100 psn
|-fieldstart|move: Electric Terrain|[from] ability: Hadron Engine|[of] p1b: Miraidon
|turn|12
|
|t:|1750733807
|-terastallize|p1b: Miraidon|Electric
|move|p2a: Toxapex|Acid Spray|p1b: Miraidon
|-damage|p1b: Miraidon|64/100 psn
|-unboost|p1b: Miraidon|spd|2
|move|p1a: Calyrex|Glacial Lance|p2b: Calyrex|[spread] p2a,p2b
|-resisted|p2a: Toxapex
|-resisted|p2b: Calyrex
|-damage|p2a: Toxapex|52/100
|-damage|p2b: Calyrex|48/100
|move|p1b: Miraidon|Electro Drift|p2a: Toxapex
|-supereffective|p2a: Toxapex
|-damage|p2a: Toxapex|0 fnt
|-damage|p1b: Miraidon|47/100 psn|[from] item: Rocky Helmet|[of] p2a: Toxapex
|faint|p2a: Toxapex
|move|p2b: Calyrex|Glacial Lance|p1b: Miraidon|[spread] p1a,p1b
|-resisted|p1a: Calyrex
|-damage|p1a: Calyrex|0 fnt
|-damage|p1b: Miraidon|0 fnt
|faint|p1a: Calyrex
|faint|p1b: Miraidon
|
|win|Oathplate
|raw|Lightn66's rating: 1191 &rarr; <strong>1167</strong><br />(-24 for losing)
|raw|Oathplate's rating: 1207 &rarr; <strong>1231</strong><br />(+24 for winning)
