|j|☆UnluckyTogekissZ
|j|☆Falcon9115
|t:|1750778985
|gametype|doubles
|player|p1|UnluckyTogekissZ|2|1329
|player|p2|Falcon9115|red|1340
|teamsize|p1|6
|teamsize|p2|6
|gen|9
|tier|[Gen 9] VGC 2025 Reg I
|rated|
|rule|Species Clause: Limit one of each Pokémon
|rule|Item Clause: Limit 1 of each item
|clearpoke
|poke|p1|Ho-Oh, L50|
|poke|p1|Overqwil, L50, M|
|poke|p1|Ting-Lu, L50|
|poke|p1|Calyrex-Ice, L50|
|poke|p1|Rillaboom, L50, F|
|poke|p1|Ogerpon-Wellspring, L50, F|
|poke|p2|Kyogre, L50|
|poke|p2|Calyrex-Shadow, L50|
|poke|p2|Incineroar, L50, M|
|poke|p2|Indeedee-F, L50, F|
|poke|p2|Grimmsnarl, L50, M|
|poke|p2|Annihilape, L50, M|
|teampreview|4
|
|t:|1750779033
|start
|switch|p1a: Ogerpon|Ogerpon-Wellspring, L50, F|100/100
|switch|p1b: Calyrex|Calyrex-Ice, L50|100/100
|switch|p2a: Calyrex|Calyrex-Shadow, L50|100/100
|switch|p2b: Grimmsnarl|Grimmsnarl, L50, M|100/100
|-ability|p2a: Calyrex|As One
|-ability|p2a: Calyrex|Unnerve
|-ability|p1b: Calyrex|As One
|-ability|p1b: Calyrex|Unnerve
|turn|1
|
|t:|1750779047
|switch|p1a: Overqwil|Overqwil, L50, M|100/100
|-ability|p1a: Overqwil|Intimidate|boost
|-unboost|p2a: Calyrex|atk|1
|-unboost|p2b: Grimmsnarl|atk|1
|-terastallize|p1b: Calyrex|Water
|move|p2b: Grimmsnarl|Taunt|p1b: Calyrex
|-start|p1b: Calyrex|move: Taunt
|move|p2a: Calyrex|Astral Barrage|p1a: Overqwil|[spread] p1a,p1b
|-resisted|p1a: Overqwil
|-damage|p1a: Overqwil|77/100
|-damage|p1b: Calyrex|65/100
|cant|p1b: Calyrex|move: Taunt|Trick Room
|
|-heal|p1a: Overqwil|83/100|[from] item: Black Sludge
|-heal|p1b: Calyrex|71/100|[from] item: Leftovers
|upkeep
|turn|2
|
|t:|1750779077
|move|p2a: Calyrex|Astral Barrage|p1b: Calyrex|[spread] p1a,p1b
|-resisted|p1a: Overqwil
|-damage|p1a: Overqwil|58/100
|-damage|p1b: Calyrex|35/100
|move|p1a: Overqwil|Toxic Spikes|p2a: Calyrex
|-sidestart|p2: Falcon9115|move: Toxic Spikes
|move|p2b: Grimmsnarl|Foul Play|p1b: Calyrex
|-damage|p1b: Calyrex|10/100
|move|p1b: Calyrex|Glacial Lance|p2b: Grimmsnarl|[spread] p2a,p2b
|-damage|p2a: Calyrex|39/100
|-damage|p2b: Grimmsnarl|47/100
|
|-heal|p1a: Overqwil|64/100|[from] item: Black Sludge
|-heal|p1b: Calyrex|16/100|[from] item: Leftovers
|upkeep
|turn|3
|
|t:|1750779091
|switch|p1b: Ho-Oh|Ho-Oh, L50|100/100
|move|p2b: Grimmsnarl|Thunder Wave|p1a: Overqwil
|-hint|Since gen 7, Dark is immune to Prankster moves.
|-immune|p1a: Overqwil
|move|p2a: Calyrex|Astral Barrage|p1a: Overqwil|[spread] p1a,p1b
|-resisted|p1a: Overqwil
|-damage|p1a: Overqwil|39/100
|-damage|p1b: Ho-Oh|68/100
|move|p1a: Overqwil|Throat Chop|p2a: Calyrex
|-supereffective|p2a: Calyrex
|-damage|p2a: Calyrex|0 fnt
|faint|p2a: Calyrex
|
|-heal|p1a: Overqwil|45/100|[from] item: Black Sludge
|upkeep
|
|t:|1750779097
|switch|p2a: Kyogre|Kyogre, L50|100/100
|-status|p2a: Kyogre|psn
|-weather|RainDance|[from] ability: Drizzle|[of] p2a: Kyogre
|turn|4
|
|t:|1750779109
|switch|p1b: Calyrex|Calyrex-Ice, L50, tera:Water|16/100
|-ability|p1b: Calyrex|As One
|-ability|p1b: Calyrex|Unnerve
|move|p1a: Overqwil|Protect|p1a: Overqwil
|-singleturn|p1a: Overqwil|Protect
|move|p2b: Grimmsnarl|Light Screen|p2b: Grimmsnarl
|-sidestart|p2: Falcon9115|move: Light Screen
|move|p2a: Kyogre|Water Spout|p1a: Overqwil|[spread] p1b
|-activate|p1a: Overqwil|move: Protect
|-resisted|p1b: Calyrex
|-damage|p1b: Calyrex|0 fnt
|faint|p1b: Calyrex
|
|-weather|RainDance|[upkeep]
|-heal|p1a: Overqwil|52/100|[from] item: Black Sludge
|-damage|p2a: Kyogre|88/100 psn|[from] psn
|upkeep
|
|t:|1750779113
|switch|p1b: Ogerpon|Ogerpon-Wellspring, L50, F|100/100
|turn|5
|
|t:|1750779135
|-terastallize|p2a: Kyogre|Electric
|move|p1a: Overqwil|Protect||[still]
|-fail|p1a: Overqwil
|move|p2b: Grimmsnarl|Thunder Wave|p1b: Ogerpon
|-status|p1b: Ogerpon|par
|move|p2a: Kyogre|Water Spout|p1b: Ogerpon|[spread] p1a
|-immune|p1b: Ogerpon|[from] ability: Water Absorb
|-damage|p1a: Overqwil|0 fnt
|faint|p1a: Overqwil
|move|p1b: Ogerpon|Horn Leech|p2a: Kyogre
|-damage|p2a: Kyogre|47/100 psn
|
|-weather|RainDance|[upkeep]
|-damage|p2a: Kyogre|35/100 psn|[from] psn
|upkeep
|
|t:|1750779140
|switch|p1a: Ho-Oh|Ho-Oh, L50|100/100
|turn|6
|
|t:|1750779165
|move|p1a: Ho-Oh|Protect|p1a: Ho-Oh
|-singleturn|p1a: Ho-Oh|Protect
|move|p2b: Grimmsnarl|Taunt|p1b: Ogerpon
|-start|p1b: Ogerpon|move: Taunt
|move|p2a: Kyogre|Origin Pulse|p1a: Ho-Oh|[spread] 
|-activate|p1a: Ho-Oh|move: Protect
|-immune|p1b: Ogerpon|[from] ability: Water Absorb
|move|p1b: Ogerpon|Ivy Cudgel|p2a: Kyogre|[anim] Ivy Cudgel Water
|-damage|p2a: Kyogre|0 fnt
|faint|p2a: Kyogre
|
|-weather|RainDance|[upkeep]
|upkeep
|
|t:|1750779167
|switch|p2a: Annihilape|Annihilape, L50, M|100/100
|-status|p2a: Annihilape|psn
|turn|7
|
|t:|1750779191
|move|p2b: Grimmsnarl|Thunder Wave|p1a: Ho-Oh|[miss]
|-miss|p2b: Grimmsnarl|p1a: Ho-Oh
|move|p2a: Annihilape|Bulk Up|p2a: Annihilape
|-boost|p2a: Annihilape|atk|1
|-boost|p2a: Annihilape|def|1
|move|p1a: Ho-Oh|Life Dew||[still]|[spread] 
|-immune|p1b: Ogerpon|[from] ability: Water Absorb
|-fail|p1a: Ho-Oh|heal
|move|p1b: Ogerpon|Ivy Cudgel|p2b: Grimmsnarl|[anim] Ivy Cudgel Water
|-damage|p2b: Grimmsnarl|0 fnt
|faint|p2b: Grimmsnarl
|
|-weather|RainDance|[upkeep]
|-damage|p2a: Annihilape|88/100 psn|[from] psn
|upkeep
|turn|8
|
|t:|1750779203
|move|p2a: Annihilape|Drain Punch|p1b: Ogerpon
|-damage|p1b: Ogerpon|42/100 par
|-heal|p2a: Annihilape|100/100 psn|[from] drain|[of] p1b: Ogerpon
|move|p1a: Ho-Oh|Sacred Fire|p2a: Annihilape
|-damage|p2a: Annihilape|84/100 psn
|move|p1b: Ogerpon|Ivy Cudgel|p2a: Annihilape|[anim] Ivy Cudgel Water
|-damage|p2a: Annihilape|29/100 psn
|
|-weather|none
|-damage|p2a: Annihilape|17/100 psn|[from] psn
|-end|p1b: Ogerpon|move: Taunt
|upkeep
|turn|9
|
|t:|1750779218
|cant|p1b: Ogerpon|par
|move|p2a: Annihilape|Drain Punch|p1b: Ogerpon
|-damage|p1b: Ogerpon|0 fnt
|-heal|p2a: Annihilape|36/100 psn|[from] drain|[of] p1b: Ogerpon
|faint|p1b: Ogerpon
|move|p1a: Ho-Oh|Life Dew||[still]
|-fail|p1a: Ho-Oh|heal
|
|-damage|p2a: Annihilape|23/100 psn|[from] psn
|upkeep
|turn|10
|
|t:|1750779230
|move|p1a: Ho-Oh|Protect|p1a: Ho-Oh
|-singleturn|p1a: Ho-Oh|Protect
|move|p2a: Annihilape|Rage Fist|p1a: Ho-Oh
|-activate|p1a: Ho-Oh|move: Protect
|
|-damage|p2a: Annihilape|11/100 psn|[from] psn
|upkeep
|turn|11
|
|t:|1750779236
|move|p2a: Annihilape|Rage Fist|p1a: Ho-Oh
|-damage|p1a: Ho-Oh|14/100
|-damage|p2a: Annihilape|0 fnt|[from] item: Rocky Helmet|[of] p1a: Ho-Oh
|faint|p2a: Annihilape
|
|win|UnluckyTogekissZ
|raw|UnluckyTogekissZ's rating: 1329 &rarr; <strong>1350</strong><br />(+21 for winning)
|raw|Falcon9115's rating: 1340 &rarr; <strong>1319</strong><br />(-21 for losing)
|c|☆Falcon9115|Damn cant believe that didnt ko
|l|☆UnluckyTogekissZ
|player|p1|
|c|☆Falcon9115|Ggs anyways
|l|☆Falcon9115
|player|p2|
