|j|☆msandsv
|j|☆Jubstron
|t:|1750734225
|gametype|doubles
|player|p1|msandsv|cyclist-gen4|
|player|p2|Jubstron|wattson|
|teamsize|p1|6
|teamsize|p2|6
|gen|9
|tier|[Gen 9] VGC 2025 Reg I
|rule|Species Clause: Limit one of each Pokémon
|rule|Item Clause: Limit 1 of each item
|clearpoke
|poke|p1|Whimsicott, L50, F|
|poke|p1|Dragapult, L50, M|
|poke|p1|Mamoswine, L50, F|
|poke|p1|Weezing-Galar, L50, M|
|poke|p1|Slaking, L50, F|
|poke|p1|Slowking, L50, M|
|poke|p2|Pelipper, L50, M|
|poke|p2|Sinistcha-Masterpiece, L50|
|poke|p2|Palafin, L50, F|
|poke|p2|Arcanine-Hisui, L50, F|
|poke|p2|Clefairy, L50, F|
|poke|p2|Scizor, L50, F|
|teampreview|4
|c|☆Jubstron|yoyoyoyo
|c|☆Jubstron|Teras: Pelipper - Ghost; Sinistcha - Fairy; Palafin - Water; Arcanine-H - Fairy; Clefairy - Steel; Scizor - Water
|c|☆Jubstron|Hitting me with the double kings :O
Jubstron rejected open team sheets.
|c|☆msandsv|Teras: Whims - Water, Drag - Dragon, Mamo - Grass, Weez - Grass, Slaking - Dark, Slowking - Grass
|j| Expectastorm
|l| Expectastorm
|c|☆msandsv|ready whenever!
|j| Expectastorm
|
|t:|1750734390
|start
|switch|p1a: The Devil >:)|Whimsicott, L50, F, shiny|100/100
|switch|p1b: Chill Guy|Slowking, L50, M|100/100
|switch|p2a: Caldera|Arcanine-Hisui, L50, F|100/100
|switch|p2b: Peak|Clefairy, L50, F|100/100
|turn|1
|l| Expectastorm
|
|t:|1750734431
|move|p2b: Peak|Helping Hand|p2a: Caldera
|-singleturn|p2a: Caldera|Helping Hand|[of] p2b: Peak
|move|p1a: The Devil >:)|Taunt|p2b: Peak
|-start|p2b: Peak|move: Taunt
|move|p2a: Caldera|Head Smash|p1b: Chill Guy
|-crit|p1b: Chill Guy
|-damage|p1b: Chill Guy|0 fnt
|faint|p1b: Chill Guy
|
|upkeep
|c|☆Jubstron|bonk
|
|t:|1750734454
|switch|p1b: Rodeo|Mamoswine, L50, F|100/100
|turn|2
|
|t:|1750734478
|-terastallize|p2a: Caldera|Fairy
|-terastallize|p1b: Rodeo|Grass
|move|p1a: The Devil >:)|Tailwind|p1a: The Devil >:)
|-sidestart|p1: msandsv|move: Tailwind
|move|p1b: Rodeo|High Horsepower|p2a: Caldera|[miss]
|-miss|p1b: Rodeo|p2a: Caldera
|move|p2a: Caldera|Head Smash|p1b: Rodeo
|-crit|p1b: Rodeo
|-damage|p1b: Rodeo|0 fnt
|faint|p1b: Rodeo
|move|p2b: Peak|Chilling Water|p1a: The Devil >:)
|-resisted|p1a: The Devil >:)
|-damage|p1a: The Devil >:)|96/100
|-unboost|p1a: The Devil >:)|atk|1
|
|upkeep
|c|☆Jubstron|Ooooof
|c|☆msandsv|WTF
|c|☆msandsv|;__;
|
|t:|1750734494
|switch|p1b: Brat|Dragapult, L50, M|100/100
|turn|3
|c|☆Jubstron|sry bby qq
|
|t:|1750734529
|move|p1a: The Devil >:)|Helping Hand|p1b: Brat
|-singleturn|p1b: Brat|Helping Hand|[of] p1a: The Devil >:)
|move|p1b: Brat|Thunder|p2a: Caldera|[miss]
|-miss|p1b: Brat|p2a: Caldera
|move|p2a: Caldera|Head Smash|p1b: Brat
|-damage|p1b: Brat|0 fnt
|faint|p1b: Brat
|move|p2b: Peak|Chilling Water|p1a: The Devil >:)
|-resisted|p1a: The Devil >:)
|-damage|p1a: The Devil >:)|92/100
|-unboost|p1a: The Devil >:)|atk|1
|
|upkeep
|turn|4
|c|☆Jubstron|Not in the playoffs matchhhhh
|c|☆Jubstron|Noooooooo
|
|t:|1750734547
|move|p1a: The Devil >:)|Taunt|p2a: Caldera
|-start|p2a: Caldera|move: Taunt
|move|p2a: Caldera|Head Smash|p1a: The Devil >:)|[miss]
|-miss|p2a: Caldera|p1a: The Devil >:)
|move|p2b: Peak|Chilling Water|p1a: The Devil >:)
|-resisted|p1a: The Devil >:)
|-damage|p1a: The Devil >:)|87/100
|-unboost|p1a: The Devil >:)|atk|1
|
|-end|p2b: Peak|move: Taunt
|upkeep
|turn|5
|
|t:|1750734569
|move|p2b: Peak|Helping Hand|p2a: Caldera
|-singleturn|p2a: Caldera|Helping Hand|[of] p2b: Peak
|move|p1a: The Devil >:)|Taunt|p2b: Peak
|-start|p2b: Peak|move: Taunt
|move|p2a: Caldera|Head Smash|p1a: The Devil >:)
|-damage|p1a: The Devil >:)|0 fnt
|faint|p1a: The Devil >:)
|
|win|Jubstron
|c|☆msandsv|gg
|c|☆Jubstron|gg kinda - sorry, man
