|j|☆chairn't
|j|☆thegayestagenda
|t:|1750801307
|gametype|doubles
|player|p1|chairn't|diantha-masters2|1237
|player|p2|thegayestagenda|backersf|1159
|teamsize|p1|6
|teamsize|p2|6
|gen|9
|tier|[Gen 9] VGC 2025 Reg I
|rated|
|rule|Species Clause: Limit one of each Pokémon
|rule|Item Clause: Limit 1 of each item
|clearpoke
|poke|p1|Farigiraf, L50, F|
|poke|p1|Calyrex-Ice, L50|
|poke|p1|Koraidon, L50|
|poke|p1|Flutter Mane, L50|
|poke|p1|Indeedee, L50, M|
|poke|p1|Crawdaunt, L50, M|
|poke|p2|Pachirisu, L50, M|
|poke|p2|Calyrex-Ice, L50|
|poke|p2|Kyogre, L50|
|poke|p2|Comfey, L50, M|
|poke|p2|Basculegion, L50, M|
|poke|p2|Tornadus, L50, M|
|teampreview|4
|inactive|Battle timer is ON: inactive players will automatically lose when time's up. (requested by chairn't)
chairn't has agreed to open team sheets.
|inactive|thegayestagenda has 60 seconds left.
|
|t:|1750801359
|start
|switch|p1a: Aibohphobia|Farigiraf, L50, F|100/100
|switch|p1b: Apostasy|Calyrex-Ice, L50|100/100
|switch|p2a: Comfey|Comfey, L50, M|100/100
|switch|p2b: Kyogre|Kyogre, L50|100/100
|-ability|p1b: Apostasy|As One
|-ability|p1b: Apostasy|Unnerve
|-weather|RainDance|[from] ability: Drizzle|[of] p2b: Kyogre
|turn|1
|inactive|chairn't has 30 seconds left.
|
|t:|1750801386
|switch|p1a: Dune Eternal|Koraidon, L50|100/100
|-weather|SunnyDay|[from] ability: Orichalcum Pulse|[of] p1a: Dune Eternal
|-activate|p1a: Dune Eternal|Orichalcum Pulse|[source]
|move|p2b: Kyogre|Muddy Water|p1b: Apostasy|[spread] p1a,p1b
|-resisted|p1a: Dune Eternal
|-damage|p1a: Dune Eternal|87/100
|-damage|p1b: Apostasy|83/100
|-damage|p2b: Kyogre|91/100|[from] item: Life Orb
|move|p2a: Comfey|Trick Room|p2a: Comfey
|-fieldstart|move: Trick Room|[of] p2a: Comfey
|move|p1b: Apostasy|Trick Room|p1b: Apostasy
|-fieldend|move: Trick Room
|
|-weather|SunnyDay|[upkeep]
|upkeep
|turn|2
|inactive|thegayestagenda has 30 seconds left.
|
|t:|1750801413
|move|p2b: Kyogre|Protect|p2b: Kyogre
|-singleturn|p2b: Kyogre|Protect
|move|p2a: Comfey|Draining Kiss|p1a: Dune Eternal
|-supereffective|p1a: Dune Eternal
|-damage|p1a: Dune Eternal|3/100
|move|p1a: Dune Eternal|Flare Blitz|p2a: Comfey
|-enditem|p2a: Comfey|Focus Sash
|-damage|p2a: Comfey|1/100
|-damage|p1a: Dune Eternal|0 fnt|[from] Recoil
|faint|p1a: Dune Eternal
|move|p1b: Apostasy|Swords Dance|p1b: Apostasy
|-boost|p1b: Apostasy|atk|2
|
|-weather|SunnyDay|[upkeep]
|upkeep
|
|t:|1750801424
|switch|p1a: Mr. Craw 📞📞📞|Crawdaunt, L50, M|100/100
|turn|3
|inactive|thegayestagenda has 30 seconds left.
|inactive|thegayestagenda has 20 seconds left.
|
|t:|1750801459
|switch|p2b: Pachirisu|Pachirisu, L50, M|100/100
|switch|p1a: Aibohphobia|Farigiraf, L50, F|100/100
|move|p2a: Comfey|Draining Kiss||[still]
|cant|p1a: Aibohphobia|ability: Armor Tail|Draining Kiss|[of] p2a: Comfey
|move|p1b: Apostasy|Glacial Lance|p2b: Pachirisu|[spread] p2a,p2b
|-damage|p2a: Comfey|0 fnt
|-damage|p2b: Pachirisu|0 fnt
|faint|p2a: Comfey
|faint|p2b: Pachirisu
|-ability|p1b: Apostasy|Chilling Neigh|boost
|-boost|p1b: Apostasy|atk|2
|
|-weather|SunnyDay|[upkeep]
|upkeep
|inactive|thegayestagenda has 30 seconds left.
|
|t:|1750801492
|switch|p2b: Basculegion|Basculegion, L50, M|100/100
|switch|p2a: Kyogre|Kyogre, L50|91/100
|-weather|RainDance|[from] ability: Drizzle|[of] p2a: Kyogre
|turn|4
|inactive|chairn't has 30 seconds left.
|inactive|thegayestagenda has 30 seconds left.
|inactive|chairn't has 20 seconds left.
|inactive|chairn't has 15 seconds left.
|
|t:|1750801534
|-terastallize|p2b: Basculegion|Ghost
|move|p1a: Aibohphobia|Ally Switch|p1a: Aibohphobia
|swap|p1a: Aibohphobia|1|[from] move: Ally Switch
|move|p2b: Basculegion|Last Respects|p1b: Aibohphobia
|-immune|p1b: Aibohphobia
|move|p2a: Kyogre|Muddy Water|p1b: Aibohphobia|[spread] p1a,p1b
|-damage|p1a: Apostasy|35/100
|-damage|p1b: Aibohphobia|42/100
|-damage|p2a: Kyogre|81/100|[from] item: Life Orb
|move|p1a: Apostasy|Trick Room|p1a: Apostasy
|-fieldstart|move: Trick Room|[of] p1a: Apostasy
|
|-weather|RainDance|[upkeep]
|upkeep
|turn|5
|
|t:|1750801554
|move|p1a: Apostasy|Glacial Lance|p2b: Basculegion|[spread] p2a,p2b
|-resisted|p2a: Kyogre
|-damage|p2a: Kyogre|0 fnt
|-damage|p2b: Basculegion|0 fnt
|faint|p2a: Kyogre
|faint|p2b: Basculegion
|
|win|chairn't
|raw|chairn&apos;t's rating: 1237 &rarr; <strong>1256</strong><br />(+19 for winning)
|raw|thegayestagenda's rating: 1159 &rarr; <strong>1140</strong><br />(-19 for losing)
|l|☆thegayestagenda
|player|p2|
