|j|☆IvoryP
|j|☆21Kieran
|t:|1750727426
|gametype|doubles
|player|p1|IvoryP|1|
|player|p2|21Kieran|hau-masters|
|teamsize|p1|6
|teamsize|p2|6
|gen|9
|tier|[Gen 9] VGC 2025 Reg I
|rated|Tournament battle
|rule|Species Clause: Limit one of each Pokémon
|rule|Item Clause: Limit 1 of each item
|raw|<div class="infobox"><details class="readmore" open><summary><strong>2 custom rules:</strong></summary> Force Open Team Sheets, !Open Team Sheets</details></div>
|clearpoke
|poke|p1|Kyogre, L50|
|poke|p1|Calyrex-Ice, L50|
|poke|p1|Amoonguss, L50, F|
|poke|p1|Basculegion, L50, M|
|poke|p1|Tornadus, L50, M|
|poke|p1|Incineroar, L50, F|
|poke|p2|Miraidon, L50|
|poke|p2|Terapagos, L50, M|
|poke|p2|Urshifu-*, L50, F|
|poke|p2|Incineroar, L50, M|
|poke|p2|Sinistcha, L50|
|poke|p2|Landorus, L50, M|
|teampreview|4
|showteam|p1|Kyogre||MysticWater|Drizzle|WaterSpout,OriginPulse,Protect,Thunder||||||50|,,,,,Water]Calyrex-Ice||ClearAmulet|AsOneGlastrier|TrickRoom,GlacialLance,HighHorsepower,Protect||||||50|,,,,,Grass]Amoonguss||SitrusBerry|Regenerator|RagePowder,Protect,Spore,PollenPuff|||F|||50|,,,,,Water]Basculegion||ChoiceBand|SwiftSwim|FlipTurn,WaveCrash,LastRespects,AquaJet|||M|||50|,,,,,Water]Tornadus||FocusSash|Prankster|Tailwind,Protect,BleakwindStorm,RainDance|||M|||50|,,,,,Dark]Incineroar||Leftovers|Intimidate|PartingShot,FakeOut,KnockOff,HelpingHand|||F|||50|,,,,,Ghost
|showteam|p2|Miraidon||AssaultVest|HadronEngine|ElectroDrift,VoltSwitch,DracoMeteor,Snarl||||||50|,,,,,Electric]Terapagos||ElectricSeed|TeraShift|TeraStarstorm,EarthPower,CalmMind,Protect|||M|||50|,,,,,Stellar]Urshifu-Rapid-Strike||ChoiceScarf|UnseenFist|SurgingStrikes,CloseCombat,RainDance,Uturn|||F|||50|,,,,,Water]Incineroar||RockyHelmet|Intimidate|FakeOut,PartingShot,KnockOff,FlareBlitz|||M|||50|,,,,,Ghost]Sinistcha||FocusSash|Hospitality|ShadowBall,RagePowder,LifeDew,Protect||||||50|,,,,,Fire]Landorus||LifeOrb|SheerForce|EarthPower,SludgeBomb,Protect,SandsearStorm|||M|||50|,,,,,Poison
|j| pumpkinflame
|j| gackajink
|j| TheRealSaffy
|c| TheRealSaffy|good luck ivory
|j| A Regu1ar Guy
|j| Infernape314
|c| TheRealSaffy|did you max out miraidons special defense kieran
|c|☆21Kieran|nah
|c|☆21Kieran|im running assault vest
|c| TheRealSaffy|ohh i see
|
|t:|1750727480
|start
|switch|p1a: Calyrex|Calyrex-Ice, L50|100/100
|switch|p1b: Amoonguss|Amoonguss, L50, F|100/100
|switch|p2a: Miraidon|Miraidon, L50|100/100
|switch|p2b: Terapagos|Terapagos, L50, M|100/100
|-activate|p2b: Terapagos|ability: Tera Shift
|detailschange|p2b: Terapagos|Terapagos-Terastal, L50, M
|-heal|p2b: Terapagos|100/100|[silent]
|-ability|p1a: Calyrex|As One
|-ability|p1a: Calyrex|Unnerve
|-fieldstart|move: Electric Terrain|[from] ability: Hadron Engine|[of] p2a: Miraidon
|-enditem|p2b: Terapagos|Electric Seed
|-boost|p2b: Terapagos|def|1|[from] item: Electric Seed
|turn|1
|c| TheRealSaffy|good choice
|
|t:|1750727492
|move|p1b: Amoonguss|Rage Powder|p1b: Amoonguss
|-singleturn|p1b: Amoonguss|move: Rage Powder
|move|p2a: Miraidon|Volt Switch|p1b: Amoonguss
|-resisted|p1b: Amoonguss
|-damage|p1b: Amoonguss|76/100
|
|t:|1750727496
|switch|p2a: Incineroar|Incineroar, L50, M, shiny|100/100|[from] Volt Switch
|-ability|p2a: Incineroar|Intimidate|boost
|-fail|p1a: Calyrex|unboost|[from] item: Clear Amulet|[of] p1a: Calyrex
|-unboost|p1b: Amoonguss|atk|1
|move|p2b: Terapagos|Calm Mind|p2b: Terapagos
|-boost|p2b: Terapagos|spa|1
|-boost|p2b: Terapagos|spd|1
|move|p1a: Calyrex|Trick Room|p1a: Calyrex
|-fieldstart|move: Trick Room|[of] p1a: Calyrex
|
|upkeep
|turn|2
|
|t:|1750727524
|switch|p1a: Incineroar|Incineroar, L50, F, shiny|100/100
|-ability|p1a: Incineroar|Intimidate|boost
|-unboost|p2a: Incineroar|atk|1
|-unboost|p2b: Terapagos|atk|1
|move|p1b: Amoonguss|Rage Powder|p1b: Amoonguss
|-singleturn|p1b: Amoonguss|move: Rage Powder
|move|p2a: Incineroar|Knock Off|p1b: Amoonguss
|-damage|p1b: Amoonguss|53/100
|-enditem|p1b: Amoonguss|Sitrus Berry|[from] move: Knock Off|[of] p2a: Incineroar
|move|p2b: Terapagos|Calm Mind|p2b: Terapagos
|-boost|p2b: Terapagos|spa|1
|-boost|p2b: Terapagos|spd|1
|
|upkeep
|turn|3
|j| gsbossmonster
|
|t:|1750727546
|switch|p1b: Kyogre|Kyogre, L50, shiny|100/100
|-weather|RainDance|[from] ability: Drizzle|[of] p1b: Kyogre
|move|p2b: Terapagos|Protect|p2b: Terapagos
|-singleturn|p2b: Terapagos|Protect
|move|p1a: Incineroar|Fake Out|p2b: Terapagos
|-activate|p2b: Terapagos|move: Protect
|move|p2a: Incineroar|Parting Shot|p1a: Incineroar
|-unboost|p1a: Incineroar|atk|1
|-unboost|p1a: Incineroar|spa|1
|
|t:|1750727556
|switch|p2a: Miraidon|Miraidon, L50|100/100|[from] Parting Shot
|-activate|p2a: Miraidon|ability: Hadron Engine
|
|-weather|RainDance|[upkeep]
|upkeep
|turn|4
|l| gackajink
|l| gsbossmonster
|
|t:|1750727616
|switch|p1b: Amoonguss|Amoonguss, L50, F|86/100
|-terastallize|p2b: Terapagos|Stellar
|detailschange|p2b: Terapagos|Terapagos-Stellar, L50, M, tera:Stellar
|-heal|p2b: Terapagos|100/100|[silent]
|-ability|p2b: Terapagos|Teraform Zero
|-weather|none
|-fieldend|move: Electric Terrain
|move|p1a: Incineroar|Knock Off|p2a: Miraidon
|-damage|p2a: Miraidon|77/100
|-enditem|p2a: Miraidon|Assault Vest|[from] move: Knock Off|[of] p1a: Incineroar
|move|p2b: Terapagos|Earth Power|p1a: Incineroar
|-supereffective|p1a: Incineroar
|-damage|p1a: Incineroar|0 fnt
|faint|p1a: Incineroar
|move|p2a: Miraidon|Electro Drift|p1b: Amoonguss
|-resisted|p1b: Amoonguss
|-damage|p1b: Amoonguss|64/100
|
|upkeep
|
|t:|1750727627
|switch|p1a: Kyogre|Kyogre, L50, shiny|100/100
|-weather|RainDance|[from] ability: Drizzle|[of] p1a: Kyogre
|turn|5
|
|t:|1750727637
|switch|p2a: Sinistcha|Sinistcha, L50|100/100
|-terastallize|p1a: Kyogre|Water
|move|p2b: Terapagos|Protect|p2b: Terapagos
|-singleturn|p2b: Terapagos|Protect
|move|p1b: Amoonguss|Spore|p2b: Terapagos
|-activate|p2b: Terapagos|move: Protect
|move|p1a: Kyogre|Water Spout|p2b: Terapagos|[spread] p2a
|-activate|p2b: Terapagos|move: Protect
|-resisted|p2a: Sinistcha
|-damage|p2a: Sinistcha|31/100
|
|-weather|RainDance|[upkeep]
|-fieldend|move: Trick Room
|upkeep
|turn|6
|j| imgoldshark07
|
|t:|1750727648
|switch|p2a: Miraidon|Miraidon, L50|77/100
|-fieldstart|move: Electric Terrain|[from] ability: Hadron Engine|[of] p2a: Miraidon
|move|p1a: Kyogre|Protect|p1a: Kyogre
|-singleturn|p1a: Kyogre|Protect
|move|p2b: Terapagos|Tera Starstorm|p1a: Kyogre|[spread] p1b
|-activate|p1a: Kyogre|move: Protect
|-damage|p1b: Amoonguss|11/100
|move|p1b: Amoonguss|Spore|p2b: Terapagos
|-activate|p2b: Terapagos|move: Electric Terrain
|
|-weather|RainDance|[upkeep]
|upkeep
|turn|7
|c| TheRealSaffy|im gonna take some inspo from you kieran if you dm
|c|☆21Kieran|kk
|c|☆IvoryP|gg i lose
|c|☆21Kieran|anyways ggs
|c| TheRealSaffy|I have like 4 vgc teams so far so I like mixing it up
|c|☆IvoryP|First time i go against terapagos miraidon
|l| A Regu1ar Guy
|c|☆21Kieran|its better to focus on one
|c|☆21Kieran|team
|
|t:|1750727699
|switch|p1a: Calyrex|Calyrex-Ice, L50|100/100
|-ability|p1a: Calyrex|As One
|-ability|p1a: Calyrex|Unnerve
|move|p1b: Amoonguss|Rage Powder|p1b: Amoonguss
|-singleturn|p1b: Amoonguss|move: Rage Powder
|move|p2a: Miraidon|Electro Drift|p1b: Amoonguss
|-resisted|p1b: Amoonguss
|-crit|p1b: Amoonguss
|-damage|p1b: Amoonguss|0 fnt
|faint|p1b: Amoonguss
|move|p2b: Terapagos|Tera Starstorm|p1a: Calyrex
|-damage|p1a: Calyrex|38/100
|
|-weather|RainDance|[upkeep]
|upkeep
|
|t:|1750727714
|switch|p1b: Kyogre|Kyogre, L50, shiny, tera:Water|100/100
|turn|8
|c| TheRealSaffy|Yeah I know I'm trying to make a main
|c| TheRealSaffy|since im kinda new to this
|
|t:|1750727728
|move|p1b: Kyogre|Protect|p1b: Kyogre
|-singleturn|p1b: Kyogre|Protect
|move|p2a: Miraidon|Volt Switch|p1b: Kyogre
|-activate|p1b: Kyogre|move: Protect
|move|p2b: Terapagos|Tera Starstorm|p1b: Kyogre|[spread] p1a
|-activate|p1b: Kyogre|move: Protect
|-damage|p1a: Calyrex|0 fnt
|faint|p1a: Calyrex
|
|-weather|RainDance|[upkeep]
|upkeep
|turn|9
|
|t:|1750727734
|move|p2a: Miraidon|Electro Drift|p1b: Kyogre
|-supereffective|p1b: Kyogre
|-damage|p1b: Kyogre|0 fnt
|faint|p1b: Kyogre
|
|win|21Kieran
|n|☆IvoryP|ivoryp
|n|☆21Kieran|21kieran
|n| pumpkinflame|pumpkinflame
|n| TheRealSaffy|therealsaffy
|n| Infernape314|infernape314
|n| imgoldshark07|imgoldshark07
