|j|☆Jubstron
|j|☆msandsv
|t:|1750735004
|gametype|doubles
|player|p1|Jubstron|wattson|
|player|p2|msandsv|cyclist-gen4|
|teamsize|p1|6
|teamsize|p2|6
|gen|9
|tier|[Gen 9] VGC 2025 Reg I
|rule|Species Clause: Limit one of each Pokémon
|rule|Item Clause: Limit 1 of each item
|clearpoke
|poke|p1|Pelipper, L50, F|
|poke|p1|Sinistcha-Masterpiece, L50|
|poke|p1|Palafin, L50, F|
|poke|p1|Arcanine-Hisui, L50, M|
|poke|p1|Clefairy, L50, M|
|poke|p1|Scizor, L50, M|
|poke|p2|Whimsicott, L50, M|
|poke|p2|Dragapult, L50, F|
|poke|p2|Mamoswine, L50, F|
|poke|p2|Weezing-Galar, L50, F|
|poke|p2|Slaking, L50, F|
|poke|p2|Slowking, L50, M|
|teampreview|4
|
|t:|1750735055
|start
|switch|p1a: Peak|Clefairy, L50, M|100/100
|switch|p1b: Scoutmaster|Scizor, L50, M|100/100
|switch|p2a: The Devil >:)|Whimsicott, L50, M, shiny|100/100
|switch|p2b: Rodeo|Mamoswine, L50, F|100/100
|turn|1
|
|t:|1750735129
|-terastallize|p2b: Rodeo|Grass
|move|p1a: Peak|Follow Me|p1a: Peak
|-singleturn|p1a: Peak|move: Follow Me
|move|p2a: The Devil >:)|Taunt|p1a: Peak
|-start|p1a: Peak|move: Taunt
|move|p2b: Rodeo|High Horsepower|p1a: Peak
|-damage|p1a: Peak|63/100
|move|p1b: Scoutmaster|Dual Wingbeat|p2a: The Devil >:)
|-supereffective|p2a: The Devil >:)
|-damage|p2a: The Devil >:)|39/100
|-supereffective|p2a: The Devil >:)
|-crit|p2a: The Devil >:)
|-damage|p2a: The Devil >:)|0 fnt
|faint|p2a: The Devil >:)
|-hitcount|p2: The Devil >:)|2
|
|upkeep
|
|t:|1750735149
|switch|p2a: Tingle|Weezing-Galar, L50, F|100/100
|-ability|p2a: Tingle|Neutralizing Gas
|turn|2
|
|t:|1750735217
|switch|p1a: Tropics|Sinistcha-Masterpiece, L50|100/100
|move|p2b: Rodeo|Icicle Spear|p1a: Tropics
|-supereffective|p1a: Tropics
|-damage|p1a: Tropics|80/100
|-supereffective|p1a: Tropics
|-damage|p1a: Tropics|60/100
|-supereffective|p1a: Tropics
|-damage|p1a: Tropics|39/100
|-enditem|p1a: Tropics|Sitrus Berry|[eat]
|-heal|p1a: Tropics|63/100|[from] item: Sitrus Berry
|-supereffective|p1a: Tropics
|-damage|p1a: Tropics|42/100
|-hitcount|p1a: Tropics|4
|move|p1b: Scoutmaster|Dual Wingbeat|p2b: Rodeo|[miss]
|-miss|p1b: Scoutmaster|p2b: Rodeo
|move|p2a: Tingle|Will-O-Wisp|p1b: Scoutmaster
|-status|p1b: Scoutmaster|brn
|
|-damage|p1b: Scoutmaster|94/100 brn|[from] brn
|upkeep
|turn|3
|c|☆Jubstron|:O
|c|☆Jubstron|COme onnnnnnnnnnnnn
|
|t:|1750735251
|move|p2a: Tingle|Protect|p2a: Tingle
|-singleturn|p2a: Tingle|Protect
|move|p1a: Tropics|Rage Powder|p1a: Tropics
|-singleturn|p1a: Tropics|move: Rage Powder
|move|p2b: Rodeo|Icicle Spear|p1a: Tropics
|-supereffective|p1a: Tropics
|-damage|p1a: Tropics|21/100
|-supereffective|p1a: Tropics
|-damage|p1a: Tropics|0 fnt
|faint|p1a: Tropics
|-hitcount|p1: Tropics|2
|move|p1b: Scoutmaster|Swords Dance|p1b: Scoutmaster
|-boost|p1b: Scoutmaster|atk|2
|
|-damage|p1b: Scoutmaster|88/100 brn|[from] brn
|upkeep
|
|t:|1750735264
|switch|p1a: Peak|Clefairy, L50, M|63/100
|turn|4
|
|t:|1750735276
|move|p1a: Peak|Follow Me|p1a: Peak
|-singleturn|p1a: Peak|move: Follow Me
|move|p2b: Rodeo|Icicle Spear|p1a: Peak
|-damage|p1a: Peak|52/100
|-damage|p1a: Peak|42/100
|-damage|p1a: Peak|31/100
|-damage|p1a: Peak|20/100
|-hitcount|p1a: Peak|4
|move|p1b: Scoutmaster|Swords Dance|p1b: Scoutmaster
|-boost|p1b: Scoutmaster|atk|2
|move|p2a: Tingle|Taunt|p1a: Peak
|-start|p1a: Peak|move: Taunt
|
|-damage|p1b: Scoutmaster|82/100 brn|[from] brn
|upkeep
|turn|5
|
|t:|1750735315
|switch|p1a: Caldera|Arcanine-Hisui, L50, M|100/100
|move|p2b: Rodeo|High Horsepower|p1b: Scoutmaster
|-damage|p1b: Scoutmaster|25/100 brn
|move|p1b: Scoutmaster|Dual Wingbeat|p2b: Rodeo
|-supereffective|p2b: Rodeo
|-damage|p2b: Rodeo|54/100
|-supereffective|p2b: Rodeo
|-damage|p2b: Rodeo|9/100
|-hitcount|p2b: Rodeo|2
|move|p2a: Tingle|Dazzling Gleam|p1b: Scoutmaster|[spread] p1a,p1b
|-resisted|p1a: Caldera
|-resisted|p1b: Scoutmaster
|-damage|p1a: Caldera|90/100
|-damage|p1b: Scoutmaster|13/100 brn
|
|-damage|p1b: Scoutmaster|7/100 brn|[from] brn
|upkeep
|turn|6
|
|t:|1750735370
|move|p2a: Tingle|Protect|p2a: Tingle
|-singleturn|p2a: Tingle|Protect
|move|p1a: Caldera|Extreme Speed|p2b: Rodeo
|-damage|p2b: Rodeo|0 fnt
|faint|p2b: Rodeo
|move|p1b: Scoutmaster|Dual Wingbeat|p2a: Tingle
|-activate|p2a: Tingle|move: Protect
|
|-damage|p1b: Scoutmaster|1/100 brn|[from] brn
|upkeep
|
|t:|1750735380
|switch|p2b: Big Man Blastoise|Slaking, L50, F, shiny|100/100
|turn|7
|
|t:|1750735414
|switch|p1a: Peak|Clefairy, L50, M|20/100
|move|p2b: Big Man Blastoise|Double-Edge|p1a: Peak
|-damage|p1a: Peak|0 fnt
|faint|p1a: Peak
|-damage|p2b: Big Man Blastoise|96/100|[from] Recoil
|move|p1b: Scoutmaster|Close Combat|p2b: Big Man Blastoise
|-supereffective|p2b: Big Man Blastoise
|-damage|p2b: Big Man Blastoise|8/100
|-unboost|p1b: Scoutmaster|def|1
|-unboost|p1b: Scoutmaster|spd|1
|move|p2a: Tingle|Dazzling Gleam|p1b: Scoutmaster
|-resisted|p1b: Scoutmaster
|-damage|p1b: Scoutmaster|0 fnt
|faint|p1b: Scoutmaster
|
|upkeep
|
|t:|1750735433
|switch|p1a: Caldera|Arcanine-Hisui, L50, M|90/100
|turn|8
|c|☆msandsv|dang, gg
|
|t:|1750735472
|move|p1a: Caldera|Psychic Fangs|p2b: Big Man Blastoise
|-damage|p2b: Big Man Blastoise|0 fnt
|faint|p2b: Big Man Blastoise
|move|p2a: Tingle|Dazzling Gleam|p1a: Caldera
|-resisted|p1a: Caldera
|-damage|p1a: Caldera|74/100
|
|upkeep
|turn|9
|
|t:|1750735482
|move|p1a: Caldera|Psychic Fangs|p2a: Tingle
|-supereffective|p2a: Tingle
|-damage|p2a: Tingle|32/100
|-enditem|p2a: Tingle|Sitrus Berry|[eat]
|-heal|p2a: Tingle|57/100|[from] item: Sitrus Berry
|move|p2a: Tingle|Dazzling Gleam|p1a: Caldera
|-resisted|p1a: Caldera
|-damage|p1a: Caldera|58/100
|
|upkeep
|turn|10
|
|t:|1750735491
|move|p1a: Caldera|Psychic Fangs|p2a: Tingle
|-supereffective|p2a: Tingle
|-damage|p2a: Tingle|0 fnt
|faint|p2a: Tingle
|-end|p2a: Tingle|ability: Neutralizing Gas
|
|win|Jubstron
|c|☆Jubstron|Great game - sorry about all the misses, dang; what a nail-biter
|c|☆Jubstron|gg!
