|j|☆Charizard5084
|j|☆langers
|t:|1750762964
|gametype|doubles
|player|p1|Charizard5084|102|1137
|player|p2|langers|170|1055
|teamsize|p1|6
|teamsize|p2|6
|gen|9
|tier|[Gen 9] VGC 2025 Reg I
|rated|
|rule|Species Clause: Limit one of each Pokémon
|rule|Item Clause: Limit 1 of each item
|clearpoke
|poke|p1|Koraidon, L50|
|poke|p1|Raging Bolt, L50|
|poke|p1|Calyrex-Shadow, L50|
|poke|p1|Chi-Yu, L50|
|poke|p1|Amoonguss, L50, M|
|poke|p1|Chien-Pao, L50|
|poke|p2|Calyrex-Shadow, L50|
|poke|p2|Koraidon, L50|
|poke|p2|Scream Tail, L50|
|poke|p2|Amoonguss, L50, M|
|poke|p2|Incineroar, L50, F|
|poke|p2|Gothitelle, L50, F|
|teampreview|4
|inactive|Battle timer is ON: inactive players will automatically lose when time's up. (requested by Charizard5084)
|
|t:|1750763043
|start
|switch|p1a: Icicle reaper|Chien-Pao, L50|100/100
|switch|p1b: Ruff|Raging Bolt, L50|100/100
|switch|p2a: Koraidon|Koraidon, L50|100/100
|switch|p2b: Incineroar|Incineroar, L50, F|100/100
|-weather|SunnyDay|[from] ability: Orichalcum Pulse|[of] p2a: Koraidon
|-activate|p1b: Ruff|ability: Protosynthesis
|-start|p1b: Ruff|protosynthesisspa
|-activate|p2a: Koraidon|Orichalcum Pulse|[source]
|-ability|p1a: Icicle reaper|Sword of Ruin
|-ability|p2b: Incineroar|Intimidate|boost
|-unboost|p1a: Icicle reaper|atk|1
|-unboost|p1b: Ruff|atk|1
|turn|1
|
|t:|1750763064
|-terastallize|p2a: Koraidon|Fire
|move|p2b: Incineroar|Fake Out|p1a: Icicle reaper
|-damage|p1a: Icicle reaper|86/100
|move|p2a: Koraidon|Flame Charge|p1b: Ruff
|-resisted|p1b: Ruff
|-damage|p1b: Ruff|54/100
|-boost|p2a: Koraidon|spe|1
|-damage|p2a: Koraidon|91/100|[from] item: Life Orb
|cant|p1a: Icicle reaper|flinch
|move|p1b: Ruff|Draco Meteor|p2a: Koraidon
|-damage|p2a: Koraidon|0 fnt
|-unboost|p1b: Ruff|spa|2
|faint|p2a: Koraidon
|
|-weather|SunnyDay|[upkeep]
|-heal|p1a: Icicle reaper|92/100|[from] item: Leftovers
|upkeep
|
|t:|1750763086
|switch|p2a: Calyrex|Calyrex-Shadow, L50|100/100
|-ability|p2a: Calyrex|As One
|-ability|p2a: Calyrex|Unnerve
|turn|2
|
|t:|1750763097
|move|p2a: Calyrex|Protect|p2a: Calyrex
|-singleturn|p2a: Calyrex|Protect
|move|p1b: Ruff|Thunderclap||[still]
|-fail|p1b: Ruff
|move|p1a: Icicle reaper|Icicle Crash|p2a: Calyrex
|-activate|p2a: Calyrex|move: Protect
|move|p2b: Incineroar|Flare Blitz|p1a: Icicle reaper
|-supereffective|p1a: Icicle reaper
|-damage|p1a: Icicle reaper|0 fnt
|faint|p1a: Icicle reaper
|-damage|p2b: Incineroar|77/100|[from] Recoil
|
|-weather|SunnyDay|[upkeep]
|upkeep
|
|t:|1750763111
|switch|p1a: Hard rush|Koraidon, L50|100/100
|-activate|p1a: Hard rush|ability: Orichalcum Pulse
|turn|3
|inactive|langers has 30 seconds left.
|
|t:|1750763140
|move|p2a: Calyrex|Draining Kiss|p1a: Hard rush
|-supereffective|p1a: Hard rush
|-damage|p1a: Hard rush|20/100
|move|p1a: Hard rush|Flare Blitz|p2a: Calyrex
|-enditem|p2a: Calyrex|Focus Sash
|-damage|p2a: Calyrex|1/100
|-damage|p1a: Hard rush|0 fnt|[from] Recoil
|faint|p1a: Hard rush
|move|p1b: Ruff|Thunderbolt|p2a: Calyrex
|-damage|p2a: Calyrex|0 fnt
|faint|p2a: Calyrex
|move|p2b: Incineroar|Flare Blitz|p1b: Ruff
|-resisted|p1b: Ruff
|-damage|p1b: Ruff|27/100
|-damage|p2b: Incineroar|67/100|[from] Recoil
|
|-weather|SunnyDay|[upkeep]
|upkeep
|
|t:|1750763157
|switch|p2a: Scream Tail|Scream Tail, L50|100/100
|switch|p1a: Fire goldfish|Chi-Yu, L50|100/100
|-ability|p1a: Fire goldfish|Beads of Ruin
|-activate|p2a: Scream Tail|ability: Protosynthesis
|-start|p2a: Scream Tail|protosynthesisspe
|turn|4
|
|t:|1750763171
|-terastallize|p1a: Fire goldfish|Fire
|move|p2a: Scream Tail|Protect|p2a: Scream Tail
|-singleturn|p2a: Scream Tail|Protect
|move|p2b: Incineroar|Protect|p2b: Incineroar
|-singleturn|p2b: Incineroar|Protect
|move|p1b: Ruff|Thunderclap||[still]
|-fail|p1b: Ruff
|move|p1a: Fire goldfish|Heat Wave|p2b: Incineroar|[spread] 
|-activate|p2a: Scream Tail|move: Protect
|-activate|p2b: Incineroar|move: Protect
|
|-weather|SunnyDay|[upkeep]
|upkeep
|turn|5
|
|t:|1750763192
|move|p2a: Scream Tail|Disable|p1a: Fire goldfish
|-start|p1a: Fire goldfish|Disable|Heat Wave
|cant|p1a: Fire goldfish|Disable|Heat Wave
|move|p1b: Ruff|Thunderbolt|p2a: Scream Tail
|-damage|p2a: Scream Tail|65/100
|move|p2b: Incineroar|Flare Blitz|p1b: Ruff
|-resisted|p1b: Ruff
|-damage|p1b: Ruff|0 fnt
|faint|p1b: Ruff
|-end|p1b: Ruff|Protosynthesis|[silent]
|-damage|p2b: Incineroar|57/100|[from] Recoil
|
|-weather|none
|-end|p2a: Scream Tail|Protosynthesis
|upkeep
|-enditem|p2a: Scream Tail|Booster Energy
|-activate|p2a: Scream Tail|ability: Protosynthesis|[fromitem]
|-start|p2a: Scream Tail|protosynthesisspe
|turn|6
|
|t:|1750763216
|move|p2a: Scream Tail|Protect|p2a: Scream Tail
|-singleturn|p2a: Scream Tail|Protect
|-activate|p1a: Fire goldfish|move: Struggle
|move|p1a: Fire goldfish|Struggle|p2a: Scream Tail
|-activate|p2a: Scream Tail|move: Protect
|move|p2b: Incineroar|Parting Shot|p1a: Fire goldfish
|-unboost|p1a: Fire goldfish|atk|1
|-unboost|p1a: Fire goldfish|spa|1
|
|upkeep
|turn|7
|
|t:|1750763239
|move|p2a: Scream Tail|Perish Song|p2a: Scream Tail
|-start|p1a: Fire goldfish|perish3|[silent]
|-start|p2a: Scream Tail|perish3|[silent]
|-start|p2b: Incineroar|perish3|[silent]
|-fieldactivate|move: Perish Song
|-activate|p1a: Fire goldfish|move: Struggle
|move|p1a: Fire goldfish|Struggle|p2a: Scream Tail
|-damage|p2a: Scream Tail|60/100
|-damage|p1a: Fire goldfish|75/100|[from] recoil
|move|p2b: Incineroar|Flare Blitz|p1a: Fire goldfish
|-resisted|p1a: Fire goldfish
|-damage|p1a: Fire goldfish|40/100
|-damage|p2b: Incineroar|50/100|[from] Recoil
|
|-start|p2a: Scream Tail|perish3
|-start|p1a: Fire goldfish|perish3
|-start|p2b: Incineroar|perish3
|upkeep
|turn|8
|-message|Charizard5084 forfeited.
|
|win|langers
|raw|Charizard5084's rating: 1137 &rarr; <strong>1106</strong><br />(-31 for losing)
|raw|langers's rating: 1055 &rarr; <strong>1094</strong><br />(+39 for winning)
|l|☆Charizard5084
|player|p1|
