|j|☆Vatros
|j|☆qmqmqmqmqm
|t:|1750768531
|gametype|doubles
|player|p1|Vatros|proton|1041
|player|p2|qmqmqmqmqm|266|1000
|teamsize|p1|6
|teamsize|p2|6
|gen|9
|tier|[Gen 9] VGC 2025 Reg I
|rated|
|rule|Species Clause: Limit one of each Pokémon
|rule|Item Clause: Limit 1 of each item
|clearpoke
|poke|p1|Terapagos, L50, M|
|poke|p1|Zamazenta-*, L50|
|poke|p1|Grimmsnarl, L50, M|
|poke|p1|Ninetales-Alola, L50, M|
|poke|p1|Iron Hands, L50|
|poke|p1|Ursaluna, L50, M|
|poke|p2|Suicune, L50|
|poke|p2|Kyurem-White, L50|
|poke|p2|Chien-Pao, L50|
|poke|p2|Ting-Lu, L50|
|poke|p2|Groudon, L50|
|poke|p2|Cryogonal, L50|
|teampreview|4
Vatros has agreed to open team sheets.
|
|t:|1750768597
|start
|switch|p1a: Ninetales|Ninetales-Alola, L50, M|100/100
|switch|p1b: Ursaluna|Ursaluna, L50, M|100/100
|switch|p2a: Chien-Pao|Chien-Pao, L50|100/100
|switch|p2b: Kyurem|Kyurem-White, L50|100/100
|-ability|p2a: Chien-Pao|Sword of Ruin
|-weather|Snowscape|[from] ability: Snow Warning|[of] p1a: Ninetales
|-ability|p2b: Kyurem|Turboblaze
|turn|1
|
|t:|1750768612
|move|p2a: Chien-Pao|Sheer Cold|p1b: Ursaluna|[miss]
|-miss|p2a: Chien-Pao|p1b: Ursaluna
|move|p1a: Ninetales|Aurora Veil|p1a: Ninetales
|-sidestart|p1: Vatros|move: Aurora Veil
|move|p2b: Kyurem|Sheer Cold|p1b: Ursaluna
|-damage|p1b: Ursaluna|0 fnt
|faint|p1b: Ursaluna
|-ohko
|
|-weather|Snowscape|[upkeep]
|upkeep
|
|t:|1750768625
|switch|p1b: Zamazenta|Zamazenta-Crowned, L50|100/100
|-ability|p1b: Zamazenta|Dauntless Shield|boost
|-boost|p1b: Zamazenta|def|1
|turn|2
|
|t:|1750768641
|move|p2a: Chien-Pao|Sheer Cold|p1b: Zamazenta|[miss]
|-miss|p2a: Chien-Pao|p1b: Zamazenta
|move|p1a: Ninetales|Dazzling Gleam|p2a: Chien-Pao|[spread] p2a,p2b
|-supereffective|p2a: Chien-Pao
|-supereffective|p2b: Kyurem
|-damage|p2a: Chien-Pao|42/100
|-damage|p2b: Kyurem|67/100
|move|p1b: Zamazenta|Iron Defense|p1b: Zamazenta
|-boost|p1b: Zamazenta|def|2
|move|p2b: Kyurem|Sheer Cold|p1b: Zamazenta
|-damage|p1b: Zamazenta|0 fnt
|faint|p1b: Zamazenta
|-ohko
|
|-weather|Snowscape|[upkeep]
|upkeep
|
|t:|1750768655
|switch|p1b: Terapagos|Terapagos, L50, M|100/100
|-activate|p1b: Terapagos|ability: Tera Shift
|detailschange|p1b: Terapagos|Terapagos-Terastal, L50, M
|-heal|p1b: Terapagos|100/100|[silent]
|turn|3
|
|t:|1750768675
|move|p2a: Chien-Pao|Sheer Cold|p1b: Terapagos
|-damage|p1b: Terapagos|0 fnt
|faint|p1b: Terapagos
|-ohko
|move|p1a: Ninetales|Dazzling Gleam|p2b: Kyurem|[spread] p2a,p2b
|-supereffective|p2a: Chien-Pao
|-supereffective|p2b: Kyurem
|-damage|p2a: Chien-Pao|0 fnt
|-damage|p2b: Kyurem|33/100
|faint|p2a: Chien-Pao
|move|p2b: Kyurem|Sheer Cold|p1a: Ninetales
|-immune|p1a: Ninetales|[ohko]
|
|-weather|Snowscape|[upkeep]
|upkeep
|
|t:|1750768687
|switch|p2a: Groudon|Groudon, L50|100/100
|-weather|SunnyDay|[from] ability: Drought|[of] p2a: Groudon
|turn|4
|c|☆Vatros|Respect for the team
|c|☆Vatros|its mean to play against it
|
|t:|1750768733
|move|p2a: Groudon|Fissure|p1a: Ninetales|[miss]
|-miss|p2a: Groudon|p1a: Ninetales
|move|p1a: Ninetales|Dazzling Gleam|p2a: Groudon|[spread] p2a,p2b
|-supereffective|p2b: Kyurem
|-damage|p2a: Groudon|79/100
|-damage|p2b: Kyurem|0 fnt
|faint|p2b: Kyurem
|
|-weather|SunnyDay|[upkeep]
|upkeep
|
|t:|1750768740
|switch|p2b: Suicune|Suicune, L50|100/100
|-item|p2b: Suicune|Air Balloon
|turn|5
|
|t:|1750768755
|move|p2a: Groudon|Fissure|p1a: Ninetales|[miss]
|-miss|p2a: Groudon|p1a: Ninetales
|move|p1a: Ninetales|Blizzard|p2b: Suicune|[spread] p2a
|-miss|p1a: Ninetales|p2b: Suicune
|-supereffective|p2a: Groudon
|-damage|p2a: Groudon|23/100
|move|p2b: Suicune|Ice Beam|p1a: Ninetales
|-resisted|p1a: Ninetales
|-damage|p1a: Ninetales|93/100
|
|-weather|SunnyDay|[upkeep]
|-sideend|p1: Vatros|move: Aurora Veil
|upkeep
|turn|6
|
|t:|1750768772
|-terastallize|p1a: Ninetales|Steel
|move|p2a: Groudon|Fissure|p1a: Ninetales|[miss]
|-miss|p2a: Groudon|p1a: Ninetales
|move|p1a: Ninetales|Blizzard|p2a: Groudon|[spread] p2a
|-miss|p1a: Ninetales|p2b: Suicune
|-supereffective|p2a: Groudon
|-damage|p2a: Groudon|0 fnt
|faint|p2a: Groudon
|move|p2b: Suicune|Ice Beam|p1a: Ninetales
|-resisted|p1a: Ninetales
|-damage|p1a: Ninetales|82/100
|
|-weather|SunnyDay|[upkeep]
|upkeep
|turn|7
|
|t:|1750768785
|move|p1a: Ninetales|Dazzling Gleam|p2b: Suicune
|-damage|p2b: Suicune|76/100
|-enditem|p2b: Suicune|Air Balloon
|move|p2b: Suicune|Sheer Cold|p1a: Ninetales
|-damage|p1a: Ninetales|0 fnt
|faint|p1a: Ninetales
|-ohko
|
|win|qmqmqmqmqm
|raw|Vatros's rating: 1041 &rarr; <strong>1023</strong><br />(-18 for losing)
|raw|qmqmqmqmqm's rating: 1000 &rarr; <strong>1045</strong><br />(+45 for winning)
|l|☆qmqmqmqmqm
|player|p2|
|c|☆Vatros|gg
