|j|☆Kirbyisaguy2
|j|☆Sascharote31
|t:|1750770141
|gametype|doubles
|player|p1|Kirbyisaguy2|hilda-wonderlauncher|1351
|player|p2|Sascharote31|102|1328
|teamsize|p1|6
|teamsize|p2|6
|gen|9
|tier|[Gen 9] VGC 2025 Reg I
|rated|
|rule|Species Clause: Limit one of each Pokémon
|rule|Item Clause: Limit 1 of each item
|clearpoke
|poke|p1|Zacian-*, L50|
|poke|p1|Zamazenta-*, L50|
|poke|p1|Chien-Pao, L50|
|poke|p1|Urshifu-*, L50, F|
|poke|p1|Amoonguss, L50, M|
|poke|p1|Incineroar, L50, F|
|poke|p2|Incineroar, L50, F|
|poke|p2|Palkia, L50|
|poke|p2|Calyrex-Ice, L50|
|poke|p2|Ursaluna, L50, F|
|poke|p2|Amoonguss, L50, F|
|poke|p2|Urshifu-*, L50, M|
|teampreview|4
|inactive|Battle timer is ON: inactive players will automatically lose when time's up. (requested by Sascharote31)
|
|t:|1750770167
|start
|switch|p1a: Zamazenta|Zamazenta-Crowned, L50|100/100
|switch|p1b: Urshifu|Urshifu-Rapid-Strike, L50, F|100/100
|switch|p2a: Incineroar|Incineroar, L50, F|100/100
|switch|p2b: Palkia|Palkia, L50|100/100
|-ability|p1a: Zamazenta|Dauntless Shield|boost
|-boost|p1a: Zamazenta|def|1
|-ability|p2a: Incineroar|Intimidate|boost
|-unboost|p1a: Zamazenta|atk|1
|-unboost|p1b: Urshifu|atk|1
|turn|1
|
|t:|1750770188
|-terastallize|p2a: Incineroar|Grass
|move|p1b: Urshifu|Surging Strikes|p2a: Incineroar
|-resisted|p2a: Incineroar
|-crit|p2a: Incineroar
|-damage|p2a: Incineroar|90/100
|-resisted|p2a: Incineroar
|-crit|p2a: Incineroar
|-damage|p2a: Incineroar|81/100
|-resisted|p2a: Incineroar
|-crit|p2a: Incineroar
|-damage|p2a: Incineroar|70/100
|-hitcount|p2a: Incineroar|3
|move|p1a: Zamazenta|Body Press|p2a: Incineroar
|-damage|p2a: Incineroar|0 fnt
|faint|p2a: Incineroar
|move|p2b: Palkia|Trick Room|p2b: Palkia
|-fieldstart|move: Trick Room|[of] p2b: Palkia
|
|upkeep
|
|t:|1750770203
|switch|p2a: Ursaluna|Ursaluna, L50, F|100/100
|turn|2
|inactive|Kirbyisaguy2 has 30 seconds left.
|
|t:|1750770237
|move|p2a: Ursaluna|Earthquake|p1a: Zamazenta|[spread] p1a,p1b
|-activate|p2b: Palkia|ability: Telepathy
|-supereffective|p1a: Zamazenta
|-damage|p1a: Zamazenta|71/100
|-damage|p1b: Urshifu|54/100
|move|p2b: Palkia|Spacial Rend|p1b: Urshifu
|-damage|p1b: Urshifu|0 fnt
|faint|p1b: Urshifu
|move|p1a: Zamazenta|Body Press|p2b: Palkia
|-damage|p2b: Palkia|36/100
|
|-status|p2a: Ursaluna|brn|[from] item: Flame Orb
|upkeep
|
|t:|1750770250
|switch|p1b: Chien-Pao|Chien-Pao, L50|100/100
|-ability|p1b: Chien-Pao|Sword of Ruin
|turn|3
|
|t:|1750770267
|move|p1b: Chien-Pao|Protect|p1b: Chien-Pao
|-singleturn|p1b: Chien-Pao|Protect
|move|p2a: Ursaluna|Earthquake|p1b: Chien-Pao|[spread] p1a
|-activate|p1b: Chien-Pao|move: Protect
|-activate|p2b: Palkia|ability: Telepathy
|-supereffective|p1a: Zamazenta
|-damage|p1a: Zamazenta|10/100
|move|p2b: Palkia|Spacial Rend|p1b: Chien-Pao
|-activate|p1b: Chien-Pao|move: Protect
|move|p1a: Zamazenta|Body Press|p2a: Ursaluna
|-supereffective|p2a: Ursaluna
|-damage|p2a: Ursaluna|0 fnt
|faint|p2a: Ursaluna
|
|upkeep
|
|t:|1750770283
|switch|p2a: Calyrex|Calyrex-Ice, L50|100/100
|-ability|p2a: Calyrex|As One
|-ability|p2a: Calyrex|Unnerve
|turn|4
|
|t:|1750770300
|move|p1b: Chien-Pao|Sucker Punch|p2a: Calyrex
|-supereffective|p2a: Calyrex
|-crit|p2a: Calyrex
|-damage|p2a: Calyrex|16/100
|move|p2a: Calyrex|High Horsepower|p1a: Zamazenta
|-supereffective|p1a: Zamazenta
|-damage|p1a: Zamazenta|0 fnt
|faint|p1a: Zamazenta
|-ability|p2a: Calyrex|Chilling Neigh|boost
|-boost|p2a: Calyrex|atk|1
|-damage|p2a: Calyrex|7/100|[from] item: Life Orb
|move|p2b: Palkia|Spacial Rend|p1b: Chien-Pao
|-enditem|p1b: Chien-Pao|Focus Sash
|-damage|p1b: Chien-Pao|1/100
|
|upkeep
|
|t:|1750770307
|switch|p1a: Zacian|Zacian-Crowned, L50|100/100
|-ability|p1a: Zacian|Intrepid Sword|boost
|-boost|p1a: Zacian|atk|1
|turn|5
|
|t:|1750770318
|move|p2a: Calyrex|Protect|p2a: Calyrex
|-singleturn|p2a: Calyrex|Protect
|move|p1b: Chien-Pao|Protect|p1b: Chien-Pao
|-singleturn|p1b: Chien-Pao|Protect
|move|p1a: Zacian|Protect|p1a: Zacian
|-singleturn|p1a: Zacian|Protect
|move|p2b: Palkia|Surf|p1a: Zacian|[spread] 
|-activate|p2a: Calyrex|move: Protect
|-activate|p1a: Zacian|move: Protect
|-activate|p1b: Chien-Pao|move: Protect
|
|-fieldend|move: Trick Room
|upkeep
|turn|6
|
|t:|1750770334
|move|p2a: Calyrex|Protect|p2a: Calyrex
|-singleturn|p2a: Calyrex|Protect
|move|p1a: Zacian|Play Rough|p2b: Palkia|[miss]
|-miss|p1a: Zacian|p2b: Palkia
|move|p1b: Chien-Pao|Throat Chop|p2a: Calyrex
|-activate|p2a: Calyrex|move: Protect
|move|p2b: Palkia|Surf|p1b: Chien-Pao|[spread] p1a,p1b
|-activate|p2a: Calyrex|move: Protect
|-damage|p1a: Zacian|57/100
|-damage|p1b: Chien-Pao|0 fnt
|faint|p1b: Chien-Pao
|
|upkeep
|turn|7
|
|t:|1750770358
|move|p1a: Zacian|Behemoth Blade|p2a: Calyrex
|-supereffective|p2a: Calyrex
|-damage|p2a: Calyrex|0 fnt
|faint|p2a: Calyrex
|move|p2b: Palkia|Surf|p1a: Zacian
|-damage|p1a: Zacian|0 fnt
|faint|p1a: Zacian
|
|win|Sascharote31
|raw|Kirbyisaguy2's rating: 1351 &rarr; <strong>1330</strong><br />(-21 for losing)
|raw|Sascharote31's rating: 1328 &rarr; <strong>1349</strong><br />(+21 for winning)
|l|☆Kirbyisaguy2
|player|p1|
|l|☆Sascharote31
|player|p2|
