|j|☆bruh096521
|j|☆duragon312
|t:|1750855298
|gametype|doubles
|player|p1|bruh096521|102|1332
|player|p2|duragon312|101|1359
|teamsize|p1|6
|teamsize|p2|6
|gen|9
|tier|[Gen 9] VGC 2025 Reg I
|rated|
|rule|Species Clause: Limit one of each Pokémon
|rule|Item Clause: Limit 1 of each item
|clearpoke
|poke|p1|Groudon, L50|
|poke|p1|Raging Bolt, L50|
|poke|p1|Heatran, L50, M|
|poke|p1|Amoonguss, L50, F|
|poke|p1|Lunala, L50|
|poke|p1|Incineroar, L50, F|
|poke|p2|Terapagos, L50, M|
|poke|p2|Eternatus, L50|
|poke|p2|Incineroar, L50, F|
|poke|p2|Rillaboom, L50, M|
|poke|p2|Urshifu-*, L50, F|
|poke|p2|Flutter Mane, L50|
|teampreview|4
bruh096521 has agreed to open team sheets.
|inactive|Battle timer is ON: inactive players will automatically lose when time's up. (requested by bruh096521)
|inactive|bruh096521 has 60 seconds left.
|inactive|duragon312 has 60 seconds left.
|
|t:|1750855352
|start
|switch|p1a: Lunala|Lunala, L50|100/100
|switch|p1b: Incineroar|Incineroar, L50, F|100/100
|switch|p2a: Terapagos|Terapagos, L50, M|100/100
|switch|p2b: Incineroar|Incineroar, L50, F|100/100
|-activate|p2a: Terapagos|ability: Tera Shift
|detailschange|p2a: Terapagos|Terapagos-Terastal, L50, M
|-heal|p2a: Terapagos|100/100|[silent]
|-ability|p1b: Incineroar|Intimidate|boost
|-unboost|p2a: Terapagos|atk|1
|-unboost|p2b: Incineroar|atk|1
|-ability|p2b: Incineroar|Intimidate|boost
|-unboost|p1a: Lunala|atk|1
|-unboost|p1b: Incineroar|atk|1
|turn|1
|inactive|bruh096521 has 30 seconds left.
|
|t:|1750855385
|move|p2a: Terapagos|Protect|p2a: Terapagos
|-singleturn|p2a: Terapagos|Protect
|move|p1b: Incineroar|Parting Shot|p2a: Terapagos
|-activate|p2a: Terapagos|move: Protect
|move|p2b: Incineroar|Knock Off|p1a: Lunala
|-supereffective|p1a: Lunala
|-damage|p1a: Lunala|64/100
|-enditem|p1a: Lunala|Weakness Policy
|-boost|p1a: Lunala|atk|2|[from] item: Weakness Policy
|-boost|p1a: Lunala|spa|2|[from] item: Weakness Policy
|move|p1a: Lunala|Trick Room|p1a: Lunala
|-fieldstart|move: Trick Room|[of] p1a: Lunala
|
|upkeep
|turn|2
|inactive|bruh096521 has 30 seconds left.
|inactive|duragon312 has 30 seconds left.
|inactive|duragon312 has 20 seconds left.
|inactive|duragon312 has 15 seconds left.
|inactive|duragon312 has 10 seconds left.
|
|t:|1750855431
|-terastallize|p2a: Terapagos|Stellar
|detailschange|p2a: Terapagos|Terapagos-Stellar, L50, M, tera:Stellar
|-heal|p2a: Terapagos|100/100|[silent]
|move|p1a: Lunala|Protect|p1a: Lunala
|-singleturn|p1a: Lunala|Protect
|move|p2b: Incineroar|Knock Off|p1a: Lunala
|-activate|p1a: Lunala|move: Protect
|move|p1b: Incineroar|Parting Shot|p2a: Terapagos
|-unboost|p2a: Terapagos|atk|1
|-unboost|p2a: Terapagos|spa|1
|l|☆bruh096521
|inactive|bruh096521 disconnected and has a minute to reconnect!
|player|p1|
|inactive|bruh096521 has 30 seconds left.
|inactive|bruh096521 has 20 seconds left.
|inactive|bruh096521 has 15 seconds left.
|j|☆bruh096521
|inactive|bruh096521 reconnected and has 15 seconds left.
|player|p1|bruh096521|102|
|inactive|bruh096521 has 10 seconds left.
|inactive|bruh096521 has 5 seconds left.
|
|t:|1750855481
|switch|p1b: Heatran|Heatran, L50, M|100/100|[from] Parting Shot
|move|p2a: Terapagos|Tera Starstorm|p1b: Heatran|[spread] p1b
|-activate|p1a: Lunala|move: Protect
|-damage|p1b: Heatran|79/100
|
|upkeep
|turn|3
|inactive|duragon312 has 30 seconds left.
|
|t:|1750855513
|switch|p1a: Groudon|Groudon, L50, shiny|100/100
|-weather|SunnyDay|[from] ability: Drought|[of] p1a: Groudon
|move|p2a: Terapagos|Protect|p2a: Terapagos
|-singleturn|p2a: Terapagos|Protect
|move|p1b: Heatran|Heat Wave|p2b: Incineroar|[spread] p2b
|-activate|p2a: Terapagos|move: Protect
|-resisted|p2b: Incineroar
|-damage|p2b: Incineroar|67/100
|move|p2b: Incineroar|Knock Off|p1a: Groudon
|-damage|p1a: Groudon|85/100
|-enditem|p1a: Groudon|Clear Amulet|[from] move: Knock Off|[of] p2b: Incineroar
|
|-weather|SunnyDay|[upkeep]
|upkeep
|turn|4
|inactive|duragon312 has 30 seconds left.
|inactive|duragon312 has 20 seconds left.
|
|t:|1750855552
|switch|p2b: Urshifu|Urshifu, L50, F|100/100
|move|p1b: Heatran|Heat Wave|p2b: Urshifu|[spread] p2a,p2b
|-damage|p2a: Terapagos|47/100
|-enditem|p2b: Urshifu|Focus Sash
|-damage|p2b: Urshifu|1/100
|move|p2a: Terapagos|Tera Starstorm|p1b: Heatran|[spread] p1a,p1b
|-damage|p1a: Groudon|59/100
|-damage|p1b: Heatran|58/100
|move|p1a: Groudon|Precipice Blades|p2a: Terapagos|[spread] p2a,p2b
|-damage|p2a: Terapagos|16/100
|-damage|p2b: Urshifu|0 fnt
|faint|p2b: Urshifu
|
|-weather|SunnyDay|[upkeep]
|-heal|p2a: Terapagos|22/100|[from] item: Leftovers
|upkeep
|
|t:|1750855567
|switch|p2b: Incineroar|Incineroar, L50, F|67/100
|-ability|p2b: Incineroar|Intimidate|boost
|-unboost|p1a: Groudon|atk|1
|-unboost|p1b: Heatran|atk|1
|turn|5
|
|t:|1750855587
|switch|p1b: Incineroar|Incineroar, L50, F|100/100
|-ability|p1b: Incineroar|Intimidate|boost
|-unboost|p2a: Terapagos|atk|1
|-unboost|p2b: Incineroar|atk|1
|move|p2b: Incineroar|Fake Out|p1b: Incineroar
|-damage|p1b: Incineroar|94/100
|move|p2a: Terapagos|Tera Starstorm|p1a: Groudon|[spread] p1a,p1b
|-damage|p1a: Groudon|36/100
|-damage|p1b: Incineroar|72/100
|move|p1a: Groudon|Precipice Blades|p2b: Incineroar|[spread] p2a,p2b
|-supereffective|p2b: Incineroar
|-damage|p2a: Terapagos|3/100
|-damage|p2b: Incineroar|10/100
|
|-weather|SunnyDay|[upkeep]
|-heal|p2a: Terapagos|9/100|[from] item: Leftovers
|-fieldend|move: Trick Room
|upkeep
|turn|6
|
|t:|1750855608
|switch|p2a: Eternatus|Eternatus, L50|100/100
|-ability|p2a: Eternatus|Pressure
|move|p1b: Incineroar|Fake Out|p2b: Incineroar
|-damage|p2b: Incineroar|1/100
|-damage|p1b: Incineroar|56/100|[from] item: Rocky Helmet|[of] p2b: Incineroar
|move|p1a: Groudon|High Horsepower|p2a: Eternatus
|-supereffective|p2a: Eternatus
|-damage|p2a: Eternatus|36/100
|cant|p2b: Incineroar|flinch
|
|-weather|SunnyDay|[upkeep]
|upkeep
|turn|7
|inactive|bruh096521 has 30 seconds left.
|inactive|duragon312 has 30 seconds left.
|inactive|bruh096521 has 20 seconds left.
|inactive|bruh096521 has 15 seconds left.
|inactive|bruh096521 has 10 seconds left.
|
|t:|1750855658
|move|p2a: Eternatus|Dynamax Cannon|p1b: Incineroar
|-crit|p1b: Incineroar
|-damage|p1b: Incineroar|0 fnt
|faint|p1b: Incineroar
|move|p1a: Groudon|Precipice Blades|p2a: Eternatus|[spread] p2a,p2b
|-supereffective|p2a: Eternatus
|-supereffective|p2b: Incineroar
|-damage|p2a: Eternatus|0 fnt
|-damage|p2b: Incineroar|0 fnt
|faint|p2a: Eternatus
|faint|p2b: Incineroar
|
|-weather|none
|upkeep
|
|t:|1750855673
|switch|p1b: Heatran|Heatran, L50, M|58/100
|switch|p2b: Terapagos|Terapagos-Stellar, L50, M, tera:Stellar|9/100
|turn|8
|
|t:|1750855681
|move|p1a: Groudon|High Horsepower|p2b: Terapagos
|-damage|p2b: Terapagos|0 fnt
|faint|p2b: Terapagos
|detailschange|p2: Terapagos|Terapagos, L50, M|[silent]
|
|win|bruh096521
|raw|bruh096521's rating: 1332 &rarr; <strong>1354</strong><br />(+22 for winning)
|raw|duragon312's rating: 1359 &rarr; <strong>1337</strong><br />(-22 for losing)
|l|☆duragon312
|player|p2|
|l|☆bruh096521
|player|p1|
