|j|☆Yugi wit da hoodie
|j|☆Sheldrom
|html|<table width="100%"><tr><td align="left">Yugi wit da hoodie</td><td align="right">Sheldrom</tr><tr><td align="left"><i class="fa fa-circle-o"></i> <i class="fa fa-circle-o"></i> </td><td align="right"><i class="fa fa-circle-o"></i> <i class="fa fa-circle"></i> </tr></table>
|uhtml|bestof|<h2><strong>Game 2</strong> of <a href="/game-bestof3-gen9vgc2025regi-2391158380">a best-of-3</a></h2>
|t:|1750810297
|gametype|doubles
|player|p1|Yugi wit da hoodie|265|
|player|p2|Sheldrom|caitlin|
|teamsize|p1|6
|teamsize|p2|6
|gen|9
|tier|[Gen 9] VGC 2025 Reg I
|rule|Species Clause: Limit one of each Pokémon
|rule|Item Clause: Limit 1 of each item
|raw|<div class="infobox"><details class="readmore" open><summary><strong>1 custom rule:</strong></summary> Best of = 3</details></div>
|clearpoke
|poke|p1|Terapagos, L50, M|
|poke|p1|Ogerpon-Cornerstone, L50, F|
|poke|p1|Regidrago, L50|
|poke|p1|Tinkaton, L50, F|
|poke|p1|Hitmontop, L50, M|
|poke|p1|Salazzle, L50, F|
|poke|p2|Calyrex-Ice, L50|
|poke|p2|Sylveon, L50, F|
|poke|p2|Dondozo, L50, F|
|poke|p2|Tatsugiri, L50, F|
|poke|p2|Porygon2, L50|
|poke|p2|Toedscruel, L50, M|
|teampreview|4
|j| MaxwellH
Sheldrom rejected open team sheets.
|j| dolphinsfan254
|j| CocoRush
|j| MaxwellBeerSquad
|j| WindyEng
|l| CocoRush
|j| CocoRush
|
|t:|1750810471
|start
|switch|p1a: Crush|Terapagos, L50, M|100/100
|switch|p1b: Wiki-Tiki|Ogerpon-Cornerstone, L50, F|100/100
|switch|p2a: Horse|Calyrex-Ice, L50|100/100
|switch|p2b: Jellyfish|Toedscruel, L50, M, shiny|100/100
|-activate|p1a: Crush|ability: Tera Shift
|detailschange|p1a: Crush|Terapagos-Terastal, L50, M
|-heal|p1a: Crush|100/100|[silent]
|-ability|p2a: Horse|As One
|-ability|p2a: Horse|Unnerve
|turn|1
|
|t:|1750810522
|switch|p2b: Duck|Porygon2, L50, shiny|100/100
|-ability|p2b: Duck|Download|boost
|-boost|p2b: Duck|spa|1
|move|p1b: Wiki-Tiki|Ivy Cudgel|p2a: Horse|[anim] Ivy Cudgel Rock
|-supereffective|p2a: Horse
|-damage|p2a: Horse|24/100
|move|p1a: Crush|Calm Mind|p1a: Crush
|-boost|p1a: Crush|spa|1
|-boost|p1a: Crush|spd|1
|move|p2a: Horse|Glacial Lance|p1b: Wiki-Tiki|[spread] p1a,p1b
|-activate|p1a: Crush|ability: Tera Shell
|-resisted|p1a: Crush
|-supereffective|p1b: Wiki-Tiki
|-damage|p1a: Crush|81/100
|-ability|p1b: Wiki-Tiki|Sturdy
|-damage|p1b: Wiki-Tiki|1/100
|
|-heal|p1a: Crush|87/100|[from] item: Leftovers
|-heal|p2a: Horse|30/100|[from] item: Leftovers
|upkeep
|turn|2
|j| sadwithpower
|
|t:|1750810614
|switch|p2a: Jellyfish|Toedscruel, L50, M, shiny|100/100
|-terastallize|p1a: Crush|Stellar
|detailschange|p1a: Crush|Terapagos-Stellar, L50, M, tera:Stellar
|-heal|p1a: Crush|90/100|[silent]
|move|p1b: Wiki-Tiki|Power Whip|p2b: Duck|[miss]
|-miss|p1b: Wiki-Tiki|p2b: Duck
|move|p1a: Crush|Tera Starstorm|p2a: Jellyfish|[spread] p2a,p2b
|-damage|p2a: Jellyfish|62/100
|-damage|p2b: Duck|66/100
|move|p2b: Duck|Trick Room|p2b: Duck
|-fieldstart|move: Trick Room|[of] p2b: Duck
|
|-heal|p1a: Crush|97/100|[from] item: Leftovers
|upkeep
|turn|3
|c|☆Yugi wit da hoodie|when it matters most
|c|☆Yugi wit da hoodie|cmon ogerpon
|
|t:|1750810676
|move|p1b: Wiki-Tiki|Follow Me|p1b: Wiki-Tiki
|-singleturn|p1b: Wiki-Tiki|move: Follow Me
|move|p2b: Duck|Tera Blast|p1b: Wiki-Tiki
|-resisted|p1b: Wiki-Tiki
|-damage|p1b: Wiki-Tiki|0 fnt
|faint|p1b: Wiki-Tiki
|move|p1a: Crush|Calm Mind|p1a: Crush
|-boost|p1a: Crush|spa|1
|-boost|p1a: Crush|spd|1
|move|p2a: Jellyfish|Spore|p1a: Crush
|-status|p1a: Crush|slp|[from] move: Spore
|
|-heal|p1a: Crush|100/100 slp|[from] item: Leftovers
|upkeep
|
|t:|1750810695
|switch|p1b: Hitmontop|Hitmontop, L50, M|100/100
|-ability|p1b: Hitmontop|Intimidate|boost
|-unboost|p2a: Jellyfish|atk|1
|-unboost|p2b: Duck|atk|1
|turn|4
|
|t:|1750810719
|move|p1b: Hitmontop|Fake Out|p2b: Duck
|-damage|p2b: Duck|60/100
|move|p2a: Jellyfish|Rage Powder|p2a: Jellyfish
|-singleturn|p2a: Jellyfish|move: Rage Powder
|cant|p2b: Duck|flinch
|cant|p1a: Crush|slp
|
|upkeep
|turn|5
|c| WindyEng|I love hitmontop's little dance
|c| sadwithpower|I also love Hitmontop's little dance
|c| WindyEng|even if it doesn't have a nickname
|c|☆Yugi wit da hoodie|Aww man he's supposed to
|c|☆Yugi wit da hoodie|Pegasus
|
|t:|1750810824
|switch|p1b: Randall|Salazzle, L50, F, shiny|100/100
|move|p2b: Duck|Recover|p2b: Duck
|-heal|p2b: Duck|100/100
|cant|p1a: Crush|slp
|move|p2a: Jellyfish|Spore|p1b: Randall
|-status|p1b: Randall|slp|[from] move: Spore
|
|upkeep
|turn|6
|
|t:|1750810862
|move|p2b: Duck|Tera Blast|p1b: Randall
|-damage|p1b: Randall|11/100 slp
|cant|p1a: Crush|slp
|move|p2a: Jellyfish|Earth Power|p1b: Randall
|-supereffective|p1b: Randall
|-damage|p1b: Randall|0 fnt
|faint|p1b: Randall
|
|-fieldend|move: Trick Room
|upkeep
|
|t:|1750810871
|switch|p1b: Hitmontop|Hitmontop, L50, M|100/100
|-ability|p1b: Hitmontop|Intimidate|boost
|-unboost|p2a: Jellyfish|atk|1
|-unboost|p2b: Duck|atk|1
|turn|7
|
|t:|1750810896
|move|p2a: Jellyfish|Protect|p2a: Jellyfish
|-singleturn|p2a: Jellyfish|Protect
|move|p1b: Hitmontop|Fake Out|p2b: Duck
|-damage|p2b: Duck|94/100
|-curestatus|p1a: Crush|slp|[msg]
|move|p1a: Crush|Tera Starstorm|p2b: Duck|[spread] p2b
|-activate|p2a: Jellyfish|move: Protect
|-damage|p2b: Duck|53/100
|cant|p2b: Duck|flinch
|
|upkeep
|turn|8
|
|t:|1750810934
|move|p1b: Hitmontop|Helping Hand|p1a: Crush
|-singleturn|p1a: Crush|Helping Hand|[of] p1b: Hitmontop
|move|p1a: Crush|Tera Starstorm|p2a: Jellyfish|[spread] p2a,p2b
|-damage|p2a: Jellyfish|0 fnt
|-damage|p2b: Duck|0 fnt
|faint|p2a: Jellyfish
|faint|p2b: Duck
|
|upkeep
|
|t:|1750810942
|switch|p2a: Horse|Calyrex-Ice, L50|30/100
|switch|p2b: Cat|Sylveon, L50, F, shiny|100/100
|-ability|p2a: Horse|As One
|-ability|p2a: Horse|Unnerve
|turn|9
|c| CocoRush|Cat has entered the game
|
|t:|1750810968
|-terastallize|p2b: Cat|Fairy
|move|p1b: Hitmontop|Helping Hand|p1a: Crush
|-singleturn|p1a: Crush|Helping Hand|[of] p1b: Hitmontop
|move|p1a: Crush|Tera Starstorm|p2b: Cat|[spread] p2a,p2b
|-supereffective|p2b: Cat
|-damage|p2a: Horse|0 fnt
|-damage|p2b: Cat|0 fnt
|faint|p2a: Horse
|faint|p2b: Cat
|
|win|Yugi wit da hoodie
||Sheldrom is ready for game 3.
|c|☆Yugi wit da hoodie|gg
|c|☆Sheldrom|Gg!
|inactive|Yugi wit da hoodie has 30 seconds to confirm battle start!
||Yugi wit da hoodie is ready for game 3.
|uhtml|next|Next: <a href="/battle-gen9vgc2025regi-2391166850"><strong>Game 3 of 3</strong></a>
