|j|☆Zordor
|j|☆Cellpab1
|t:|1750796261
|gametype|doubles
|player|p1|Zordor|pilot|1584
|player|p2|Cellpab1|101|1653
|teamsize|p1|6
|teamsize|p2|6
|gen|9
|tier|[Gen 9] VGC 2025 Reg I
|rated|
|rule|Species Clause: Limit one of each Pokémon
|rule|Item Clause: Limit 1 of each item
|clearpoke
|poke|p1|Entei, L50|
|poke|p1|Walking Wake, L50|
|poke|p1|Groudon, L50|
|poke|p1|Zacian-*, L50|
|poke|p1|Thundurus, L50, M|
|poke|p1|Primarina, L50, F|
|poke|p2|Miraidon, L50|
|poke|p2|Zamazenta-*, L50|
|poke|p2|Grimmsnarl, L50, M|
|poke|p2|Chien-Pao, L50|
|poke|p2|Volcarona, L50, F|
|poke|p2|Iron Hands, L50|
|teampreview|4
|
|t:|1750796328
|start
|switch|p1a: Thundurus|Thundurus, L50, M|100/100
|switch|p1b: Groudon|Groudon, L50|100/100
|switch|p2a: Zamazenta|Zamazenta-Crowned, L50|100/100
|switch|p2b: Grimmsnarl|Grimmsnarl, L50, M|100/100
|-ability|p2a: Zamazenta|Dauntless Shield|boost
|-boost|p2a: Zamazenta|def|1
|-weather|SunnyDay|[from] ability: Drought|[of] p1b: Groudon
|turn|1
|inactive|Battle timer is ON: inactive players will automatically lose when time's up. (requested by Cellpab1)
|
|t:|1750796381
|move|p1b: Groudon|Protect|p1b: Groudon
|-singleturn|p1b: Groudon|Protect
|move|p1a: Thundurus|Thunder Wave|p2a: Zamazenta
|-status|p2a: Zamazenta|par
|move|p2b: Grimmsnarl|Reflect|p2b: Grimmsnarl
|-sidestart|p2: Cellpab1|Reflect
|cant|p2a: Zamazenta|par
|
|-weather|SunnyDay|[upkeep]
|upkeep
|turn|2
|inactive|Zordor has 30 seconds left.
|inactive|Cellpab1 has 30 seconds left.
|inactive|Cellpab1 has 20 seconds left.
|
|t:|1750796421
|move|p1a: Thundurus|Thunderbolt|p2a: Zamazenta
|-damage|p2a: Zamazenta|76/100 par
|move|p1b: Groudon|Heat Crash|p2b: Grimmsnarl
|-damage|p2b: Grimmsnarl|58/100
|move|p2b: Grimmsnarl|Spirit Break|p1a: Thundurus
|-damage|p1a: Thundurus|63/100
|move|p2a: Zamazenta|Body Press|p1b: Groudon
|-damage|p1b: Groudon|55/100
|
|-weather|SunnyDay|[upkeep]
|upkeep
|turn|3
|inactive|Cellpab1 has 30 seconds left.
|inactive|Cellpab1 has 20 seconds left.
|inactive|Cellpab1 has 15 seconds left.
|inactive|Cellpab1 has 10 seconds left.
|
|t:|1750796471
|move|p2b: Grimmsnarl|Light Screen|p2b: Grimmsnarl
|-sidestart|p2: Cellpab1|move: Light Screen
|move|p1a: Thundurus|Thunderbolt|p2b: Grimmsnarl
|-damage|p2b: Grimmsnarl|35/100
|move|p1b: Groudon|Heat Crash|p2b: Grimmsnarl
|-damage|p2b: Grimmsnarl|0 fnt
|faint|p2b: Grimmsnarl
|move|p2a: Zamazenta|Body Press|p1b: Groudon
|-damage|p1b: Groudon|13/100
|
|-weather|SunnyDay|[upkeep]
|upkeep
|
|t:|1750796496
|switch|p2b: Miraidon|Miraidon, L50|100/100
|-fieldstart|move: Electric Terrain|[from] ability: Hadron Engine|[of] p2b: Miraidon
|turn|4
|inactive|Cellpab1 has 30 seconds left.
|
|t:|1750796525
|move|p1a: Thundurus|Eerie Impulse|p2b: Miraidon
|-unboost|p2b: Miraidon|spa|2
|move|p2b: Miraidon|Dazzling Gleam|p1b: Groudon|[spread] p1a,p1b
|-damage|p1a: Thundurus|40/100
|-damage|p1b: Groudon|0 fnt
|faint|p1b: Groudon
|move|p2a: Zamazenta|Body Press|p1a: Thundurus
|-resisted|p1a: Thundurus
|-damage|p1a: Thundurus|2/100
|
|-weather|SunnyDay|[upkeep]
|upkeep
|
|t:|1750796543
|switch|p1b: Zacian|Zacian-Crowned, L50|100/100
|-ability|p1b: Zacian|Intrepid Sword|boost
|-boost|p1b: Zacian|atk|1
|turn|5
|inactive|Cellpab1 has 30 seconds left.
|inactive|Cellpab1 has 20 seconds left.
|inactive|Cellpab1 has 15 seconds left.
|inactive|Cellpab1 has 10 seconds left.
|inactive|Cellpab1 has 5 seconds left.
|
|t:|1750796595
|switch|p1a: Entei|Entei, L50|100/100
|-terastallize|p2b: Miraidon|Fairy
|move|p2a: Zamazenta|Protect|p2a: Zamazenta
|-singleturn|p2a: Zamazenta|Protect
|move|p1b: Zacian|Sacred Sword|p2a: Zamazenta
|-activate|p2a: Zamazenta|move: Protect
|move|p2b: Miraidon|Dazzling Gleam|p1a: Entei|[spread] p1a,p1b
|-resisted|p1a: Entei
|-resisted|p1b: Zacian
|-damage|p1a: Entei|87/100
|-damage|p1b: Zacian|87/100
|
|-weather|none
|-heal|p1a: Entei|93/100|[from] item: Leftovers
|upkeep
|turn|6
|
|t:|1750796618
|move|p1b: Zacian|Sacred Sword|p2a: Zamazenta
|-supereffective|p2a: Zamazenta
|-damage|p2a: Zamazenta|43/100 par
|move|p2b: Miraidon|Dazzling Gleam|p1b: Zacian|[spread] p1a,p1b
|-resisted|p1a: Entei
|-resisted|p1b: Zacian
|-damage|p1a: Entei|80/100
|-damage|p1b: Zacian|74/100
|move|p1a: Entei|Sacred Fire|p2a: Zamazenta
|-supereffective|p2a: Zamazenta
|-damage|p2a: Zamazenta|23/100 par
|cant|p2a: Zamazenta|par
|
|-heal|p1a: Entei|86/100|[from] item: Leftovers
|upkeep
|turn|7
|inactive|Cellpab1 has 30 seconds left.
|inactive|Cellpab1 has 20 seconds left.
|
|t:|1750796655
|switch|p2b: Volcarona|Volcarona, L50, F|100/100
|move|p1b: Zacian|Sacred Sword|p2a: Zamazenta
|-supereffective|p2a: Zamazenta
|-damage|p2a: Zamazenta|0 fnt
|faint|p2a: Zamazenta
|move|p1a: Entei|Substitute|p1a: Entei
|-start|p1a: Entei|Substitute
|-damage|p1a: Entei|61/100
|
|-heal|p1a: Entei|67/100|[from] item: Leftovers
|upkeep
|
|t:|1750796669
|switch|p2a: Miraidon|Miraidon, L50, tera:Fairy|100/100
|-activate|p2a: Miraidon|ability: Hadron Engine
|turn|8
|inactive|Cellpab1 has 30 seconds left.
|
|t:|1750796699
|move|p1b: Zacian|Protect|p1b: Zacian
|-singleturn|p1b: Zacian|Protect
|move|p1a: Entei|Protect|p1a: Entei
|-singleturn|p1a: Entei|Protect
|move|p2a: Miraidon|Electro Drift|p1a: Entei
|-activate|p1a: Entei|move: Protect
|move|p2b: Volcarona|Flamethrower|p1b: Zacian
|-activate|p1b: Zacian|move: Protect
|
|-heal|p1a: Entei|74/100|[from] item: Leftovers
|-sideend|p2: Cellpab1|Reflect
|-fieldend|move: Electric Terrain
|upkeep
|turn|9
|
|t:|1750796717
|move|p1b: Zacian|Behemoth Blade|p2a: Miraidon
|-supereffective|p2a: Miraidon
|-damage|p2a: Miraidon|0 fnt
|faint|p2a: Miraidon
|move|p2b: Volcarona|Flamethrower|p1b: Zacian
|-supereffective|p1b: Zacian
|-crit|p1b: Zacian
|-damage|p1b: Zacian|0 fnt
|faint|p1b: Zacian
|move|p1a: Entei|Sacred Fire|p2b: Volcarona
|-damage|p2b: Volcarona|50/100
|
|-heal|p2b: Volcarona|57/100|[from] item: Leftovers
|-heal|p1a: Entei|80/100|[from] item: Leftovers
|upkeep
|
|t:|1750796720
|switch|p1b: Thundurus|Thundurus, L50, M|2/100
|turn|10
|inactive|Cellpab1 has 30 seconds left.
|inactive|Cellpab1 has 20 seconds left.
|inactive|Cellpab1 has 15 seconds left.
|inactive|Cellpab1 has 10 seconds left.
|inactive|Cellpab1 has 5 seconds left.
|
|t:|1750796775
|move|p1b: Thundurus|Eerie Impulse|p2b: Volcarona
|-unboost|p2b: Volcarona|spa|2
|move|p2b: Volcarona|Flamethrower|p1a: Entei
|-resisted|p1a: Entei
|-crit|p1a: Entei
|-end|p1a: Entei|Substitute
|move|p1a: Entei|Sacred Fire|p2b: Volcarona
|-damage|p2b: Volcarona|10/100
|
|-heal|p2b: Volcarona|16/100|[from] item: Leftovers
|-heal|p1a: Entei|86/100|[from] item: Leftovers
|-sideend|p2: Cellpab1|move: Light Screen
|upkeep
|turn|11
|inactive|Cellpab1 has 30 seconds left.
|inactive|Cellpab1 has 20 seconds left.
|inactive|Cellpab1 has 15 seconds left.
|inactive|Cellpab1 has 10 seconds left.
|inactive|Cellpab1 has 5 seconds left.
|
|t:|1750796830
|move|p1b: Thundurus|Thunderbolt|p2b: Volcarona
|-damage|p2b: Volcarona|0 fnt
|faint|p2b: Volcarona
|
|win|Zordor
|raw|Zordor's rating: 1584 &rarr; <strong>1608</strong><br />(+24 for winning)
|raw|Cellpab1's rating: 1653 &rarr; <strong>1629</strong><br />(-24 for losing)
|l|☆Zordor
|player|p1|
