|j|☆rman500
|j|☆Nickpents
|t:|1750857741
|gametype|doubles
|player|p1|rman500|170|1112
|player|p2|Nickpents|2|1103
|teamsize|p1|6
|teamsize|p2|6
|gen|9
|tier|[Gen 9] VGC 2025 Reg I
|rated|
|rule|Species Clause: Limit one of each Pokémon
|rule|Item Clause: Limit 1 of each item
|clearpoke
|poke|p1|Ho-Oh, L50|
|poke|p1|Eternatus, L50|
|poke|p1|Quagsire, L50, F|
|poke|p1|Grimmsnarl, L50, M|
|poke|p1|Ting-Lu, L50|
|poke|p1|Rhydon, L50, M|
|poke|p2|Urshifu-*, L50, F|
|poke|p2|Incineroar, L50, M|
|poke|p2|Farigiraf, L50, F|
|poke|p2|Cresselia, L50, F|
|poke|p2|Torkoal, L50, F|
|poke|p2|Zamazenta-*, L50|
|teampreview|4
|inactive|Battle timer is ON: inactive players will automatically lose when time's up. (requested by rman500)
|inactive|rman500 has 60 seconds left.
|
|t:|1750857777
|start
|switch|p1a: Ho-Oh|Ho-Oh, L50|100/100
|switch|p1b: Grimmsnarl|Grimmsnarl, L50, M|100/100
|switch|p2a: Farigiraf|Farigiraf, L50, F|100/100
|switch|p2b: Urshifu|Urshifu-Rapid-Strike, L50, F|100/100
|turn|1
|
|t:|1750857796
|move|p1b: Grimmsnarl|Reflect|p1b: Grimmsnarl
|-sidestart|p1: rman500|Reflect
|move|p2b: Urshifu|Surging Strikes|p1a: Ho-Oh
|-supereffective|p1a: Ho-Oh
|-crit|p1a: Ho-Oh
|-damage|p1a: Ho-Oh|64/100
|-damage|p2b: Urshifu|84/100|[from] item: Rocky Helmet|[of] p1a: Ho-Oh
|-supereffective|p1a: Ho-Oh
|-crit|p1a: Ho-Oh
|-damage|p1a: Ho-Oh|30/100
|-damage|p2b: Urshifu|68/100|[from] item: Rocky Helmet|[of] p1a: Ho-Oh
|-supereffective|p1a: Ho-Oh
|-crit|p1a: Ho-Oh
|-damage|p1a: Ho-Oh|0 fnt
|-damage|p2b: Urshifu|51/100|[from] item: Rocky Helmet|[of] p1a: Ho-Oh
|faint|p1a: Ho-Oh
|-hitcount|p1: Ho-Oh|3
|-damage|p2b: Urshifu|41/100|[from] item: Life Orb
|move|p2a: Farigiraf|Dazzling Gleam|p1b: Grimmsnarl
|-supereffective|p1b: Grimmsnarl
|-damage|p1b: Grimmsnarl|47/100
|
|upkeep
|
|t:|1750857809
|switch|p1a: Ting-Lu|Ting-Lu, L50|100/100
|-ability|p1a: Ting-Lu|Vessel of Ruin
|turn|2
|
|t:|1750857821
|switch|p1a: Quagsire|Quagsire, L50, F|100/100
|move|p1b: Grimmsnarl|Light Screen|p1b: Grimmsnarl
|-sidestart|p1: rman500|move: Light Screen
|move|p2b: Urshifu|Surging Strikes|p1a: Quagsire
|-immune|p1a: Quagsire|[from] ability: Water Absorb
|move|p2a: Farigiraf|Dazzling Gleam|p1a: Quagsire|[spread] p1a,p1b
|-supereffective|p1b: Grimmsnarl
|-damage|p1a: Quagsire|85/100
|-damage|p1b: Grimmsnarl|19/100
|
|-heal|p1a: Quagsire|91/100|[from] item: Leftovers
|upkeep
|turn|3
|inactive|Nickpents has 30 seconds left.
|inactive|Nickpents has 20 seconds left.
|inactive|Nickpents has 15 seconds left.
|inactive|rman500 has 30 seconds left.
|inactive|Nickpents has 10 seconds left.
|inactive|Nickpents has 5 seconds left.
|
|t:|1750857872
|move|p1b: Grimmsnarl|Thunder Wave||[still]
|cant|p2a: Farigiraf|ability: Armor Tail|Thunder Wave|[of] p1b: Grimmsnarl
|move|p2b: Urshifu|Close Combat|p1b: Grimmsnarl
|-damage|p1b: Grimmsnarl|0 fnt
|-unboost|p2b: Urshifu|def|1
|-unboost|p2b: Urshifu|spd|1
|faint|p1b: Grimmsnarl
|-damage|p2b: Urshifu|32/100|[from] item: Life Orb
|move|p2a: Farigiraf|Dazzling Gleam|p1a: Quagsire
|-damage|p1a: Quagsire|70/100
|move|p1a: Quagsire|Earth Power|p2b: Urshifu
|-damage|p2b: Urshifu|0 fnt
|faint|p2b: Urshifu
|
|-heal|p1a: Quagsire|76/100|[from] item: Leftovers
|upkeep
|inactive|Nickpents has 30 seconds left.
|inactive|Nickpents has 20 seconds left.
|inactive|Nickpents has 15 seconds left.
|inactive|Nickpents has 10 seconds left.
|inactive|Nickpents has 5 seconds left.
|
|t:|1750857927
|switch|p2b: Cresselia|Cresselia, L50, F|100/100
|switch|p1b: Ting-Lu|Ting-Lu, L50|100/100
|-ability|p1b: Ting-Lu|Vessel of Ruin
|turn|4
|inactive|Nickpents has 30 seconds left.
|inactive|Nickpents has 20 seconds left.
|inactive|Nickpents has 15 seconds left.
|inactive|Nickpents has 10 seconds left.
|inactive|Nickpents has 5 seconds left.
|
|t:|1750857982
|move|p2b: Cresselia|Icy Wind|p1a: Quagsire|[spread] p1a,p1b
|-supereffective|p1b: Ting-Lu
|-damage|p1a: Quagsire|72/100
|-damage|p1b: Ting-Lu|97/100
|-unboost|p1a: Quagsire|spe|1
|-unboost|p1b: Ting-Lu|spe|1
|move|p1b: Ting-Lu|Sand Tomb|p2a: Farigiraf
|-damage|p2a: Farigiraf|87/100
|-activate|p2a: Farigiraf|move: Sand Tomb|[of] p1b: Ting-Lu
|move|p1a: Quagsire|Toxic|p2b: Cresselia
|-status|p2b: Cresselia|tox
|move|p2a: Farigiraf|Trick Room|p2a: Farigiraf
|-fieldstart|move: Trick Room|[of] p2a: Farigiraf
|
|-heal|p1a: Quagsire|78/100|[from] item: Leftovers
|-damage|p2b: Cresselia|94/100 tox|[from] psn
|-damage|p2a: Farigiraf|75/100|[from] move: Sand Tomb|[partiallytrapped]
|upkeep
|turn|5
|inactive|Nickpents has 30 seconds left.
|inactive|Nickpents has 20 seconds left.
|inactive|rman500 has 30 seconds left.
|inactive|Nickpents has 15 seconds left.
|inactive|Nickpents has 10 seconds left.
|inactive|Nickpents has 5 seconds left.
|
|t:|1750858037
|move|p1a: Quagsire|Toxic|p2b: Cresselia|[miss]
|-miss|p1a: Quagsire|p2b: Cresselia
|move|p1b: Ting-Lu|Snarl|p2a: Farigiraf|[spread] p2a,p2b
|-supereffective|p2a: Farigiraf
|-supereffective|p2b: Cresselia
|-damage|p2a: Farigiraf|57/100
|-damage|p2b: Cresselia|83/100 tox
|-unboost|p2a: Farigiraf|spa|1
|-unboost|p2b: Cresselia|spa|1
|move|p2b: Cresselia|Icy Wind|p1b: Ting-Lu|[spread] p1a,p1b
|-supereffective|p1b: Ting-Lu
|-damage|p1a: Quagsire|74/100
|-damage|p1b: Ting-Lu|96/100
|-unboost|p1a: Quagsire|spe|1
|-unboost|p1b: Ting-Lu|spe|1
|move|p2a: Farigiraf|Trick Room|p2a: Farigiraf
|-fieldend|move: Trick Room
|
|-heal|p1a: Quagsire|80/100|[from] item: Leftovers
|-damage|p2b: Cresselia|71/100 tox|[from] psn
|-damage|p2a: Farigiraf|45/100|[from] move: Sand Tomb|[partiallytrapped]
|upkeep
|turn|6
|inactive|rman500 has 30 seconds left.
|inactive|Nickpents has 30 seconds left.
|inactive|Nickpents has 20 seconds left.
|inactive|Nickpents has 15 seconds left.
|inactive|Nickpents has 10 seconds left.
|inactive|Nickpents has 5 seconds left.
|
|t:|1750858092
|move|p2b: Cresselia|Icy Wind|p1b: Ting-Lu|[spread] p1a,p1b
|-supereffective|p1b: Ting-Lu
|-damage|p1a: Quagsire|77/100
|-damage|p1b: Ting-Lu|94/100
|-unboost|p1a: Quagsire|spe|1
|-unboost|p1b: Ting-Lu|spe|1
|move|p1b: Ting-Lu|Snarl|p2b: Cresselia|[spread] p2a,p2b
|-supereffective|p2a: Farigiraf
|-supereffective|p2b: Cresselia
|-damage|p2a: Farigiraf|27/100
|-damage|p2b: Cresselia|60/100 tox
|-unboost|p2a: Farigiraf|spa|1
|-unboost|p2b: Cresselia|spa|1
|move|p1a: Quagsire|Toxic|p2b: Cresselia
|-fail|p2b: Cresselia|tox
|move|p2a: Farigiraf|Trick Room|p2a: Farigiraf
|-fieldstart|move: Trick Room|[of] p2a: Farigiraf
|
|-heal|p1a: Quagsire|83/100|[from] item: Leftovers
|-damage|p2b: Cresselia|42/100 tox|[from] psn
|-damage|p2a: Farigiraf|15/100|[from] move: Sand Tomb|[partiallytrapped]
|upkeep
|turn|7
|inactive|rman500 has 30 seconds left.
|inactive|Nickpents has 30 seconds left.
|inactive|Nickpents has 20 seconds left.
|inactive|Nickpents has 15 seconds left.
|inactive|Nickpents has 10 seconds left.
|inactive|Nickpents has 5 seconds left.
|
|t:|1750858147
|move|p1a: Quagsire|Earth Power|p2a: Farigiraf
|-damage|p2a: Farigiraf|0 fnt
|faint|p2a: Farigiraf
|move|p1b: Ting-Lu|Snarl|p2b: Cresselia
|-supereffective|p2b: Cresselia
|-damage|p2b: Cresselia|27/100 tox
|-unboost|p2b: Cresselia|spa|1
|move|p2b: Cresselia|Icy Wind|p1b: Ting-Lu|[spread] p1a
|-miss|p2b: Cresselia|p1b: Ting-Lu
|-damage|p1a: Quagsire|81/100
|-unboost|p1a: Quagsire|spe|1
|
|-heal|p1a: Quagsire|87/100|[from] item: Leftovers
|-damage|p2b: Cresselia|3/100 tox|[from] psn
|upkeep
|inactive|Nickpents has 30 seconds left.
|inactive|Nickpents has 20 seconds left.
|inactive|Nickpents has 15 seconds left.
|inactive|Nickpents has 10 seconds left.
|inactive|Nickpents has 5 seconds left.
|
|t:|1750858202
|switch|p2a: Torkoal|Torkoal, L50, F|100/100
|-weather|SunnyDay|[from] ability: Drought|[of] p2a: Torkoal
|turn|8
|inactive|Nickpents has 15 seconds left this turn.
|inactive|Nickpents has 10 seconds left.
|inactive|Nickpents has 5 seconds left.
|-message|Nickpents lost due to inactivity.
|
|win|rman500
|raw|rman500's rating: 1112 &rarr; <strong>1136</strong><br />(+24 for winning)
|raw|Nickpents's rating: 1103 &rarr; <strong>1079</strong><br />(-24 for losing)
|l|☆rman500
|player|p1|
