|j|☆Jackbouncy
|j|☆yufish123
|t:|1750771782
|gametype|doubles
|player|p1|Jackbouncy|102|1479
|player|p2|yufish123|1|1508
|teamsize|p1|6
|teamsize|p2|6
|gen|9
|tier|[Gen 9] VGC 2025 Reg I
|rated|
|rule|Species Clause: Limit one of each Pokémon
|rule|Item Clause: Limit 1 of each item
|clearpoke
|poke|p1|Lugia, L50|
|poke|p1|Grimmsnarl, L50, M|
|poke|p1|Kyogre, L50|
|poke|p1|Whimsicott, L50, F|
|poke|p1|Rillaboom, L50, M|
|poke|p1|Archaludon, L50, M|
|poke|p2|Tornadus, L50, M|
|poke|p2|Farigiraf, L50, M|
|poke|p2|Urshifu-*, L50, M|
|poke|p2|Kyogre, L50|
|poke|p2|Zacian-*, L50|
|poke|p2|Rillaboom, L50, F|
|teampreview|4
|inactive|Battle timer is ON: inactive players will automatically lose when time's up. (requested by yufish123)
yufish123 rejected open team sheets.
|inactive|Jackbouncy has 60 seconds left.
|
|t:|1750771817
|start
|switch|p1a: Grimmsnarl|Grimmsnarl, L50, M|100/100
|switch|p1b: Lugia|Lugia, L50|100/100
|switch|p2a: Tornadus|Tornadus, L50, M|100/100
|switch|p2b: Zacian|Zacian-Crowned, L50|100/100
|-ability|p2b: Zacian|Intrepid Sword|boost
|-boost|p2b: Zacian|atk|1
|turn|1
|
|t:|1750771840
|switch|p2a: Farigiraf|Farigiraf, L50, M|100/100
|move|p1a: Grimmsnarl|Reflect|p1a: Grimmsnarl
|-sidestart|p1: Jackbouncy|Reflect
|move|p2b: Zacian|Behemoth Blade|p1a: Grimmsnarl
|-supereffective|p1a: Grimmsnarl
|-damage|p1a: Grimmsnarl|0 fnt
|faint|p1a: Grimmsnarl
|move|p1b: Lugia|Calm Mind|p1b: Lugia
|-boost|p1b: Lugia|spa|1
|-boost|p1b: Lugia|spd|1
|
|upkeep
|
|t:|1750771861
|switch|p1a: Kyogre|Kyogre, L50|100/100
|-weather|RainDance|[from] ability: Drizzle|[of] p1a: Kyogre
|turn|2
|
|t:|1750771884
|switch|p2a: Tornadus|Tornadus, L50, M|100/100
|move|p2b: Zacian|Behemoth Blade|p1a: Kyogre
|-resisted|p1a: Kyogre
|-damage|p1a: Kyogre|74/100
|move|p1b: Lugia|Hurricane|p2b: Zacian
|-resisted|p2b: Zacian
|-damage|p2b: Zacian|68/100
|move|p1a: Kyogre|Origin Pulse|p2a: Tornadus|[spread] p2a
|-miss|p1a: Kyogre|p2b: Zacian
|-enditem|p2a: Tornadus|Focus Sash
|-damage|p2a: Tornadus|1/100
|
|-weather|RainDance|[upkeep]
|upkeep
|turn|3
|inactive|Jackbouncy has 30 seconds left.
|
|t:|1750771910
|move|p1b: Lugia|Protect|p1b: Lugia
|-singleturn|p1b: Lugia|Protect
|move|p2b: Zacian|Behemoth Blade|p1b: Lugia
|-activate|p1b: Lugia|move: Protect
|move|p2a: Tornadus|Bleakwind Storm|p1b: Lugia|[spread] p1a
|-activate|p1b: Lugia|move: Protect
|-damage|p1a: Kyogre|57/100
|move|p1a: Kyogre|Thunder|p2b: Zacian
|-damage|p2b: Zacian|23/100
|
|-weather|RainDance|[upkeep]
|upkeep
|turn|4
|
|t:|1750771933
|-terastallize|p1b: Lugia|Steel
|move|p2b: Zacian|Behemoth Blade|p1b: Lugia
|-resisted|p1b: Lugia
|-damage|p1b: Lugia|92/100
|move|p2a: Tornadus|Bleakwind Storm|p1a: Kyogre|[spread] p1a,p1b
|-resisted|p1b: Lugia
|-damage|p1a: Kyogre|41/100
|-damage|p1b: Lugia|85/100
|move|p1b: Lugia|Calm Mind|p1b: Lugia
|-boost|p1b: Lugia|spa|1
|-boost|p1b: Lugia|spd|1
|move|p1a: Kyogre|Origin Pulse|p2a: Tornadus|[spread] p2b
|-miss|p1a: Kyogre|p2a: Tornadus
|-damage|p2b: Zacian|0 fnt
|faint|p2b: Zacian
|
|-weather|RainDance|[upkeep]
|-heal|p1b: Lugia|91/100|[from] item: Leftovers
|upkeep
|
|t:|1750771949
|switch|p2b: Kyogre|Kyogre, L50|100/100
|turn|5
|
|t:|1750771963
|-terastallize|p2b: Kyogre|Water
|move|p2a: Tornadus|Tailwind|p2a: Tornadus
|-sidestart|p2: yufish123|move: Tailwind
|move|p2b: Kyogre|Water Spout|p1a: Kyogre|[spread] p1a,p1b
|-resisted|p1a: Kyogre
|-damage|p1a: Kyogre|0 fnt
|-damage|p1b: Lugia|30/100
|faint|p1a: Kyogre
|move|p1b: Lugia|Hurricane|p2b: Kyogre
|-damage|p2b: Kyogre|31/100
|
|-weather|RainDance|[upkeep]
|-heal|p1b: Lugia|37/100|[from] item: Leftovers
|upkeep
|
|t:|1750771977
|switch|p1a: Archaludon|Archaludon, L50, M|100/100
|turn|6
|
|t:|1750771986
|switch|p2b: Farigiraf|Farigiraf, L50, M|100/100
|move|p1b: Lugia|Protect|p1b: Lugia
|-singleturn|p1b: Lugia|Protect
|move|p2a: Tornadus|Bleakwind Storm|p1a: Archaludon|[spread] p1a
|-activate|p1b: Lugia|move: Protect
|-resisted|p1a: Archaludon
|-damage|p1a: Archaludon|77/100
|-ability|p1a: Archaludon|Stamina|boost
|-boost|p1a: Archaludon|def|1
|move|p1a: Archaludon|Electro Shot||[still]
|-prepare|p1a: Archaludon|Electro Shot
|-boost|p1a: Archaludon|spa|1
|-anim|p1a: Archaludon|Electro Shot|p2b: Farigiraf
|-damage|p2b: Farigiraf|45/100
|-enditem|p2b: Farigiraf|Sitrus Berry|[eat]
|-heal|p2b: Farigiraf|70/100|[from] item: Sitrus Berry
|
|-weather|none
|-heal|p1b: Lugia|43/100|[from] item: Leftovers
|upkeep
|turn|7
|inactive|Jackbouncy has 30 seconds left.
|inactive|yufish123 has 30 seconds left.
|
|t:|1750772020
|move|p2b: Farigiraf|Ally Switch|p2b: Farigiraf
|swap|p2b: Farigiraf|0|[from] move: Ally Switch
|move|p2b: Tornadus|Bleakwind Storm|p1b: Lugia|[spread] p1b
|-miss|p2b: Tornadus|p1a: Archaludon
|-resisted|p1b: Lugia
|-damage|p1b: Lugia|37/100
|move|p1b: Lugia|Psychic|p2a: Farigiraf
|-resisted|p2a: Farigiraf
|-damage|p2a: Farigiraf|45/100
|move|p1a: Archaludon|Electro Shot||[still]
|-prepare|p1a: Archaludon|Electro Shot
|-boost|p1a: Archaludon|spa|1
|-enditem|p1a: Archaludon|Power Herb
|-anim|p1a: Archaludon|Electro Shot|p2b: Tornadus
|-supereffective|p2b: Tornadus
|-damage|p2b: Tornadus|0 fnt
|faint|p2b: Tornadus
|
|-heal|p1b: Lugia|43/100|[from] item: Leftovers
|upkeep
|
|t:|1750772035
|switch|p2b: Kyogre|Kyogre, L50, tera:Water|31/100
|-weather|RainDance|[from] ability: Drizzle|[of] p2b: Kyogre
|turn|8
|
|t:|1750772046
|move|p2a: Farigiraf|Helping Hand|p2b: Kyogre
|-singleturn|p2b: Kyogre|Helping Hand|[of] p2a: Farigiraf
|move|p1b: Lugia|Protect|p1b: Lugia
|-singleturn|p1b: Lugia|Protect
|move|p2b: Kyogre|Origin Pulse|p1b: Lugia|[spread] 
|-activate|p1b: Lugia|move: Protect
|-miss|p2b: Kyogre|p1a: Archaludon
|move|p1a: Archaludon|Electro Shot||[still]
|-prepare|p1a: Archaludon|Electro Shot
|-boost|p1a: Archaludon|spa|1
|-anim|p1a: Archaludon|Electro Shot|p2b: Kyogre
|-supereffective|p2b: Kyogre
|-damage|p2b: Kyogre|0 fnt
|faint|p2b: Kyogre
|
|-weather|RainDance|[upkeep]
|-heal|p1b: Lugia|49/100|[from] item: Leftovers
|-sideend|p1: Jackbouncy|Reflect
|-sideend|p2: yufish123|move: Tailwind
|upkeep
|turn|9
|-message|yufish123 forfeited.
|
|win|Jackbouncy
|raw|Jackbouncy's rating: 1479 &rarr; <strong>1501</strong><br />(+22 for winning)
|raw|yufish123's rating: 1508 &rarr; <strong>1486</strong><br />(-22 for losing)
|l|☆yufish123
|player|p2|
|l|☆Jackbouncy
|player|p1|
