|j|☆coco1543
|j|☆Niitsa
|t:|1750860014
|gametype|doubles
|player|p1|coco1543|169|1239
|player|p2|Niitsa|1|1194
|teamsize|p1|6
|teamsize|p2|6
|gen|9
|tier|[Gen 9] VGC 2025 Reg I
|rated|
|rule|Species Clause: Limit one of each Pokémon
|rule|Item Clause: Limit 1 of each item
|clearpoke
|poke|p1|Grafaiai, L50, F|
|poke|p1|Miraidon, L50|
|poke|p1|Ogerpon-Wellspring, L50, F|
|poke|p1|Calyrex-Ice, L50|
|poke|p1|Iron Hands, L50|
|poke|p1|Iron Jugulis, L50|
|poke|p2|Zamazenta-*, L50|
|poke|p2|Amoonguss, L50, M|
|poke|p2|Incineroar, L50, M|
|poke|p2|Urshifu-*, L50, F|
|poke|p2|Chien-Pao, L50|
|poke|p2|Calyrex-Shadow, L50|
|teampreview|4
|
|t:|1750860047
|start
|switch|p1a: Iron Jugulis|Iron Jugulis, L50|100/100
|switch|p1b: Ogerpon|Ogerpon-Wellspring, L50, F|100/100
|switch|p2a: Calyrex|Calyrex-Shadow, L50|100/100
|switch|p2b: Incineroar|Incineroar, L50, M|100/100
|-ability|p2a: Calyrex|As One
|-ability|p2a: Calyrex|Unnerve
|-ability|p2b: Incineroar|Intimidate|boost
|-unboost|p1a: Iron Jugulis|atk|1
|-unboost|p1b: Ogerpon|atk|1
|-enditem|p1a: Iron Jugulis|Booster Energy
|-activate|p1a: Iron Jugulis|ability: Quark Drive|[fromitem]
|-start|p1a: Iron Jugulis|quarkdrivespa
|turn|1
|
|t:|1750860081
|move|p2b: Incineroar|Fake Out|p1b: Ogerpon
|-damage|p1b: Ogerpon|87/100
|move|p2a: Calyrex|Nasty Plot|p2a: Calyrex
|-boost|p2a: Calyrex|spa|2
|cant|p1b: Ogerpon|flinch
|move|p1a: Iron Jugulis|Snarl|p2a: Calyrex|[spread] p2a
|-miss|p1a: Iron Jugulis|p2b: Incineroar
|-supereffective|p2a: Calyrex
|-damage|p2a: Calyrex|0 fnt
|faint|p2a: Calyrex
|
|upkeep
|n|!Niitsa|niitsa
|
|t:|1750860098
|switch|p2a: Zamazenta|Zamazenta-Crowned, L50|100/100
|-ability|p2a: Zamazenta|Dauntless Shield|boost
|-boost|p2a: Zamazenta|def|1
|turn|2
|
|t:|1750860143
|move|p1b: Ogerpon|Ivy Cudgel|p2b: Incineroar|[anim] Ivy Cudgel Water
|-supereffective|p2b: Incineroar
|-crit|p2b: Incineroar
|-damage|p2b: Incineroar|0 fnt
|faint|p2b: Incineroar
|move|p2a: Zamazenta|Heavy Slam|p1a: Iron Jugulis
|-damage|p1a: Iron Jugulis|42/100
|move|p1a: Iron Jugulis|Tailwind|p1a: Iron Jugulis
|-sidestart|p1: coco1543|move: Tailwind
|
|upkeep
|
|t:|1750860152
|switch|p2b: Amoonguss|Amoonguss, L50, M|100/100
|turn|3
|
|t:|1750860167
|move|p2b: Amoonguss|Rage Powder|p2b: Amoonguss
|-singleturn|p2b: Amoonguss|move: Rage Powder
|move|p1b: Ogerpon|Ivy Cudgel|p2a: Zamazenta|[anim] Ivy Cudgel Water
|-damage|p2a: Zamazenta|84/100
|move|p1a: Iron Jugulis|Air Slash|p2b: Amoonguss
|-supereffective|p2b: Amoonguss
|-damage|p2b: Amoonguss|5/100
|-enditem|p2b: Amoonguss|Sitrus Berry|[eat]
|-heal|p2b: Amoonguss|30/100|[from] item: Sitrus Berry
|move|p2a: Zamazenta|Body Press|p1a: Iron Jugulis
|-damage|p1a: Iron Jugulis|0 fnt
|faint|p1a: Iron Jugulis
|-end|p1a: Iron Jugulis|Quark Drive|[silent]
|
|upkeep
|
|t:|1750860181
|switch|p1a: Iron Hands|Iron Hands, L50|100/100
|turn|4
|
|t:|1750860205
|-terastallize|p2a: Zamazenta|Dragon
|move|p1a: Iron Hands|Fake Out|p2a: Zamazenta
|-damage|p2a: Zamazenta|78/100
|move|p2b: Amoonguss|Rage Powder|p2b: Amoonguss
|-singleturn|p2b: Amoonguss|move: Rage Powder
|move|p1b: Ogerpon|Horn Leech|p2b: Amoonguss
|-resisted|p2b: Amoonguss
|-damage|p2b: Amoonguss|24/100
|-heal|p1b: Ogerpon|91/100|[from] drain|[of] p2b: Amoonguss
|cant|p2a: Zamazenta|flinch
|
|upkeep
|turn|5
|
|t:|1750860229
|move|p1b: Ogerpon|Spiky Shield|p1b: Ogerpon
|-singleturn|p1b: Ogerpon|move: Protect
|move|p2b: Amoonguss|Rage Powder|p2b: Amoonguss
|-singleturn|p2b: Amoonguss|move: Rage Powder
|move|p2a: Zamazenta|Body Press|p1a: Iron Hands
|-damage|p1a: Iron Hands|52/100
|move|p1a: Iron Hands|Supercell Slam|p2b: Amoonguss
|-resisted|p2b: Amoonguss
|-damage|p2b: Amoonguss|0 fnt
|faint|p2b: Amoonguss
|
|-sideend|p1: coco1543|move: Tailwind
|upkeep
|turn|6
|
|t:|1750860253
|switch|p1b: Miraidon|Miraidon, L50|100/100
|-fieldstart|move: Electric Terrain|[from] ability: Hadron Engine|[of] p1b: Miraidon
|-activate|p1a: Iron Hands|ability: Quark Drive
|-start|p1a: Iron Hands|quarkdriveatk
|move|p2a: Zamazenta|Body Press|p1a: Iron Hands
|-damage|p1a: Iron Hands|2/100
|move|p1a: Iron Hands|Drain Punch|p2a: Zamazenta
|-damage|p2a: Zamazenta|53/100
|-heal|p1a: Iron Hands|11/100|[from] drain|[of] p2a: Zamazenta
|
|upkeep
|turn|7
|
|t:|1750860274
|move|p1b: Miraidon|Draco Meteor|p2a: Zamazenta
|-supereffective|p2a: Zamazenta
|-damage|p2a: Zamazenta|0 fnt
|-unboost|p1b: Miraidon|spa|2
|faint|p2a: Zamazenta
|
|win|coco1543
