|j|☆thorres24
|j|☆tunasidreams
|t:|1750723744
|gametype|doubles
|player|p1|thorres24|n|1353
|player|p2|tunasidreams|veteran|1355
|teamsize|p1|6
|teamsize|p2|6
|gen|9
|tier|[Gen 9] VGC 2025 Reg I
|rated|
|rule|Species Clause: Limit one of each Pokémon
|rule|Item Clause: Limit 1 of each item
|clearpoke
|poke|p1|Calyrex-Shadow, L50|
|poke|p1|Smeargle, L50, M|
|poke|p1|Urshifu-*, L50, M|
|poke|p1|Kyogre, L50|
|poke|p1|Indeedee-F, L50, F|
|poke|p1|Basculegion, L50, M|
|poke|p2|Iron Hands, L50|
|poke|p2|Tsareena, L50, F|
|poke|p2|Kyogre, L50|
|poke|p2|Miraidon, L50|
|poke|p2|Tornadus, L50, M|
|poke|p2|Urshifu-*, L50, F|
|teampreview|4
|inactive|Battle timer is ON: inactive players will automatically lose when time's up. (requested by thorres24)
|inactive|tunasidreams has 60 seconds left.
thorres24 rejected open team sheets.
|c|☆thorres24|Glhf
|inactive|thorres24 has 60 seconds left.
|
|t:|1750723802
|start
|switch|p1a: Miko|Indeedee-F, L50, F|100/100
|switch|p1b: Chente|Calyrex-Shadow, L50|100/100
|switch|p2a: Kyogre|Kyogre, L50|100/100
|switch|p2b: Tornadus|Tornadus, L50, M|100/100
|-ability|p1b: Chente|As One
|-ability|p1b: Chente|Unnerve
|-weather|RainDance|[from] ability: Drizzle|[of] p2a: Kyogre
|-fieldstart|move: Psychic Terrain|[from] ability: Psychic Surge|[of] p1a: Miko
|-enditem|p1a: Miko|Psychic Seed
|-boost|p1a: Miko|spd|1|[from] item: Psychic Seed
|turn|1
|inactive|tunasidreams has 30 seconds left.
|inactive|tunasidreams has 20 seconds left.
|inactive|tunasidreams has 15 seconds left.
|inactive|tunasidreams has 10 seconds left.
|
|t:|1750723850
|-terastallize|p2a: Kyogre|Water
|-terastallize|p1a: Miko|Steel
|move|p1b: Chente|Protect|p1b: Chente
|-singleturn|p1b: Chente|Protect
|move|p2a: Kyogre|Water Spout|p1b: Chente|[spread] p1a
|-activate|p1b: Chente|move: Protect
|-crit|p1a: Miko
|-damage|p1a: Miko|0 fnt
|faint|p1a: Miko
|move|p2b: Tornadus|Hurricane|p1b: Chente
|-activate|p1b: Chente|move: Protect
|
|-weather|RainDance|[upkeep]
|upkeep
|l|☆thorres24
|inactive|thorres24 disconnected and has a minute to reconnect!
|player|p1|
|j|☆thorres24
|inactive|thorres24 reconnected and has 35 seconds left.
|player|p1|thorres24|n|
|inactive|thorres24 has 30 seconds left.
|
|t:|1750723882
|switch|p1a: Diego Rivera|Smeargle, L50, M, shiny|100/100
|turn|2
|inactive|tunasidreams has 30 seconds left.
|
|t:|1750723907
|switch|p2a: Miraidon|Miraidon, L50|100/100
|-fieldstart|move: Electric Terrain|[from] ability: Hadron Engine|[of] p2a: Miraidon
|move|p1b: Chente|Protect||[still]
|-fail|p1b: Chente
|move|p2b: Tornadus|Tailwind|p2b: Tornadus
|-sidestart|p2: tunasidreams|move: Tailwind
|move|p1a: Diego Rivera|Tailwind|p1a: Diego Rivera
|-sidestart|p1: thorres24|move: Tailwind
|
|-weather|RainDance|[upkeep]
|-ability|p1a: Diego Rivera|Moody|boost
|-boost|p1a: Diego Rivera|atk|2
|-unboost|p1a: Diego Rivera|spa|1
|upkeep
|turn|3
|inactive|thorres24 has 30 seconds left.
|
|t:|1750723936
|move|p1b: Chente|Protect|p1b: Chente
|-singleturn|p1b: Chente|Protect
|move|p2b: Tornadus|Taunt|p1a: Diego Rivera
|-start|p1a: Diego Rivera|move: Taunt
|move|p2a: Miraidon|Thunder|p1b: Chente
|-activate|p1b: Chente|move: Protect
|cant|p1a: Diego Rivera|move: Taunt|Transform
|
|-weather|RainDance|[upkeep]
|-ability|p1a: Diego Rivera|Moody|boost
|-boost|p1a: Diego Rivera|atk|2
|-unboost|p1a: Diego Rivera|def|1
|upkeep
|turn|4
|inactive|tunasidreams has 30 seconds left.
|
|t:|1750723963
|move|p1a: Diego Rivera|Fake Out||[still]
|-hint|Fake Out only works on your first turn out.
|-fail|p1a: Diego Rivera
|move|p1b: Chente|Astral Barrage|p2b: Tornadus|[spread] p2a,p2b
|-crit|p2b: Tornadus
|-damage|p2a: Miraidon|41/100
|-damage|p2b: Tornadus|0 fnt
|faint|p2b: Tornadus
|-ability|p1b: Chente|Grim Neigh|boost
|-boost|p1b: Chente|spa|1
|move|p2a: Miraidon|Thunder|p1b: Chente
|-damage|p1b: Chente|0 fnt
|faint|p1b: Chente
|
|-weather|RainDance|[upkeep]
|-ability|p1a: Diego Rivera|Moody|boost
|-boost|p1a: Diego Rivera|spd|2
|-unboost|p1a: Diego Rivera|def|1
|upkeep
|inactive|thorres24 has 30 seconds left.
|
|t:|1750723990
|switch|p1b: Kyogre|Kyogre, L50|100/100
|switch|p2b: Urshifu|Urshifu-Rapid-Strike, L50, F|100/100
|turn|5
|
|t:|1750723998
|move|p1a: Diego Rivera|Fake Out||[still]
|-hint|Fake Out only works on your first turn out.
|-fail|p1a: Diego Rivera
|move|p2a: Miraidon|Thunder|p1b: Kyogre
|-supereffective|p1b: Kyogre
|-damage|p1b: Kyogre|0 fnt
|faint|p1b: Kyogre
|move|p2b: Urshifu|Surging Strikes|p1a: Diego Rivera
|-crit|p1a: Diego Rivera
|-enditem|p1a: Diego Rivera|Focus Sash
|-damage|p1a: Diego Rivera|1/100
|-crit|p1a: Diego Rivera
|-damage|p1a: Diego Rivera|0 fnt
|faint|p1a: Diego Rivera
|-hitcount|p1: Diego Rivera|2
|
|win|tunasidreams
|raw|thorres24's rating: 1353 &rarr; <strong>1333</strong><br />(-20 for losing)
|raw|tunasidreams's rating: 1355 &rarr; <strong>1375</strong><br />(+20 for winning)
|l|☆thorres24
|player|p1|
