|j|☆papaloup
|j|☆TommyGuapo
|t:|1750856075
|gametype|doubles
|player|p1|papaloup|265|1342
|player|p2|TommyGuapo|102|1389
|teamsize|p1|6
|teamsize|p2|5
|gen|9
|tier|[Gen 9] VGC 2025 Reg I
|rated|
|rule|Species Clause: Limit one of each Pokémon
|rule|Item Clause: Limit 1 of each item
|clearpoke
|poke|p1|Calyrex-Ice, L50|
|poke|p1|Miraidon, L50|
|poke|p1|Grimmsnarl, L50, M|
|poke|p1|Urshifu-*, L50, F|
|poke|p1|Incineroar, L50, M|
|poke|p1|Landorus, L50, M|
|poke|p2|Zacian-*, L50|
|poke|p2|Giratina-Origin, L50|
|poke|p2|Urshifu-*, L50, M|
|poke|p2|Chien-Pao, L50|
|poke|p2|Tornadus, L50, M|
|teampreview|4
|inactive|Battle timer is ON: inactive players will automatically lose when time's up. (requested by TommyGuapo)
TommyGuapo has agreed to open team sheets.
|inactive|papaloup has 60 seconds left.
|inactive|TommyGuapo has 60 seconds left.
|
|t:|1750856109
|start
|switch|p1a: Calyrex|Calyrex-Ice, L50|100/100
|switch|p1b: Incineroar|Incineroar, L50, M|100/100
|switch|p2a: Urshifu|Urshifu-Rapid-Strike, L50, M|100/100
|switch|p2b: Zacian|Zacian-Crowned, L50|100/100
|-ability|p1a: Calyrex|As One
|-ability|p1a: Calyrex|Unnerve
|-ability|p2b: Zacian|Intrepid Sword|boost
|-boost|p2b: Zacian|atk|1
|-ability|p1b: Incineroar|Intimidate|boost
|-unboost|p2a: Urshifu|atk|1
|-unboost|p2b: Zacian|atk|1
|turn|1
|inactive|TommyGuapo has 30 seconds left.
|
|t:|1750856137
|move|p1b: Incineroar|Fake Out|p2b: Zacian
|-resisted|p2b: Zacian
|-damage|p2b: Zacian|96/100
|move|p2a: Urshifu|Surging Strikes|p1b: Incineroar
|-supereffective|p1b: Incineroar
|-crit|p1b: Incineroar
|-damage|p1b: Incineroar|57/100
|-supereffective|p1b: Incineroar
|-crit|p1b: Incineroar
|-damage|p1b: Incineroar|13/100
|-supereffective|p1b: Incineroar
|-crit|p1b: Incineroar
|-damage|p1b: Incineroar|0 fnt
|faint|p1b: Incineroar
|-hitcount|p1: Incineroar|3
|cant|p2b: Zacian|flinch
|move|p1a: Calyrex|Leech Seed|p2b: Zacian
|-start|p2b: Zacian|move: Leech Seed
|
|-damage|p2b: Zacian|84/100|[from] Leech Seed|[of] p1a: Calyrex
|upkeep
|
|t:|1750856144
|switch|p1b: Miraidon|Miraidon, L50|100/100
|-fieldstart|move: Electric Terrain|[from] ability: Hadron Engine|[of] p1b: Miraidon
|turn|2
|inactive|TommyGuapo has 30 seconds left.
|inactive|TommyGuapo has 20 seconds left.
|inactive|TommyGuapo has 15 seconds left.
|inactive|TommyGuapo has 10 seconds left.
|
|t:|1750856194
|switch|p2a: Giratina|Giratina-Origin, L50|100/100
|move|p1b: Miraidon|Electro Drift|p2a: Giratina
|-resisted|p2a: Giratina
|-damage|p2a: Giratina|74/100
|move|p2b: Zacian|Behemoth Blade|p1a: Calyrex
|-supereffective|p1a: Calyrex
|-damage|p1a: Calyrex|39/100
|move|p1a: Calyrex|Trick Room|p1a: Calyrex
|-fieldstart|move: Trick Room|[of] p1a: Calyrex
|
|-heal|p1a: Calyrex|44/100|[from] item: Leftovers
|-damage|p2b: Zacian|72/100|[from] Leech Seed|[of] p1a: Calyrex
|-heal|p1a: Calyrex|56/100|[silent]
|upkeep
|turn|3
|inactive|TommyGuapo has 30 seconds left.
|
|t:|1750856227
|-terastallize|p1a: Calyrex|Water
|-terastallize|p2a: Giratina|Fire
|move|p2b: Zacian|Protect|p2b: Zacian
|-singleturn|p2b: Zacian|Protect
|move|p1a: Calyrex|Glacial Lance|p2a: Giratina|[spread] p2a
|-activate|p2b: Zacian|move: Protect
|-resisted|p2a: Giratina
|-damage|p2a: Giratina|54/100
|move|p2a: Giratina|Shadow Force||[still]
|-prepare|p2a: Giratina|Shadow Force
|move|p1b: Miraidon|Electro Drift|p2b: Zacian
|-activate|p2b: Zacian|move: Protect
|
|-heal|p1a: Calyrex|61/100|[from] item: Leftovers
|-damage|p2b: Zacian|59/100|[from] Leech Seed|[of] p1a: Calyrex
|-heal|p1a: Calyrex|72/100|[silent]
|upkeep
|turn|4
|inactive|papaloup has 30 seconds left.
|
|t:|1750856253
|move|p1a: Calyrex|Protect|p1a: Calyrex
|-singleturn|p1a: Calyrex|Protect
|move|p2a: Giratina|Shadow Force|p1a: Calyrex|[from] lockedmove
|-activate|p1a: Calyrex|move: Shadow Force|[broken]
|-damage|p1a: Calyrex|28/100
|move|p2b: Zacian|Play Rough|p1a: Calyrex
|-damage|p1a: Calyrex|0 fnt
|faint|p1a: Calyrex
|move|p1b: Miraidon|Electro Drift|p2a: Giratina
|-damage|p2a: Giratina|0 fnt
|faint|p2a: Giratina
|
|upkeep
|
|t:|1750856266
|switch|p1a: Landorus|Landorus, L50, M|100/100
|switch|p2a: Chien-Pao|Chien-Pao, L50|100/100
|-ability|p2a: Chien-Pao|Sword of Ruin
|turn|5
|inactive|TommyGuapo has 30 seconds left.
|inactive|TommyGuapo has 20 seconds left.
|
|t:|1750856304
|move|p1a: Landorus|Earth Power|p2b: Zacian
|-supereffective|p2b: Zacian
|-damage|p2b: Zacian|0 fnt
|faint|p2b: Zacian
|move|p2a: Chien-Pao|Ice Spinner|p1b: Miraidon
|-supereffective|p1b: Miraidon
|-damage|p1b: Miraidon|7/100
|-fieldend|move: Electric Terrain
|move|p1b: Miraidon|Electro Drift|p2a: Chien-Pao
|-damage|p2a: Chien-Pao|13/100
|
|upkeep
|
|t:|1750856306
|switch|p2b: Urshifu|Urshifu-Rapid-Strike, L50, M|100/100
|turn|6
|inactive|TommyGuapo has 30 seconds left.
|
|t:|1750856337
|move|p2a: Chien-Pao|Sucker Punch|p1b: Miraidon
|-damage|p1b: Miraidon|0 fnt
|faint|p1b: Miraidon
|move|p1a: Landorus|Earth Power|p2a: Chien-Pao
|-damage|p2a: Chien-Pao|0 fnt
|faint|p2a: Chien-Pao
|move|p2b: Urshifu|Surging Strikes|p1a: Landorus
|-supereffective|p1a: Landorus
|-crit|p1a: Landorus
|-damage|p1a: Landorus|55/100
|-supereffective|p1a: Landorus
|-crit|p1a: Landorus
|-damage|p1a: Landorus|12/100
|-supereffective|p1a: Landorus
|-crit|p1a: Landorus
|-damage|p1a: Landorus|0 fnt
|faint|p1a: Landorus
|-hitcount|p1: Landorus|3
|
|win|TommyGuapo
|raw|papaloup's rating: 1342 &rarr; <strong>1325</strong><br />(-17 for losing)
|raw|TommyGuapo's rating: 1389 &rarr; <strong>1406</strong><br />(+17 for winning)
|l|☆papaloup
|player|p1|
