|j|☆duoduoa
|j|☆PiousAugustus13
|t:|1750737528
|gametype|doubles
|player|p1|duoduoa|266|1395
|player|p2|PiousAugustus13|swimmerf|1445
|teamsize|p1|6
|teamsize|p2|6
|gen|9
|tier|[Gen 9] VGC 2025 Reg I
|rated|
|rule|Species Clause: Limit one of each Pokémon
|rule|Item Clause: Limit 1 of each item
|clearpoke
|poke|p1|Calyrex-Shadow, L50|
|poke|p1|Zamazenta-*, L50|
|poke|p1|Rillaboom, L50, F|
|poke|p1|Ogerpon-Hearthflame, L50, F|
|poke|p1|Tornadus, L50, M|
|poke|p1|Raging Bolt, L50|
|poke|p2|Ho-Oh, L50|
|poke|p2|Eternatus, L50|
|poke|p2|Quagsire, L50, F|
|poke|p2|Grimmsnarl, L50, M|
|poke|p2|Ting-Lu, L50|
|poke|p2|Rhydon, L50, F|
|teampreview|4
|inactive|Battle timer is ON: inactive players will automatically lose when time's up. (requested by duoduoa)
|
|t:|1750737559
|start
|switch|p1a: Rillaboom|Rillaboom, L50, F|100/100
|switch|p1b: Ogerpon|Ogerpon-Hearthflame, L50, F|100/100
|switch|p2a: Eternatus|Eternatus, L50|100/100
|switch|p2b: Grimmsnarl|Grimmsnarl, L50, M|100/100
|-ability|p2a: Eternatus|Pressure
|-ability|p1b: Ogerpon|Mold Breaker
|-fieldstart|move: Grassy Terrain|[from] ability: Grassy Surge|[of] p1a: Rillaboom
|turn|1
|inactive|duoduoa has 30 seconds left.
|j| empm
|
|t:|1750737591
|-terastallize|p1b: Ogerpon|Fire
|detailschange|p1b: Ogerpon|Ogerpon-Hearthflame-Tera, L50, F, tera:Fire
|-ability|p1b: Ogerpon|Embody Aspect (Hearthflame)|boost
|-boost|p1b: Ogerpon|atk|1
|move|p2b: Grimmsnarl|Reflect|p2b: Grimmsnarl
|-sidestart|p2: PiousAugustus13|Reflect
|move|p2a: Eternatus|Cosmic Power|p2a: Eternatus
|-boost|p2a: Eternatus|def|1
|-boost|p2a: Eternatus|spd|1
|move|p1b: Ogerpon|Ivy Cudgel|p2b: Grimmsnarl|[anim] Ivy Cudgel Fire
|-damage|p2b: Grimmsnarl|45/100
|move|p1a: Rillaboom|U-turn|p2b: Grimmsnarl
|-damage|p2b: Grimmsnarl|29/100
|
|t:|1750737605
|switch|p1a: Calyrex|Calyrex-Shadow, L50|100/100|[from] U-turn
|-ability|p1a: Calyrex|As One
|-ability|p1a: Calyrex|Unnerve
|
|-heal|p2b: Grimmsnarl|35/100|[from] Grassy Terrain
|upkeep
|turn|2
|
|t:|1750737626
|move|p2b: Grimmsnarl|Light Screen|p2b: Grimmsnarl
|-sidestart|p2: PiousAugustus13|move: Light Screen
|move|p1a: Calyrex|Encore|p2a: Eternatus
|-start|p2a: Eternatus|Encore
|move|p2a: Eternatus|Cosmic Power|p2a: Eternatus
|-boost|p2a: Eternatus|def|1
|-boost|p2a: Eternatus|spd|1
|move|p1b: Ogerpon|Ivy Cudgel|p2b: Grimmsnarl|[anim] Ivy Cudgel Fire
|-crit|p2b: Grimmsnarl
|-damage|p2b: Grimmsnarl|0 fnt
|faint|p2b: Grimmsnarl
|
|upkeep
|
|t:|1750737639
|switch|p2b: Ho-Oh|Ho-Oh, L50|100/100
|turn|3
|
|t:|1750737656
|move|p1a: Calyrex|Protect|p1a: Calyrex
|-singleturn|p1a: Calyrex|Protect
|move|p2a: Eternatus|Cosmic Power|p2a: Eternatus
|-boost|p2a: Eternatus|def|1
|-boost|p2a: Eternatus|spd|1
|move|p1b: Ogerpon|Ivy Cudgel|p2a: Eternatus|[anim] Ivy Cudgel Fire
|-resisted|p2a: Eternatus
|-damage|p2a: Eternatus|90/100
|move|p2b: Ho-Oh|Sacred Fire|p1a: Calyrex
|-activate|p1a: Calyrex|move: Protect
|
|-heal|p2a: Eternatus|97/100|[from] Grassy Terrain
|upkeep
|turn|4
|inactive|duoduoa has 30 seconds left.
|
|t:|1750737682
|move|p1a: Calyrex|Astral Barrage|p2b: Ho-Oh|[spread] p2a,p2b
|-damage|p2a: Eternatus|88/100
|-damage|p2b: Ho-Oh|77/100
|move|p2a: Eternatus|Cosmic Power|p2a: Eternatus
|-boost|p2a: Eternatus|def|1
|-boost|p2a: Eternatus|spd|1
|move|p1b: Ogerpon|Ivy Cudgel|p2b: Ho-Oh|[anim] Ivy Cudgel Fire
|-resisted|p2b: Ho-Oh
|-damage|p2b: Ho-Oh|54/100
|move|p2b: Ho-Oh|Sacred Fire|p1a: Calyrex
|-damage|p1a: Calyrex|51/100
|-status|p1a: Calyrex|brn
|
|-heal|p1a: Calyrex|57/100 brn|[from] Grassy Terrain
|-heal|p2a: Eternatus|94/100|[from] Grassy Terrain
|-damage|p1a: Calyrex|51/100 brn|[from] brn
|-end|p2a: Eternatus|Encore
|upkeep
|turn|5
|inactive|duoduoa has 30 seconds left.
|inactive|PiousAugustus13 has 30 seconds left.
|
|t:|1750737715
|move|p1b: Ogerpon|Follow Me|p1b: Ogerpon
|-singleturn|p1b: Ogerpon|move: Follow Me
|move|p1a: Calyrex|Encore|p2a: Eternatus
|-start|p2a: Eternatus|Encore
|move|p2a: Eternatus|Cosmic Power|p2a: Eternatus
|-boost|p2a: Eternatus|def|1
|-boost|p2a: Eternatus|spd|1
|move|p2b: Ho-Oh|Life Dew|p2b: Ho-Oh|[spread] p2a,p2b
|-heal|p2a: Eternatus|100/100
|-heal|p2b: Ho-Oh|78/100
|
|-heal|p1a: Calyrex|57/100 brn|[from] Grassy Terrain
|-damage|p1a: Calyrex|51/100 brn|[from] brn
|-fieldend|move: Grassy Terrain
|upkeep
|turn|6
|l| empm
|
|t:|1750737737
|move|p1a: Calyrex|Encore|p2b: Ho-Oh
|-start|p2b: Ho-Oh|Encore
|move|p2a: Eternatus|Cosmic Power|p2a: Eternatus
|-boost|p2a: Eternatus|def|1
|-boost|p2a: Eternatus|spd|1
|move|p1b: Ogerpon|Ivy Cudgel|p2b: Ho-Oh|[anim] Ivy Cudgel Fire
|-resisted|p2b: Ho-Oh
|-damage|p2b: Ho-Oh|54/100
|move|p2b: Ho-Oh|Life Dew||[still]|[spread] p2a,p2b
|-fail|p2a: Eternatus|heal
|-heal|p2b: Ho-Oh|79/100
|
|-damage|p1a: Calyrex|45/100 brn|[from] brn
|upkeep
|turn|7
|
|t:|1750737760
|move|p1a: Calyrex|Psychic|p2b: Ho-Oh
|-damage|p2b: Ho-Oh|56/100
|move|p2a: Eternatus|Cosmic Power|p2a: Eternatus
|-boost|p2a: Eternatus|def|0
|-boost|p2a: Eternatus|spd|0
|move|p1b: Ogerpon|Ivy Cudgel|p2b: Ho-Oh|[anim] Ivy Cudgel Fire
|-resisted|p2b: Ho-Oh
|-damage|p2b: Ho-Oh|31/100
|move|p2b: Ho-Oh|Life Dew||[still]|[spread] p2a,p2b
|-fail|p2a: Eternatus|heal
|-heal|p2b: Ho-Oh|56/100
|
|-damage|p1a: Calyrex|39/100 brn|[from] brn
|-end|p2a: Eternatus|Encore
|upkeep
|turn|8
|inactive|PiousAugustus13 has 30 seconds left.
|
|t:|1750737787
|move|p1a: Calyrex|Encore|p2a: Eternatus
|-start|p2a: Eternatus|Encore
|move|p2a: Eternatus|Cosmic Power|p2a: Eternatus
|-boost|p2a: Eternatus|def|0
|-boost|p2a: Eternatus|spd|0
|move|p1b: Ogerpon|Ivy Cudgel|p2b: Ho-Oh|[anim] Ivy Cudgel Fire
|-resisted|p2b: Ho-Oh
|-damage|p2b: Ho-Oh|34/100
|move|p2b: Ho-Oh|Life Dew||[still]|[spread] p2a,p2b
|-fail|p2a: Eternatus|heal
|-heal|p2b: Ho-Oh|59/100
|
|-damage|p1a: Calyrex|34/100 brn|[from] brn
|-end|p2b: Ho-Oh|Encore
|-sideend|p2: PiousAugustus13|Reflect
|upkeep
|turn|9
|inactive|PiousAugustus13 has 30 seconds left.
|
|t:|1750737813
|move|p1a: Calyrex|Encore|p2b: Ho-Oh
|-start|p2b: Ho-Oh|Encore
|move|p2a: Eternatus|Cosmic Power|p2a: Eternatus
|-boost|p2a: Eternatus|def|0
|-boost|p2a: Eternatus|spd|0
|move|p1b: Ogerpon|Ivy Cudgel|p2b: Ho-Oh|[anim] Ivy Cudgel Fire
|-resisted|p2b: Ho-Oh
|-damage|p2b: Ho-Oh|26/100
|move|p2b: Ho-Oh|Life Dew||[still]|[spread] p2a,p2b
|-fail|p2a: Eternatus|heal
|-heal|p2b: Ho-Oh|51/100
|
|-damage|p1a: Calyrex|28/100 brn|[from] brn
|-sideend|p2: PiousAugustus13|move: Light Screen
|upkeep
|turn|10
|
|t:|1750737836
|move|p1a: Calyrex|Psychic|p2b: Ho-Oh
|-damage|p2b: Ho-Oh|20/100
|-unboost|p2b: Ho-Oh|spd|1
|move|p2a: Eternatus|Cosmic Power|p2a: Eternatus
|-boost|p2a: Eternatus|def|0
|-boost|p2a: Eternatus|spd|0
|move|p1b: Ogerpon|Ivy Cudgel|p2b: Ho-Oh|[anim] Ivy Cudgel Fire
|-resisted|p2b: Ho-Oh
|-damage|p2b: Ho-Oh|0 fnt
|faint|p2b: Ho-Oh
|
|-damage|p1a: Calyrex|22/100 brn|[from] brn
|-end|p2a: Eternatus|Encore
|upkeep
|
|t:|1750737846
|switch|p2b: Ting-Lu|Ting-Lu, L50|100/100
|-ability|p2b: Ting-Lu|Vessel of Ruin
|turn|11
|
|t:|1750737867
|move|p1a: Calyrex|Protect|p1a: Calyrex
|-singleturn|p1a: Calyrex|Protect
|move|p2a: Eternatus|Toxic Spikes|p1a: Calyrex
|-sidestart|p1: duoduoa|move: Toxic Spikes
|move|p1b: Ogerpon|Ivy Cudgel|p2b: Ting-Lu|[anim] Ivy Cudgel Fire
|-damage|p2b: Ting-Lu|39/100
|move|p2b: Ting-Lu|Stomping Tantrum|p1b: Ogerpon
|-supereffective|p1b: Ogerpon
|-damage|p1b: Ogerpon|48/100
|
|-damage|p1a: Calyrex|16/100 brn|[from] brn
|upkeep
|turn|12
|
|t:|1750737886
|switch|p1a: Rillaboom|Rillaboom, L50, F|100/100
|-status|p1a: Rillaboom|psn
|-fieldstart|move: Grassy Terrain|[from] ability: Grassy Surge|[of] p1a: Rillaboom
|move|p2a: Eternatus|Toxic Spikes|p1b: Ogerpon
|-sidestart|p1: duoduoa|move: Toxic Spikes
|move|p1b: Ogerpon|Ivy Cudgel|p2b: Ting-Lu|[anim] Ivy Cudgel Fire
|-damage|p2b: Ting-Lu|0 fnt
|faint|p2b: Ting-Lu
|
|-heal|p1b: Ogerpon|54/100|[from] Grassy Terrain
|-damage|p1a: Rillaboom|88/100 psn|[from] psn
|upkeep
|turn|13
|
|t:|1750737907
|move|p2a: Eternatus|Fire Spin|p1b: Ogerpon|[miss]
|-miss|p2a: Eternatus|p1b: Ogerpon
|move|p1b: Ogerpon|Ivy Cudgel|p2a: Eternatus|[anim] Ivy Cudgel Fire
|-resisted|p2a: Eternatus
|-damage|p2a: Eternatus|90/100
|move|p1a: Rillaboom|U-turn|p2a: Eternatus
|-resisted|p2a: Eternatus
|-damage|p2a: Eternatus|88/100
|
|t:|1750737917
|switch|p1a: Zamazenta|Zamazenta-Crowned, L50|100/100|[from] U-turn
|-ability|p1a: Zamazenta|Dauntless Shield|boost
|-boost|p1a: Zamazenta|def|1
|
|-heal|p2a: Eternatus|94/100|[from] Grassy Terrain
|-heal|p1b: Ogerpon|60/100|[from] Grassy Terrain
|upkeep
|turn|14
|
|t:|1750737932
|move|p1a: Zamazenta|Protect|p1a: Zamazenta
|-singleturn|p1a: Zamazenta|Protect
|move|p2a: Eternatus|Fire Spin|p1a: Zamazenta
|-activate|p1a: Zamazenta|move: Protect
|move|p1b: Ogerpon|Ivy Cudgel|p2a: Eternatus|[anim] Ivy Cudgel Fire
|-resisted|p2a: Eternatus
|-damage|p2a: Eternatus|85/100
|
|-heal|p2a: Eternatus|91/100|[from] Grassy Terrain
|-heal|p1b: Ogerpon|66/100|[from] Grassy Terrain
|upkeep
|turn|15
|inactive|duoduoa has 30 seconds left.
|
|t:|1750737958
|move|p1b: Ogerpon|Follow Me|p1b: Ogerpon
|-singleturn|p1b: Ogerpon|move: Follow Me
|move|p2a: Eternatus|Fire Spin|p1b: Ogerpon|[miss]
|-miss|p2a: Eternatus|p1b: Ogerpon
|move|p1a: Zamazenta|Body Press|p2a: Eternatus
|-resisted|p2a: Eternatus
|-damage|p2a: Eternatus|85/100
|
|-heal|p2a: Eternatus|91/100|[from] Grassy Terrain
|-heal|p1b: Ogerpon|72/100|[from] Grassy Terrain
|upkeep
|turn|16
|
|t:|1750737980
|move|p1a: Zamazenta|Protect|p1a: Zamazenta
|-singleturn|p1a: Zamazenta|Protect
|move|p1b: Ogerpon|Spiky Shield|p1b: Ogerpon
|-singleturn|p1b: Ogerpon|move: Protect
|move|p2a: Eternatus|Fire Spin|p1b: Ogerpon
|-activate|p1b: Ogerpon|move: Protect
|
|-heal|p2a: Eternatus|98/100|[from] Grassy Terrain
|-heal|p1b: Ogerpon|78/100|[from] Grassy Terrain
|-fieldend|move: Grassy Terrain
|upkeep
|turn|17
|
|t:|1750737999
|switch|p1a: Rillaboom|Rillaboom, L50, F|88/100 psn
|-fieldstart|move: Grassy Terrain|[from] ability: Grassy Surge|[of] p1a: Rillaboom
|move|p1b: Ogerpon|Follow Me|p1b: Ogerpon
|-singleturn|p1b: Ogerpon|move: Follow Me
|move|p2a: Eternatus|Fire Spin|p1b: Ogerpon
|-resisted|p1b: Ogerpon
|-crit|p1b: Ogerpon
|-damage|p1b: Ogerpon|70/100
|-activate|p1b: Ogerpon|move: Fire Spin|[of] p2a: Eternatus
|
|-heal|p2a: Eternatus|100/100|[from] Grassy Terrain
|-heal|p1b: Ogerpon|76/100|[from] Grassy Terrain
|-heal|p1a: Rillaboom|94/100 psn|[from] Grassy Terrain
|-damage|p1a: Rillaboom|82/100 psn|[from] psn
|-damage|p1b: Ogerpon|64/100|[from] move: Fire Spin|[partiallytrapped]
|upkeep
|turn|18
|
|t:|1750738019
|move|p1b: Ogerpon|Follow Me|p1b: Ogerpon
|-singleturn|p1b: Ogerpon|move: Follow Me
|move|p2a: Eternatus|Fire Spin|p1b: Ogerpon
|-resisted|p1b: Ogerpon
|-damage|p1b: Ogerpon|58/100
|move|p1a: Rillaboom|U-turn|p2a: Eternatus
|-resisted|p2a: Eternatus
|-damage|p2a: Eternatus|98/100
|
|t:|1750738027
|switch|p1a: Zamazenta|Zamazenta-Crowned, L50|100/100|[from] U-turn
|
|-heal|p2a: Eternatus|100/100|[from] Grassy Terrain
|-heal|p1b: Ogerpon|64/100|[from] Grassy Terrain
|-damage|p1b: Ogerpon|52/100|[from] move: Fire Spin|[partiallytrapped]
|upkeep
|turn|19
|
|t:|1750738039
|move|p1a: Zamazenta|Protect|p1a: Zamazenta
|-singleturn|p1a: Zamazenta|Protect
|move|p1b: Ogerpon|Spiky Shield|p1b: Ogerpon
|-singleturn|p1b: Ogerpon|move: Protect
|move|p2a: Eternatus|Fire Spin|p1a: Zamazenta
|-activate|p1a: Zamazenta|move: Protect
|
|-heal|p1b: Ogerpon|58/100|[from] Grassy Terrain
|-damage|p1b: Ogerpon|45/100|[from] move: Fire Spin|[partiallytrapped]
|upkeep
|turn|20
|
|t:|1750738054
|move|p1b: Ogerpon|Follow Me|p1b: Ogerpon
|-singleturn|p1b: Ogerpon|move: Follow Me
|move|p2a: Eternatus|Fire Spin|p1b: Ogerpon
|-resisted|p1b: Ogerpon
|-damage|p1b: Ogerpon|40/100
|move|p1a: Zamazenta|Body Press|p2a: Eternatus
|-resisted|p2a: Eternatus
|-damage|p2a: Eternatus|96/100
|
|-heal|p2a: Eternatus|100/100|[from] Grassy Terrain
|-heal|p1b: Ogerpon|46/100|[from] Grassy Terrain
|-damage|p1b: Ogerpon|34/100|[from] move: Fire Spin|[partiallytrapped]
|upkeep
|turn|21
|
|t:|1750738078
|move|p1a: Zamazenta|Protect|p1a: Zamazenta
|-singleturn|p1a: Zamazenta|Protect
|move|p1b: Ogerpon|Spiky Shield|p1b: Ogerpon
|-singleturn|p1b: Ogerpon|move: Protect
|move|p2a: Eternatus|Fire Spin|p1a: Zamazenta
|-activate|p1a: Zamazenta|move: Protect
|
|-heal|p1b: Ogerpon|40/100|[from] Grassy Terrain
|-end|p1b: Ogerpon|Fire Spin|[partiallytrapped]
|-fieldend|move: Grassy Terrain
|upkeep
|turn|22
|inactive|duoduoa has 30 seconds left.
|inactive|duoduoa has 20 seconds left.
|
|t:|1750738094
|switch|p1a: Rillaboom|Rillaboom, L50, F|82/100 psn
|-fieldstart|move: Grassy Terrain|[from] ability: Grassy Surge|[of] p1a: Rillaboom
|move|p1b: Ogerpon|Follow Me|p1b: Ogerpon
|-singleturn|p1b: Ogerpon|move: Follow Me
|move|p2a: Eternatus|Fire Spin|p1b: Ogerpon
|-resisted|p1b: Ogerpon
|-damage|p1b: Ogerpon|34/100
|-activate|p1b: Ogerpon|move: Fire Spin|[of] p2a: Eternatus
|
|-heal|p1b: Ogerpon|40/100|[from] Grassy Terrain
|-heal|p1a: Rillaboom|88/100 psn|[from] Grassy Terrain
|-damage|p1a: Rillaboom|76/100 psn|[from] psn
|-damage|p1b: Ogerpon|28/100|[from] move: Fire Spin|[partiallytrapped]
|upkeep
|turn|23
|inactive|duoduoa has 20 seconds left this turn.
|inactive|duoduoa has 15 seconds left.
|inactive|duoduoa has 10 seconds left.
|inactive|duoduoa has 5 seconds left.
|
|t:|1750738112
|move|p1a: Rillaboom|Fake Out|p2a: Eternatus
|-damage|p2a: Eternatus|98/100
|move|p1b: Ogerpon|Grassy Glide|p2a: Eternatus
|-resisted|p2a: Eternatus
|-damage|p2a: Eternatus|95/100
|move|p2a: Eternatus|Fire Spin|p1a: Rillaboom
|-supereffective|p1a: Rillaboom
|-damage|p1a: Rillaboom|59/100 psn
|-activate|p1a: Rillaboom|move: Fire Spin|[of] p2a: Eternatus
|
|-heal|p2a: Eternatus|100/100|[from] Grassy Terrain
|-heal|p1b: Ogerpon|34/100|[from] Grassy Terrain
|-heal|p1a: Rillaboom|65/100 psn|[from] Grassy Terrain
|-damage|p1a: Rillaboom|53/100 psn|[from] psn
|-damage|p1b: Ogerpon|21/100|[from] move: Fire Spin|[partiallytrapped]
|-damage|p1a: Rillaboom|41/100 psn|[from] move: Fire Spin|[partiallytrapped]
|upkeep
|turn|24
|inactive|duoduoa has 5 seconds left this turn.
|-message|duoduoa lost due to inactivity.
|
|win|PiousAugustus13
|raw|duoduoa's rating: 1395 &rarr; <strong>1378</strong><br />(-17 for losing)
|raw|PiousAugustus13's rating: 1445 &rarr; <strong>1462</strong><br />(+17 for winning)
|l|☆duoduoa
|player|p1|
|l|☆PiousAugustus13
|player|p2|
