|j|☆Shio_desu
|j|☆erik311
|t:|1750716279
|gametype|doubles
|player|p1|Shio_desu|falkner|1499
|player|p2|erik311|elesa-masters|1414
|teamsize|p1|6
|teamsize|p2|6
|gen|9
|tier|[Gen 9] VGC 2025 Reg I
|rated|
|rule|Species Clause: Limit one of each Pokémon
|rule|Item Clause: Limit 1 of each item
|clearpoke
|poke|p1|Calyrex-Ice, L50|
|poke|p1|Miraidon, L50|
|poke|p1|Grimmsnarl, L50, M|
|poke|p1|Urshifu-*, L50, M|
|poke|p1|Incineroar, L50, F|
|poke|p1|Landorus, L50, M|
|poke|p2|Calyrex-Ice, L50|
|poke|p2|Miraidon, L50|
|poke|p2|Volcarona, L50, M|
|poke|p2|Ogerpon-Cornerstone, L50, F|
|poke|p2|Whimsicott, L50, F|
|poke|p2|Incineroar, L50, F|
|teampreview|4
|inactive|Battle timer is ON: inactive players will automatically lose when time's up. (requested by erik311)
erik311 has agreed to open team sheets.
|inactive|Shio_desu has 60 seconds left.
|inactive|erik311 has 60 seconds left.
|
|t:|1750716327
|start
|switch|p1a: Miraidon|Miraidon, L50|100/100
|switch|p1b: Incineroar|Incineroar, L50, F|100/100
|switch|p2a: Incineroar|Incineroar, L50, F|100/100
|switch|p2b: Miraidon|Miraidon, L50|100/100
|-fieldstart|move: Electric Terrain|[from] ability: Hadron Engine|[of] p2b: Miraidon
|-activate|p1a: Miraidon|ability: Hadron Engine
|-ability|p1b: Incineroar|Intimidate|boost
|-unboost|p2a: Incineroar|atk|1
|-unboost|p2b: Miraidon|atk|1
|-ability|p2a: Incineroar|Intimidate|boost
|-unboost|p1a: Miraidon|atk|1
|-unboost|p1b: Incineroar|atk|1
|turn|1
|inactive|Shio_desu has 30 seconds left.
|inactive|Shio_desu has 20 seconds left.
|inactive|Shio_desu has 15 seconds left.
|c|☆erik311|hfgl
|
|t:|1750716369
|move|p1b: Incineroar|Fake Out|p2b: Miraidon
|-damage|p2b: Miraidon|94/100
|move|p2a: Incineroar|Fake Out|p1a: Miraidon
|-damage|p1a: Miraidon|94/100
|cant|p2b: Miraidon|flinch
|cant|p1a: Miraidon|flinch
|
|upkeep
|turn|2
|inactive|Shio_desu has 30 seconds left.
|inactive|Shio_desu has 20 seconds left.
|inactive|Shio_desu has 15 seconds left.
|
|t:|1750716411
|-terastallize|p2b: Miraidon|Fairy
|move|p2b: Miraidon|Dazzling Gleam|p1b: Incineroar|[spread] p1a,p1b
|-supereffective|p1a: Miraidon
|-damage|p1a: Miraidon|5/100
|-damage|p1b: Incineroar|52/100
|move|p1a: Miraidon|Volt Switch|p2a: Incineroar
|-damage|p2a: Incineroar|47/100
|
|t:|1750716421
|switch|p1a: Calyrex|Calyrex-Ice, L50|100/100|[from] Volt Switch
|-ability|p1a: Calyrex|As One
|-ability|p1a: Calyrex|Unnerve
|move|p1b: Incineroar|U-turn|p2a: Incineroar
|-damage|p2a: Incineroar|37/100
|
|t:|1750716431
|switch|p1b: Landorus|Landorus, L50, M|100/100|[from] U-turn
|move|p2a: Incineroar|Knock Off|p1a: Calyrex
|-supereffective|p1a: Calyrex
|-damage|p1a: Calyrex|72/100
|-enditem|p1a: Calyrex|Leftovers|[from] move: Knock Off|[of] p2a: Incineroar
|
|upkeep
|turn|3
|inactive|Shio_desu has 30 seconds left.
|inactive|Shio_desu has 20 seconds left.
|
|t:|1750716467
|-terastallize|p1a: Calyrex|Water
|move|p2b: Miraidon|Dazzling Gleam|p1b: Landorus|[spread] p1a,p1b
|-crit|p1b: Landorus
|-damage|p1a: Calyrex|32/100
|-damage|p1b: Landorus|9/100
|move|p1b: Landorus|Sludge Bomb|p2b: Miraidon
|-supereffective|p2b: Miraidon
|-damage|p2b: Miraidon|2/100
|move|p2a: Incineroar|U-turn|p1a: Calyrex
|-damage|p1a: Calyrex|24/100
|
|t:|1750716477
|switch|p2a: Calyrex|Calyrex-Ice, L50|100/100|[from] U-turn
|-ability|p2a: Calyrex|As One
|-ability|p2a: Calyrex|Unnerve
|move|p1a: Calyrex|Trick Room|p1a: Calyrex
|-fieldstart|move: Trick Room|[of] p1a: Calyrex
|
|upkeep
|turn|4
|inactive|Shio_desu has 30 seconds left.
|inactive|erik311 has 30 seconds left.
|
|t:|1750716524
|switch|p1b: Incineroar|Incineroar, L50, F|52/100
|-ability|p1b: Incineroar|Intimidate|boost
|-fail|p2a: Calyrex|unboost|[from] item: Clear Amulet|[of] p2a: Calyrex
|-unboost|p2b: Miraidon|atk|1
|switch|p2b: Incineroar|Incineroar, L50, F|37/100
|-ability|p2b: Incineroar|Intimidate|boost
|-unboost|p1a: Calyrex|atk|1
|-unboost|p1b: Incineroar|atk|1
|move|p1a: Calyrex|Glacial Lance|p2a: Calyrex|[spread] p2a,p2b
|-resisted|p2a: Calyrex
|-resisted|p2b: Incineroar
|-damage|p2a: Calyrex|89/100
|-damage|p2b: Incineroar|23/100
|move|p2a: Calyrex|Glacial Lance|p1a: Calyrex|[spread] p1a,p1b
|-resisted|p1a: Calyrex
|-resisted|p1b: Incineroar
|-damage|p1a: Calyrex|5/100
|-damage|p1b: Incineroar|27/100
|
|upkeep
|turn|5
|
|t:|1750716549
|move|p2b: Incineroar|Fake Out|p1b: Incineroar
|-damage|p1b: Incineroar|16/100
|cant|p1b: Incineroar|flinch
|move|p1a: Calyrex|Leech Seed|p2a: Calyrex
|-start|p2a: Calyrex|move: Leech Seed
|move|p2a: Calyrex|Glacial Lance|p1a: Calyrex|[spread] p1a,p1b
|-resisted|p1a: Calyrex
|-resisted|p1b: Incineroar
|-damage|p1a: Calyrex|0 fnt
|-damage|p1b: Incineroar|0 fnt
|faint|p1a: Calyrex
|faint|p1b: Incineroar
|-ability|p2a: Calyrex|Chilling Neigh|boost
|-boost|p2a: Calyrex|atk|2
|
|-fieldend|move: Electric Terrain
|upkeep
|
|t:|1750716561
|switch|p1a: Miraidon|Miraidon, L50|5/100
|switch|p1b: Landorus|Landorus, L50, M|9/100
|-fieldstart|move: Electric Terrain|[from] ability: Hadron Engine|[of] p1a: Miraidon
|turn|6
|
|t:|1750716568
|move|p2a: Calyrex|Glacial Lance|p1a: Miraidon|[spread] p1a,p1b
|-supereffective|p1a: Miraidon
|-supereffective|p1b: Landorus
|-damage|p1a: Miraidon|0 fnt
|-damage|p1b: Landorus|0 fnt
|faint|p1a: Miraidon
|faint|p1b: Landorus
|
|win|erik311
|raw|Shio_desu's rating: 1499 &rarr; <strong>1474</strong><br />(-25 for losing)
|raw|erik311's rating: 1414 &rarr; <strong>1439</strong><br />(+25 for winning)
