|j|☆seemeier
|j|☆Megaman087
|t:|1750877474
|gametype|doubles
|player|p1|seemeier|1|1506
|player|p2|Megaman087|lucas|1456
|teamsize|p1|6
|teamsize|p2|6
|gen|9
|tier|[Gen 9] VGC 2025 Reg I
|rated|
|rule|Species Clause: Limit one of each Pokémon
|rule|Item Clause: Limit 1 of each item
|clearpoke
|poke|p1|Toxicroak, L50, F|
|poke|p1|Kyogre, L50|
|poke|p1|Calyrex-Ice, L50|
|poke|p1|Iron Hands, L50|
|poke|p1|Landorus, L50, M|
|poke|p1|Tornadus, L50, M|
|poke|p2|Eternatus, L50|
|poke|p2|Grimmsnarl, L50, M|
|poke|p2|Wo-Chien, L50|
|poke|p2|Qwilfish-Hisui, L50, M|
|poke|p2|Cresselia, L50, F|
|poke|p2|Calyrex-Ice, L50|
|teampreview|4
|inactive|Battle timer is ON: inactive players will automatically lose when time's up. (requested by seemeier)
|inactive|Megaman087 has 60 seconds left.
|
|t:|1750877507
|start
|switch|p1a: Kyogre|Kyogre, L50|100/100
|switch|p1b: Toxicroak|Toxicroak, L50, F|100/100
|switch|p2a: Grimmsnarl|Grimmsnarl, L50, M|100/100
|switch|p2b: Eternatus|Eternatus, L50|100/100
|-weather|RainDance|[from] ability: Drizzle|[of] p1a: Kyogre
|-ability|p2b: Eternatus|Pressure
|turn|1
|
|t:|1750877523
|move|p1b: Toxicroak|Fake Out|p2a: Grimmsnarl
|-damage|p2a: Grimmsnarl|90/100
|cant|p2a: Grimmsnarl|flinch
|move|p1a: Kyogre|Water Spout|p2b: Eternatus|[spread] p2a,p2b
|-crit|p2a: Grimmsnarl
|-resisted|p2b: Eternatus
|-crit|p2b: Eternatus
|-damage|p2a: Grimmsnarl|0 fnt
|-damage|p2b: Eternatus|62/100
|faint|p2a: Grimmsnarl
|move|p2b: Eternatus|Cosmic Power|p2b: Eternatus
|-boost|p2b: Eternatus|def|1
|-boost|p2b: Eternatus|spd|1
|
|-weather|RainDance|[upkeep]
|upkeep
|inactive|Megaman087 has 30 seconds left.
|
|t:|1750877550
|switch|p2a: Wo-Chien|Wo-Chien, L50|100/100
|-ability|p2a: Wo-Chien|Tablets of Ruin
|turn|2
|
|t:|1750877564
|switch|p1a: Calyrex|Calyrex-Ice, L50|100/100
|-ability|p1a: Calyrex|As One
|-ability|p1a: Calyrex|Unnerve
|move|p1b: Toxicroak|Close Combat|p2a: Wo-Chien
|-supereffective|p2a: Wo-Chien
|-damage|p2a: Wo-Chien|46/100
|-unboost|p1b: Toxicroak|def|1
|-unboost|p1b: Toxicroak|spd|1
|move|p2b: Eternatus|Cosmic Power|p2b: Eternatus
|-boost|p2b: Eternatus|def|1
|-boost|p2b: Eternatus|spd|1
|move|p2a: Wo-Chien|Ingrain|p2a: Wo-Chien
|-start|p2a: Wo-Chien|move: Ingrain
|
|-weather|RainDance|[upkeep]
|-heal|p2a: Wo-Chien|53/100|[from] item: Leftovers
|-heal|p2a: Wo-Chien|59/100|[from] Ingrain
|upkeep
|turn|3
|
|t:|1750877587
|move|p2a: Wo-Chien|Protect|p2a: Wo-Chien
|-singleturn|p2a: Wo-Chien|Protect
|move|p1b: Toxicroak|Feint|p2a: Wo-Chien
|-activate|p2a: Wo-Chien|move: Feint
|-damage|p2a: Wo-Chien|54/100
|move|p2b: Eternatus|Recover|p2b: Eternatus
|-heal|p2b: Eternatus|100/100
|move|p1a: Calyrex|Glacial Lance|p2b: Eternatus|[spread] p2a,p2b
|-supereffective|p2a: Wo-Chien
|-supereffective|p2b: Eternatus
|-damage|p2a: Wo-Chien|0 fnt
|-damage|p2b: Eternatus|70/100
|faint|p2a: Wo-Chien
|-ability|p1a: Calyrex|Chilling Neigh|boost
|-boost|p1a: Calyrex|atk|1
|
|-weather|RainDance|[upkeep]
|upkeep
|
|t:|1750877610
|switch|p2a: Calyrex|Calyrex-Ice, L50|100/100
|-ability|p2a: Calyrex|As One
|-ability|p2a: Calyrex|Unnerve
|turn|4
|
|t:|1750877625
|move|p1b: Toxicroak|Close Combat|p2a: Calyrex
|-damage|p2a: Calyrex|70/100
|-unboost|p1b: Toxicroak|def|1
|-unboost|p1b: Toxicroak|spd|1
|move|p2b: Eternatus|Cosmic Power|p2b: Eternatus
|-boost|p2b: Eternatus|def|1
|-boost|p2b: Eternatus|spd|1
|move|p2a: Calyrex|Psych Up|p2b: Eternatus
|-copyboost|p2a: Calyrex|p2b: Eternatus|[from] move: Psych Up
|move|p1a: Calyrex|Leech Seed|p2b: Eternatus
|-start|p2b: Eternatus|move: Leech Seed
|
|-weather|RainDance|[upkeep]
|-damage|p2b: Eternatus|58/100|[from] Leech Seed|[of] p1a: Calyrex
|upkeep
|turn|5
|inactive|Megaman087 has 30 seconds left.
|
|t:|1750877656
|move|p1b: Toxicroak|Gunk Shot|p2a: Calyrex
|-damage|p2a: Calyrex|57/100
|-status|p2a: Calyrex|psn
|move|p2b: Eternatus|Fire Spin|p1a: Calyrex
|-supereffective|p1a: Calyrex
|-damage|p1a: Calyrex|94/100
|-activate|p1a: Calyrex|move: Fire Spin|[of] p2b: Eternatus
|move|p1a: Calyrex|Leech Seed|p2a: Calyrex
|-start|p2a: Calyrex|move: Leech Seed
|move|p2a: Calyrex|Leech Seed|p1a: Calyrex
|-start|p1a: Calyrex|move: Leech Seed
|
|-weather|none
|-heal|p1a: Calyrex|99/100|[from] item: Leftovers
|-damage|p2b: Eternatus|45/100|[from] Leech Seed|[of] p1a: Calyrex
|-heal|p1a: Calyrex|100/100|[silent]
|-damage|p2a: Calyrex|44/100 psn|[from] Leech Seed|[of] p1a: Calyrex
|-damage|p1a: Calyrex|88/100|[from] Leech Seed|[of] p2a: Calyrex
|-heal|p2a: Calyrex|57/100 psn|[silent]
|-damage|p2a: Calyrex|44/100 psn|[from] psn
|-damage|p1a: Calyrex|76/100|[from] move: Fire Spin|[partiallytrapped]
|upkeep
|turn|6
|
|t:|1750877680
|move|p1a: Calyrex|Protect|p1a: Calyrex
|-singleturn|p1a: Calyrex|Protect
|move|p1b: Toxicroak|Close Combat|p2a: Calyrex
|-damage|p2a: Calyrex|31/100 psn
|-unboost|p1b: Toxicroak|def|1
|-unboost|p1b: Toxicroak|spd|1
|move|p2b: Eternatus|Recover|p2b: Eternatus
|-heal|p2b: Eternatus|95/100
|move|p2a: Calyrex|Glacial Lance|p1a: Calyrex|[spread] p1b
|-activate|p1a: Calyrex|move: Protect
|-enditem|p1b: Toxicroak|Focus Sash
|-damage|p1b: Toxicroak|1/100
|
|-heal|p1a: Calyrex|82/100|[from] item: Leftovers
|-damage|p2b: Eternatus|83/100|[from] Leech Seed|[of] p1a: Calyrex
|-heal|p1a: Calyrex|97/100|[silent]
|-damage|p1a: Calyrex|85/100|[from] Leech Seed|[of] p2a: Calyrex
|-heal|p2a: Calyrex|44/100 psn|[silent]
|-damage|p2a: Calyrex|31/100 psn|[from] Leech Seed|[of] p1a: Calyrex
|-heal|p1a: Calyrex|97/100|[silent]
|-damage|p2a: Calyrex|19/100 psn|[from] psn
|-damage|p1a: Calyrex|85/100|[from] move: Fire Spin|[partiallytrapped]
|upkeep
|turn|7
|inactive|Megaman087 has 30 seconds left.
|inactive|Megaman087 has 20 seconds left.
|inactive|Megaman087 has 15 seconds left.
|
|t:|1750877722
|move|p2a: Calyrex|Protect|p2a: Calyrex
|-singleturn|p2a: Calyrex|Protect
|move|p2b: Eternatus|Cosmic Power|p2b: Eternatus
|-boost|p2b: Eternatus|def|1
|-boost|p2b: Eternatus|spd|1
|move|p1b: Toxicroak|Close Combat|p2a: Calyrex
|-activate|p2a: Calyrex|move: Protect
|move|p1a: Calyrex|Glacial Lance|p2b: Eternatus|[spread] p2b
|-activate|p2a: Calyrex|move: Protect
|-supereffective|p2b: Eternatus
|-damage|p2b: Eternatus|45/100
|
|-heal|p1a: Calyrex|90/100|[from] item: Leftovers
|-damage|p2b: Eternatus|33/100|[from] Leech Seed|[of] p1a: Calyrex
|-heal|p1a: Calyrex|100/100|[silent]
|-damage|p1a: Calyrex|88/100|[from] Leech Seed|[of] p2a: Calyrex
|-heal|p2a: Calyrex|31/100 psn|[silent]
|-damage|p2a: Calyrex|19/100 psn|[from] Leech Seed|[of] p1a: Calyrex
|-heal|p1a: Calyrex|100/100|[silent]
|-damage|p2a: Calyrex|6/100 psn|[from] psn
|-damage|p1a: Calyrex|88/100|[from] move: Fire Spin|[partiallytrapped]
|upkeep
|turn|8
|inactive|Megaman087 has 30 seconds left.
|
|t:|1750877748
|move|p1b: Toxicroak|Close Combat|p2a: Calyrex
|-damage|p2a: Calyrex|0 fnt
|-unboost|p1b: Toxicroak|def|1
|-unboost|p1b: Toxicroak|spd|1
|faint|p2a: Calyrex
|move|p2b: Eternatus|Fire Spin|p1b: Toxicroak
|-damage|p1b: Toxicroak|0 fnt
|faint|p1b: Toxicroak
|move|p1a: Calyrex|Glacial Lance|p2b: Eternatus
|-supereffective|p2b: Eternatus
|-damage|p2b: Eternatus|0 fnt
|faint|p2b: Eternatus
|
|win|seemeier
|raw|seemeier's rating: 1506 &rarr; <strong>1523</strong><br />(+17 for winning)
|raw|Megaman087's rating: 1456 &rarr; <strong>1439</strong><br />(-17 for losing)
|l|☆Megaman087
|player|p2|
|j| Saren49
|l| Saren49
|l|☆seemeier
|player|p1|
