|j|☆DrakyPana
|j|☆Oorko
|t:|1750825106
|gametype|doubles
|player|p1|DrakyPana|psychicf-gen4|1354
|player|p2|Oorko|dragontamer|1337
|teamsize|p1|6
|teamsize|p2|6
|gen|9
|tier|[Gen 9] VGC 2025 Reg I
|rated|
|rule|Species Clause: Limit one of each Pokémon
|rule|Item Clause: Limit 1 of each item
|clearpoke
|poke|p1|Ursaluna, L50, M|
|poke|p1|Urshifu-*, L50, M|
|poke|p1|Miraidon, L50|
|poke|p1|Incineroar, L50, F|
|poke|p1|Lunala, L50|
|poke|p1|Whimsicott, L50, M|
|poke|p2|Koraidon, L50|
|poke|p2|Scovillain, L50, F|
|poke|p2|Miraidon, L50|
|poke|p2|Chesnaught, L50, M|
|poke|p2|Clefairy, L50, F|
|poke|p2|Indeedee-F, L50, F|
|teampreview|4
DrakyPana has agreed to open team sheets.
|inactive|Battle timer is ON: inactive players will automatically lose when time's up. (requested by Oorko)
|
|t:|1750825165
|start
|switch|p1a: Miraidon|Miraidon, L50|100/100
|switch|p1b: Whimsicott|Whimsicott, L50, M|100/100
|switch|p2a: Scovillain|Scovillain, L50, F|100/100
|switch|p2b: Koraidon|Koraidon, L50|100/100
|-fieldstart|move: Electric Terrain|[from] ability: Hadron Engine|[of] p1a: Miraidon
|-weather|SunnyDay|[from] ability: Orichalcum Pulse|[of] p2b: Koraidon
|-activate|p2b: Koraidon|Orichalcum Pulse|[source]
|turn|1
|
|t:|1750825188
|-terastallize|p2b: Koraidon|Fire
|move|p2a: Scovillain|Rage Powder|p2a: Scovillain
|-singleturn|p2a: Scovillain|move: Rage Powder
|move|p1b: Whimsicott|Tailwind|p1b: Whimsicott
|-sidestart|p1: DrakyPana|move: Tailwind
|move|p1a: Miraidon|Electro Drift|p2a: Scovillain
|-resisted|p2a: Scovillain
|-enditem|p2a: Scovillain|Focus Sash
|-damage|p2a: Scovillain|1/100
|move|p2b: Koraidon|Flame Charge|p1b: Whimsicott
|-supereffective|p1b: Whimsicott
|-damage|p1b: Whimsicott|0 fnt
|-boost|p2b: Koraidon|spe|1
|faint|p1b: Whimsicott
|
|-weather|SunnyDay|[upkeep]
|upkeep
|
|t:|1750825205
|switch|p1b: Incineroar|Incineroar, L50, F|100/100
|-ability|p1b: Incineroar|Intimidate|boost
|-unboost|p2a: Scovillain|atk|1
|-fail|p2b: Koraidon|unboost|[from] item: Clear Amulet|[of] p2b: Koraidon
|turn|2
|
|t:|1750825213
|move|p2a: Scovillain|Protect|p2a: Scovillain
|-singleturn|p2a: Scovillain|Protect
|move|p2b: Koraidon|Protect|p2b: Koraidon
|-singleturn|p2b: Koraidon|Protect
|move|p1b: Incineroar|Fake Out|p2a: Scovillain
|-activate|p2a: Scovillain|move: Protect
|move|p1a: Miraidon|Electro Drift|p2b: Koraidon
|-activate|p2b: Koraidon|move: Protect
|
|-weather|SunnyDay|[upkeep]
|upkeep
|turn|3
|
|t:|1750825227
|-terastallize|p1b: Incineroar|Bug
|move|p2a: Scovillain|Rage Powder|p2a: Scovillain
|-singleturn|p2a: Scovillain|move: Rage Powder
|move|p1a: Miraidon|Electro Drift|p2a: Scovillain
|-resisted|p2a: Scovillain
|-damage|p2a: Scovillain|0 fnt
|faint|p2a: Scovillain
|move|p2b: Koraidon|Flame Charge|p1a: Miraidon
|-resisted|p1a: Miraidon
|-damage|p1a: Miraidon|65/100
|-boost|p2b: Koraidon|spe|1
|move|p1b: Incineroar|Knock Off|p2b: Koraidon
|-damage|p2b: Koraidon|65/100
|-enditem|p2b: Koraidon|Clear Amulet|[from] move: Knock Off|[of] p1b: Incineroar
|
|-weather|SunnyDay|[upkeep]
|upkeep
|
|t:|1750825237
|switch|p2a: Clefairy|Clefairy, L50, F|100/100
|turn|4
|
|t:|1750825247
|switch|p1b: Ursaluna|Ursaluna, L50, M|100/100
|move|p2b: Koraidon|Protect|p2b: Koraidon
|-singleturn|p2b: Koraidon|Protect
|move|p2a: Clefairy|Protect|p2a: Clefairy
|-singleturn|p2a: Clefairy|Protect
|move|p1a: Miraidon|Electro Drift|p2b: Koraidon
|-activate|p2b: Koraidon|move: Protect
|
|-weather|SunnyDay|[upkeep]
|-sideend|p1: DrakyPana|move: Tailwind
|-status|p1b: Ursaluna|brn|[from] item: Flame Orb
|upkeep
|turn|5
|
|t:|1750825271
|move|p1b: Ursaluna|Protect|p1b: Ursaluna
|-singleturn|p1b: Ursaluna|Protect
|move|p2a: Clefairy|Follow Me|p2a: Clefairy
|-singleturn|p2a: Clefairy|move: Follow Me
|move|p2b: Koraidon|Collision Course|p1b: Ursaluna
|-activate|p1b: Ursaluna|move: Protect
|move|p1a: Miraidon|Electro Drift|p2a: Clefairy
|-damage|p2a: Clefairy|0 fnt
|faint|p2a: Clefairy
|
|-weather|none
|-damage|p1b: Ursaluna|95/100 brn|[from] brn
|-fieldend|move: Electric Terrain
|upkeep
|
|t:|1750825273
|switch|p2a: Miraidon|Miraidon, L50|100/100
|-fieldstart|move: Electric Terrain|[from] ability: Hadron Engine|[of] p2a: Miraidon
|turn|6
|
|t:|1750825293
|switch|p1b: Incineroar|Incineroar, L50, F, tera:Bug|100/100
|-ability|p1b: Incineroar|Intimidate|boost
|-unboost|p2a: Miraidon|atk|1
|-unboost|p2b: Koraidon|atk|1
|move|p2b: Koraidon|Flare Blitz|p1b: Incineroar
|-supereffective|p1b: Incineroar
|-damage|p1b: Incineroar|28/100
|-damage|p2b: Koraidon|49/100|[from] item: Rocky Helmet|[of] p1b: Incineroar
|-damage|p2b: Koraidon|22/100|[from] Recoil
|move|p2a: Miraidon|Draco Meteor|p1a: Miraidon
|-supereffective|p1a: Miraidon
|-damage|p1a: Miraidon|0 fnt
|-unboost|p2a: Miraidon|spa|2
|faint|p1a: Miraidon
|
|upkeep
|
|t:|1750825304
|switch|p1a: Ursaluna|Ursaluna, L50, M|95/100 brn
|turn|7
|inactive|DrakyPana has 30 seconds left.
|
|t:|1750825336
|move|p2b: Koraidon|Protect|p2b: Koraidon
|-singleturn|p2b: Koraidon|Protect
|move|p1b: Incineroar|Fake Out|p2a: Miraidon
|-damage|p2a: Miraidon|90/100
|cant|p2a: Miraidon|flinch
|move|p1a: Ursaluna|Facade|p2a: Miraidon
|-damage|p2a: Miraidon|0 fnt
|faint|p2a: Miraidon
|
|-damage|p1a: Ursaluna|89/100 brn|[from] brn
|upkeep
|turn|8
|
|t:|1750825351
|move|p2b: Koraidon|Collision Course|p1b: Incineroar
|-resisted|p1b: Incineroar
|-damage|p1b: Incineroar|13/100
|-damage|p2b: Koraidon|6/100|[from] item: Rocky Helmet|[of] p1b: Incineroar
|move|p1b: Incineroar|Knock Off|p2b: Koraidon
|-damage|p2b: Koraidon|0 fnt
|faint|p2b: Koraidon
|
|win|DrakyPana
|raw|DrakyPana's rating: 1354 &rarr; <strong>1372</strong><br />(+18 for winning)
|raw|Oorko's rating: 1316 &rarr; <strong>1298</strong><br />(-18 for losing)
|l|☆Oorko
|player|p2|
|c|☆DrakyPana|gg
