|j|☆DAVIZZZZ14
|j|☆FairyLandAlice
|t:|1750772739
|gametype|doubles
|player|p1|DAVIZZZZ14|266|1247
|player|p2|FairyLandAlice|caitlin|1337
|teamsize|p1|6
|teamsize|p2|6
|gen|9
|tier|[Gen 9] VGC 2025 Reg I
|rated|
|rule|Species Clause: Limit one of each Pokémon
|rule|Item Clause: Limit 1 of each item
|clearpoke
|poke|p1|Lugia, L50|
|poke|p1|Groudon, L50|
|poke|p1|Brute Bonnet, L50|
|poke|p1|Comfey, L50, F|
|poke|p1|Sableye, L50, F|
|poke|p1|Rotom-Heat, L50|
|poke|p2|Giratina-Origin, L50|
|poke|p2|Zamazenta-*, L50|
|poke|p2|Chien-Pao, L50|
|poke|p2|Entei, L50|
|poke|p2|Urshifu-*, L50, F|
|poke|p2|Rillaboom, L50, F|
|teampreview|4
DAVIZZZZ14 has agreed to open team sheets.
|inactive|Battle timer is ON: inactive players will automatically lose when time's up. (requested by DAVIZZZZ14)
|
|t:|1750772786
|start
|switch|p1a: Brute Bonnet|Brute Bonnet, L50|100/100
|switch|p1b: Groudon|Groudon, L50|100/100
|switch|p2a: Chien-Pao|Chien-Pao, L50|100/100
|switch|p2b: Entei|Entei, L50|100/100
|-ability|p2a: Chien-Pao|Sword of Ruin
|-weather|SunnyDay|[from] ability: Drought|[of] p1b: Groudon
|-activate|p1a: Brute Bonnet|ability: Protosynthesis
|-start|p1a: Brute Bonnet|protosynthesisatk
|turn|1
|inactive|FairyLandAlice has 30 seconds left.
|
|t:|1750772820
|-terastallize|p1b: Groudon|Fire
|move|p2a: Chien-Pao|Protect|p2a: Chien-Pao
|-singleturn|p2a: Chien-Pao|Protect
|move|p2b: Entei|Sacred Fire|p1a: Brute Bonnet
|-supereffective|p1a: Brute Bonnet
|-damage|p1a: Brute Bonnet|0 fnt
|faint|p1a: Brute Bonnet
|-end|p1a: Brute Bonnet|Protosynthesis|[silent]
|-damage|p2b: Entei|91/100|[from] item: Life Orb
|move|p1b: Groudon|Precipice Blades|p2b: Entei|[spread] p2b
|-activate|p2a: Chien-Pao|move: Protect
|-supereffective|p2b: Entei
|-damage|p2b: Entei|0 fnt
|faint|p2b: Entei
|
|-weather|SunnyDay|[upkeep]
|upkeep
|
|t:|1750772839
|switch|p2b: Giratina|Giratina-Origin, L50|100/100
|switch|p1a: Rotom|Rotom-Heat, L50|100/100
|turn|2
|
|t:|1750772858
|move|p2a: Chien-Pao|Crunch|p1b: Groudon
|-damage|p1b: Groudon|62/100
|move|p1a: Rotom|Volt Switch|p2a: Chien-Pao
|-damage|p2a: Chien-Pao|20/100
|
|t:|1750772877
|switch|p1a: Lugia|Lugia, L50|100/100|[from] Volt Switch
|move|p1b: Groudon|Precipice Blades|p2a: Chien-Pao|[spread] p2a
|-immune|p2b: Giratina|[from] ability: Levitate
|-damage|p2a: Chien-Pao|0 fnt
|faint|p2a: Chien-Pao
|move|p2b: Giratina|Poltergeist|p1b: Groudon
|-activate|p1b: Groudon|move: Poltergeist|Clear Amulet
|-damage|p1b: Groudon|16/100
|
|-weather|SunnyDay|[upkeep]
|upkeep
|
|t:|1750772891
|switch|p2a: Zamazenta|Zamazenta-Crowned, L50|100/100
|-ability|p2a: Zamazenta|Dauntless Shield|boost
|-boost|p2a: Zamazenta|def|1
|turn|3
|
|t:|1750772915
|move|p2a: Zamazenta|Body Press|p1b: Groudon
|-damage|p1b: Groudon|0 fnt
|faint|p1b: Groudon
|move|p1a: Lugia|Calm Mind|p1a: Lugia
|-boost|p1a: Lugia|spa|1
|-boost|p1a: Lugia|spd|1
|move|p2b: Giratina|Poltergeist|p1a: Lugia
|-activate|p1a: Lugia|move: Poltergeist|Covert Cloak
|-supereffective|p1a: Lugia
|-damage|p1a: Lugia|58/100
|
|-weather|SunnyDay|[upkeep]
|upkeep
|
|t:|1750772918
|switch|p1b: Rotom|Rotom-Heat, L50|100/100
|turn|4
|inactive|FairyLandAlice has 30 seconds left.
|inactive|FairyLandAlice has 20 seconds left.
|
|t:|1750772955
|-terastallize|p2a: Zamazenta|Ghost
|move|p1a: Lugia|Protect|p1a: Lugia
|-singleturn|p1a: Lugia|Protect
|move|p2a: Zamazenta|Behemoth Bash|p1a: Lugia
|-activate|p1a: Lugia|move: Protect
|move|p1b: Rotom|Trick||[still]
|-fail|p1b: Rotom
|move|p2b: Giratina|Poltergeist|p1a: Lugia
|-activate|p1a: Lugia|move: Protect
|
|-weather|SunnyDay|[upkeep]
|upkeep
|turn|5
|
|t:|1750772977
|move|p2a: Zamazenta|Behemoth Bash|p1a: Lugia
|-damage|p1a: Lugia|30/100
|move|p1a: Lugia|Calm Mind|p1a: Lugia
|-boost|p1a: Lugia|spa|1
|-boost|p1a: Lugia|spd|1
|move|p1b: Rotom|Trick||[still]
|-fail|p1b: Rotom
|move|p2b: Giratina|Poltergeist|p1a: Lugia
|-activate|p1a: Lugia|move: Poltergeist|Covert Cloak
|-supereffective|p1a: Lugia
|-damage|p1a: Lugia|0 fnt
|faint|p1a: Lugia
|
|-weather|none
|upkeep
|turn|6
|-message|DAVIZZZZ14 forfeited.
|
|win|FairyLandAlice
|raw|DAVIZZZZ14's rating: 1247 &rarr; <strong>1228</strong><br />(-19 for losing)
|raw|FairyLandAlice's rating: 1337 &rarr; <strong>1352</strong><br />(+15 for winning)
|l|☆DAVIZZZZ14
|player|p1|
|l|☆FairyLandAlice
|player|p2|
