|j|☆notspocko
|j|☆CinnaMink
|t:|1750742182
|gametype|doubles
|player|p1|notspocko|boarder|1211
|player|p2|CinnaMink|backpackerf|1247
|teamsize|p1|6
|teamsize|p2|6
|gen|9
|tier|[Gen 9] VGC 2025 Reg I
|rated|
|rule|Species Clause: Limit one of each Pokémon
|rule|Item Clause: Limit 1 of each item
|clearpoke
|poke|p1|Koraidon, L50|
|poke|p1|Sneasler, L50, M|
|poke|p1|Lunala, L50|
|poke|p1|Brute Bonnet, L50|
|poke|p1|Incineroar, L50, M|
|poke|p1|Weezing-Galar, L50, M|
|poke|p2|Kyogre, L50|
|poke|p2|Miraidon, L50|
|poke|p2|Archaludon, L50, F|
|poke|p2|Tornadus, L50, M|
|poke|p2|Amoonguss, L50, F|
|poke|p2|Urshifu-*, L50, M|
|teampreview|4
|inactive|Battle timer is ON: inactive players will automatically lose when time's up. (requested by notspocko)
|
|t:|1750742205
|start
|switch|p1a: Sneasler|Sneasler, L50, M|100/100
|switch|p1b: Lunala|Lunala, L50|100/100
|switch|p2a: Miraidon|Miraidon, L50|100/100
|switch|p2b: Tornadus|Tornadus, L50, M|100/100
|-fieldstart|move: Electric Terrain|[from] ability: Hadron Engine|[of] p2a: Miraidon
|turn|1
|inactive|CinnaMink has 30 seconds left.
|inactive|CinnaMink has 20 seconds left.
|inactive|CinnaMink has 15 seconds left.
|inactive|CinnaMink has 10 seconds left.
|
|t:|1750742251
|switch|p2a: Archaludon|Archaludon, L50, F|100/100
|move|p1a: Sneasler|Fake Out|p2b: Tornadus
|-damage|p2b: Tornadus|76/100
|cant|p2b: Tornadus|flinch
|move|p1b: Lunala|Meteor Beam||[still]
|-prepare|p1b: Lunala|Meteor Beam
|-boost|p1b: Lunala|spa|1
|-enditem|p1b: Lunala|Power Herb
|-anim|p1b: Lunala|Meteor Beam|p2b: Tornadus
|-supereffective|p2b: Tornadus
|-damage|p2b: Tornadus|0 fnt
|faint|p2b: Tornadus
|
|upkeep
|
|t:|1750742268
|switch|p2b: Miraidon|Miraidon, L50|100/100
|-activate|p2b: Miraidon|ability: Hadron Engine
|turn|2
|inactive|CinnaMink has 30 seconds left.
|inactive|CinnaMink has 20 seconds left.
|inactive|CinnaMink has 15 seconds left.
|
|t:|1750742309
|switch|p1a: Weezing|Weezing-Galar, L50, M|100/100
|-fieldstart|move: Misty Terrain|[from] ability: Misty Surge|[of] p1a: Weezing
|switch|p2a: Kyogre|Kyogre, L50|100/100
|-weather|RainDance|[from] ability: Drizzle|[of] p2a: Kyogre
|move|p2b: Miraidon|Electro Drift|p1b: Lunala
|-damage|p1b: Lunala|71/100
|move|p1b: Lunala|Moonblast|p2b: Miraidon
|-supereffective|p2b: Miraidon
|-damage|p2b: Miraidon|8/100
|-unboost|p2b: Miraidon|spa|1
|
|-weather|RainDance|[upkeep]
|upkeep
|turn|3
|
|t:|1750742333
|switch|p2b: Archaludon|Archaludon, L50, F|100/100
|switch|p1b: Koraidon|Koraidon, L50|100/100
|-weather|SunnyDay|[from] ability: Orichalcum Pulse|[of] p1b: Koraidon
|-activate|p1b: Koraidon|Orichalcum Pulse|[source]
|move|p2a: Kyogre|Water Spout|p1a: Weezing|[spread] p1a,p1b
|-resisted|p1b: Koraidon
|-damage|p1a: Weezing|53/100
|-damage|p1b: Koraidon|85/100
|move|p1a: Weezing|Dazzling Gleam|p2a: Kyogre|[spread] p2a,p2b
|-damage|p2a: Kyogre|83/100
|-damage|p2b: Archaludon|77/100
|-ability|p2b: Archaludon|Stamina|boost
|-boost|p2b: Archaludon|def|1
|
|-weather|SunnyDay|[upkeep]
|upkeep
|turn|4
|inactive|CinnaMink has 30 seconds left.
|
|t:|1750742363
|-terastallize|p2b: Archaludon|Electric
|move|p2a: Kyogre|Protect|p2a: Kyogre
|-singleturn|p2a: Kyogre|Protect
|move|p1b: Koraidon|Close Combat|p2b: Archaludon
|-damage|p2b: Archaludon|25/100
|-unboost|p1b: Koraidon|def|1
|-unboost|p1b: Koraidon|spd|1
|-ability|p2b: Archaludon|Stamina|boost
|-boost|p2b: Archaludon|def|1
|-damage|p1b: Koraidon|75/100|[from] item: Life Orb
|move|p2b: Archaludon|Draco Meteor|p1b: Koraidon
|-supereffective|p1b: Koraidon
|-damage|p1b: Koraidon|0 fnt
|-unboost|p2b: Archaludon|spa|2
|faint|p1b: Koraidon
|move|p1a: Weezing|Sludge Bomb|p2a: Kyogre
|-activate|p2a: Kyogre|move: Protect
|
|-weather|SunnyDay|[upkeep]
|upkeep
|
|t:|1750742378
|switch|p1b: Sneasler|Sneasler, L50, M|100/100
|turn|5
|inactive|notspocko has 30 seconds left.
|inactive|CinnaMink has 30 seconds left.
|inactive|CinnaMink has 20 seconds left.
|inactive|CinnaMink has 15 seconds left.
|
|t:|1750742422
|switch|p2a: Miraidon|Miraidon, L50|8/100
|-fieldstart|move: Electric Terrain|[from] ability: Hadron Engine|[of] p2a: Miraidon
|move|p1b: Sneasler|Close Combat|p2a: Miraidon
|-damage|p2a: Miraidon|0 fnt
|-unboost|p1b: Sneasler|def|1
|-unboost|p1b: Sneasler|spd|1
|faint|p2a: Miraidon
|move|p2b: Archaludon|Draco Meteor|p1b: Sneasler
|-damage|p1b: Sneasler|22/100
|-unboost|p2b: Archaludon|spa|2
|move|p1a: Weezing|Sludge Bomb|p2b: Archaludon
|-damage|p2b: Archaludon|0 fnt
|faint|p2b: Archaludon
|
|-weather|SunnyDay|[upkeep]
|upkeep
|
|t:|1750742444
|switch|p2a: Kyogre|Kyogre, L50|83/100
|-weather|RainDance|[from] ability: Drizzle|[of] p2a: Kyogre
|turn|6
|
|t:|1750742453
|move|p1b: Sneasler|Close Combat|p2a: Kyogre
|-damage|p2a: Kyogre|16/100
|-unboost|p1b: Sneasler|def|1
|-unboost|p1b: Sneasler|spd|1
|-enditem|p2a: Kyogre|Sitrus Berry|[eat]
|-heal|p2a: Kyogre|41/100|[from] item: Sitrus Berry
|move|p2a: Kyogre|Water Spout|p1b: Sneasler|[spread] p1a,p1b
|-damage|p1a: Weezing|0 fnt
|-damage|p1b: Sneasler|0 fnt
|faint|p1a: Weezing
|faint|p1b: Sneasler
|
|-weather|RainDance|[upkeep]
|upkeep
|
|t:|1750742456
|switch|p1b: Lunala|Lunala, L50|71/100
|turn|7
|inactive|CinnaMink has 30 seconds left.
|
|t:|1750742491
|move|p1b: Lunala|Moongeist Beam|p2a: Kyogre
|-damage|p2a: Kyogre|8/100
|move|p2a: Kyogre|Thunder|p1b: Lunala
|-damage|p1b: Lunala|24/100
|
|-weather|RainDance|[upkeep]
|upkeep
|turn|8
|
|t:|1750742510
|move|p1b: Lunala|Moongeist Beam|p2a: Kyogre
|-damage|p2a: Kyogre|0 fnt
|faint|p2a: Kyogre
|
|win|notspocko
|raw|notspocko's rating: 1211 &rarr; <strong>1239</strong><br />(+28 for winning)
|raw|CinnaMink's rating: 1247 &rarr; <strong>1219</strong><br />(-28 for losing)
|l|☆notspocko
|player|p1|
|l|☆CinnaMink
|player|p2|
