|j|☆Shadowtheft
|j|☆Useless0o0
|t:|1750868461
|gametype|doubles
|player|p1|Shadowtheft|n-masters3|1496
|player|p2|Useless0o0|170|1589
|teamsize|p1|6
|teamsize|p2|6
|gen|9
|tier|[Gen 9] VGC 2025 Reg I
|rated|
|rule|Species Clause: Limit one of each Pokémon
|rule|Item Clause: Limit 1 of each item
|clearpoke
|poke|p1|Drifblim, L50, M|
|poke|p1|Tatsugiri, L50, F|
|poke|p1|Dondozo, L50, M|
|poke|p1|Indeedee-F, L50, F|
|poke|p1|Eternatus, L50|
|poke|p1|Calyrex-Shadow, L50|
|poke|p2|Calyrex-Ice, L50|
|poke|p2|Kyogre, L50|
|poke|p2|Iron Jugulis, L50|
|poke|p2|Basculegion, L50, M|
|poke|p2|Rillaboom, L50, M|
|poke|p2|Electabuzz, L50, M|
|teampreview|4
|inactive|Battle timer is ON: inactive players will automatically lose when time's up. (requested by Shadowtheft)
|inactive|Useless0o0 also wants the timer to be on.
|l|☆Shadowtheft
|inactive|Shadowtheft disconnected and has a minute to reconnect!
|player|p1|
|inactive|Useless0o0 has 60 seconds left.
|j|☆Shadowtheft
|inactive|Shadowtheft reconnected.
|player|p1|Shadowtheft|n-masters3|
|
|t:|1750868500
|start
|switch|p1a: Drifblim|Drifblim, L50, M, shiny|100/100
|switch|p1b: Indeedee|Indeedee-F, L50, F|100/100
|switch|p2a: Calyrex|Calyrex-Ice, L50|100/100
|switch|p2b: Electabuzz|Electabuzz, L50, M|100/100
|-ability|p2a: Calyrex|As One
|-ability|p2a: Calyrex|Unnerve
|-fieldstart|move: Psychic Terrain|[from] ability: Psychic Surge|[of] p1b: Indeedee
|-enditem|p1a: Drifblim|Psychic Seed
|-boost|p1a: Drifblim|spd|1|[from] item: Psychic Seed
|turn|1
|
|t:|1750868525
|-terastallize|p1a: Drifblim|Normal
|move|p1b: Indeedee|Follow Me|p1b: Indeedee
|-singleturn|p1b: Indeedee|move: Follow Me
|move|p1a: Drifblim|Minimize|p1a: Drifblim
|-boost|p1a: Drifblim|evasion|2
|move|p2b: Electabuzz|Taunt|p1b: Indeedee
|-start|p1b: Indeedee|move: Taunt
|-enditem|p1b: Indeedee|Mental Herb
|-end|p1b: Indeedee|move: Taunt
|move|p2a: Calyrex|Trick Room|p2a: Calyrex
|-fieldstart|move: Trick Room|[of] p2a: Calyrex
|
|upkeep
|turn|2
|inactive|Shadowtheft has 30 seconds left.
|
|t:|1750868556
|move|p1b: Indeedee|Follow Me|p1b: Indeedee
|-singleturn|p1b: Indeedee|move: Follow Me
|move|p2a: Calyrex|Glacial Lance|p1a: Drifblim|[spread] p1b
|-miss|p2a: Calyrex|p1a: Drifblim
|-damage|p1b: Indeedee|31/100
|move|p2b: Electabuzz|Taunt|p1b: Indeedee
|-start|p1b: Indeedee|move: Taunt
|move|p1a: Drifblim|Baton Pass|p1a: Drifblim
|
|t:|1750868567
|switch|p1a: Dondozo|Dondozo, L50, M, shiny|100/100|[from] Baton Pass
|
|upkeep
|turn|3
|
|t:|1750868580
|switch|p1b: Tatsugiri|Tatsugiri, L50, F|100/100
|-activate|p1b: Tatsugiri|ability: Commander|[of] p1a: Dondozo
|-boost|p1a: Dondozo|atk|2
|-boost|p1a: Dondozo|spa|2
|-boost|p1a: Dondozo|spe|2
|-boost|p1a: Dondozo|def|2
|-boost|p1a: Dondozo|spd|2
|move|p2a: Calyrex|Seed Bomb|p1a: Dondozo
|-supereffective|p1a: Dondozo
|-damage|p1a: Dondozo|80/100
|move|p1a: Dondozo|Substitute|p1a: Dondozo
|-start|p1a: Dondozo|Substitute
|-damage|p1a: Dondozo|55/100
|move|p2b: Electabuzz|Knock Off|p1a: Dondozo
|-activate|p1a: Dondozo|move: Substitute|[damage]
|
|-heal|p1a: Dondozo|62/100|[from] item: Leftovers
|upkeep
|turn|4
|inactive|Shadowtheft has 30 seconds left.
|
|t:|1750868605
|move|p1a: Dondozo|Protect|p1a: Dondozo
|-singleturn|p1a: Dondozo|Protect
|move|p2a: Calyrex|Seed Bomb|p1a: Dondozo
|-activate|p1a: Dondozo|move: Protect
|move|p2b: Electabuzz|Knock Off|p1a: Dondozo
|-activate|p1a: Dondozo|move: Protect
|
|-heal|p1a: Dondozo|68/100|[from] item: Leftovers
|upkeep
|turn|5
|
|t:|1750868618
|move|p2a: Calyrex|Seed Bomb|p1a: Dondozo|[miss]
|-miss|p2a: Calyrex|p1a: Dondozo
|move|p1a: Dondozo|Substitute|p1a: Dondozo
|-fail|p1a: Dondozo|move: Substitute
|move|p2b: Electabuzz|Knock Off|p1a: Dondozo|[miss]
|-miss|p2b: Electabuzz|p1a: Dondozo
|
|-heal|p1a: Dondozo|74/100|[from] item: Leftovers
|-fieldend|move: Trick Room
|-fieldend|move: Psychic Terrain
|upkeep
|turn|6
|
|t:|1750868628
|move|p2b: Electabuzz|Knock Off|p1a: Dondozo|[miss]
|-miss|p2b: Electabuzz|p1a: Dondozo
|move|p1a: Dondozo|Order Up|p2b: Electabuzz
|-damage|p2b: Electabuzz|71/100
|-boost|p1a: Dondozo|atk|1
|move|p2a: Calyrex|Seed Bomb|p1a: Dondozo|[miss]
|-miss|p2a: Calyrex|p1a: Dondozo
|
|-heal|p1a: Dondozo|80/100|[from] item: Leftovers
|upkeep
|turn|7
|
|t:|1750868640
|move|p2b: Electabuzz|Knock Off|p1a: Dondozo
|-activate|p1a: Dondozo|move: Substitute|[damage]
|move|p1a: Dondozo|Order Up|p2b: Electabuzz
|-damage|p2b: Electabuzz|32/100
|-boost|p1a: Dondozo|atk|1
|move|p2a: Calyrex|Seed Bomb|p1a: Dondozo
|-supereffective|p1a: Dondozo
|-end|p1a: Dondozo|Substitute
|
|-heal|p1a: Dondozo|86/100|[from] item: Leftovers
|upkeep
|turn|8
|
|t:|1750868653
|-terastallize|p2a: Calyrex|Fairy
|move|p2b: Electabuzz|Taunt|p1a: Dondozo
|-start|p1a: Dondozo|move: Taunt
|cant|p1a: Dondozo|move: Taunt|Substitute
|move|p2a: Calyrex|Seed Bomb|p1a: Dondozo|[miss]
|-miss|p2a: Calyrex|p1a: Dondozo
|
|-heal|p1a: Dondozo|93/100|[from] item: Leftovers
|upkeep
|turn|9
|
|t:|1750868663
|move|p2b: Electabuzz|Helping Hand|p2a: Calyrex
|-singleturn|p2a: Calyrex|Helping Hand|[of] p2b: Electabuzz
|move|p1a: Dondozo|Order Up|p2b: Electabuzz
|-damage|p2b: Electabuzz|0 fnt
|faint|p2b: Electabuzz
|-boost|p1a: Dondozo|atk|1
|move|p2a: Calyrex|Seed Bomb|p1a: Dondozo|[miss]
|-miss|p2a: Calyrex|p1a: Dondozo
|
|-heal|p1a: Dondozo|99/100|[from] item: Leftovers
|upkeep
|
|t:|1750868676
|switch|p2b: Iron Mugulis|Iron Jugulis, L50|100/100
|-enditem|p2b: Iron Mugulis|Booster Energy
|-activate|p2b: Iron Mugulis|ability: Quark Drive|[fromitem]
|-start|p2b: Iron Mugulis|quarkdrivespe
|turn|10
|
|t:|1750868686
|move|p2b: Iron Mugulis|Snarl|p1b: Tatsugiri|[spread] p1a
|-miss|p2b: Iron Mugulis|p1b: Tatsugiri
|-damage|p1a: Dondozo|93/100
|-unboost|p1a: Dondozo|spa|1
|move|p1a: Dondozo|Order Up|p2b: Iron Mugulis
|-damage|p2b: Iron Mugulis|29/100
|-boost|p1a: Dondozo|atk|1
|move|p2a: Calyrex|Seed Bomb|p1a: Dondozo
|-supereffective|p1a: Dondozo
|-damage|p1a: Dondozo|72/100
|
|-heal|p1a: Dondozo|79/100|[from] item: Leftovers
|-end|p1a: Dondozo|move: Taunt
|upkeep
|turn|11
|
|t:|1750868699
|move|p2b: Iron Mugulis|Protect|p2b: Iron Mugulis
|-singleturn|p2b: Iron Mugulis|Protect
|move|p1a: Dondozo|Substitute|p1a: Dondozo
|-start|p1a: Dondozo|Substitute
|-damage|p1a: Dondozo|54/100
|move|p2a: Calyrex|Seed Bomb|p1a: Dondozo
|-supereffective|p1a: Dondozo
|-activate|p1a: Dondozo|move: Substitute|[damage]
|
|-heal|p1a: Dondozo|60/100|[from] item: Leftovers
|upkeep
|turn|12
|
|t:|1750868716
|move|p2b: Iron Mugulis|Protect||[still]
|-fail|p2b: Iron Mugulis
|move|p1a: Dondozo|Waterfall|p2b: Iron Mugulis
|-damage|p2b: Iron Mugulis|0 fnt
|faint|p2b: Iron Mugulis
|-end|p2b: Iron Mugulis|Quark Drive|[silent]
|move|p2a: Calyrex|Seed Bomb|p1a: Dondozo|[miss]
|-miss|p2a: Calyrex|p1a: Dondozo
|
|-heal|p1a: Dondozo|66/100|[from] item: Leftovers
|upkeep
|
|t:|1750868722
|switch|p2b: Kyogre|Kyogre, L50|100/100
|-weather|RainDance|[from] ability: Drizzle|[of] p2b: Kyogre
|turn|13
|
|t:|1750868729
|move|p1a: Dondozo|Protect|p1a: Dondozo
|-singleturn|p1a: Dondozo|Protect
|move|p2b: Kyogre|Water Spout|p1b: Tatsugiri|[spread] 
|-miss|p2b: Kyogre|p1b: Tatsugiri
|-activate|p1a: Dondozo|move: Protect
|move|p2a: Calyrex|Seed Bomb|p1a: Dondozo
|-activate|p1a: Dondozo|move: Protect
|
|-weather|RainDance|[upkeep]
|-heal|p1a: Dondozo|72/100|[from] item: Leftovers
|upkeep
|turn|14
|
|t:|1750868733
|move|p2b: Kyogre|Water Spout|p1b: Tatsugiri|[spread] 
|-miss|p2b: Kyogre|p1b: Tatsugiri
|-miss|p2b: Kyogre|p1a: Dondozo
|move|p1a: Dondozo|Order Up|p2b: Kyogre
|-damage|p2b: Kyogre|13/100
|-boost|p1a: Dondozo|atk|0
|move|p2a: Calyrex|Seed Bomb|p1a: Dondozo
|-supereffective|p1a: Dondozo
|-end|p1a: Dondozo|Substitute
|
|-weather|RainDance|[upkeep]
|-heal|p1a: Dondozo|79/100|[from] item: Leftovers
|upkeep
|turn|15
|
|t:|1750868744
|move|p1a: Dondozo|Protect|p1a: Dondozo
|-singleturn|p1a: Dondozo|Protect
|move|p2b: Kyogre|Water Spout|p1a: Dondozo|[spread] 
|-miss|p2b: Kyogre|p1b: Tatsugiri
|-activate|p1a: Dondozo|move: Protect
|move|p2a: Calyrex|Seed Bomb|p1a: Dondozo
|-activate|p1a: Dondozo|move: Protect
|
|-weather|RainDance|[upkeep]
|-heal|p1a: Dondozo|85/100|[from] item: Leftovers
|upkeep
|turn|16
|
|t:|1750868753
|move|p2b: Kyogre|Hydro Pump|p1a: Dondozo
|-resisted|p1a: Dondozo
|-damage|p1a: Dondozo|65/100
|move|p1a: Dondozo|Substitute|p1a: Dondozo
|-start|p1a: Dondozo|Substitute
|-damage|p1a: Dondozo|40/100
|move|p2a: Calyrex|Seed Bomb|p1a: Dondozo
|-supereffective|p1a: Dondozo
|-activate|p1a: Dondozo|move: Substitute|[damage]
|
|-weather|RainDance|[upkeep]
|-heal|p1a: Dondozo|46/100|[from] item: Leftovers
|upkeep
|turn|17
|
|t:|1750868763
|move|p2b: Kyogre|Protect|p2b: Kyogre
|-singleturn|p2b: Kyogre|Protect
|move|p1a: Dondozo|Protect|p1a: Dondozo
|-singleturn|p1a: Dondozo|Protect
|move|p2a: Calyrex|Seed Bomb|p1a: Dondozo
|-activate|p1a: Dondozo|move: Protect
|
|-weather|none
|-heal|p1a: Dondozo|53/100|[from] item: Leftovers
|upkeep
|turn|18
|
|t:|1750868770
|move|p2b: Kyogre|Origin Pulse|p1a: Dondozo|[spread] p1a
|-miss|p2b: Kyogre|p1b: Tatsugiri
|-resisted|p1a: Dondozo
|-end|p1a: Dondozo|Substitute
|move|p1a: Dondozo|Order Up|p2b: Kyogre
|-damage|p2b: Kyogre|0 fnt
|faint|p2b: Kyogre
|-boost|p1a: Dondozo|atk|0
|move|p2a: Calyrex|Seed Bomb|p1a: Dondozo
|-supereffective|p1a: Dondozo
|-damage|p1a: Dondozo|31/100
|
|-heal|p1a: Dondozo|37/100|[from] item: Leftovers
|upkeep
|turn|19
|
|t:|1750868777
|move|p1a: Dondozo|Protect|p1a: Dondozo
|-singleturn|p1a: Dondozo|Protect
|move|p2a: Calyrex|Seed Bomb|p1a: Dondozo
|-activate|p1a: Dondozo|move: Protect
|
|-heal|p1a: Dondozo|43/100|[from] item: Leftovers
|upkeep
|turn|20
|-message|Useless0o0 forfeited.
|
|win|Shadowtheft
|raw|Shadowtheft's rating: 1496 &rarr; <strong>1521</strong><br />(+25 for winning)
|raw|Useless0o0's rating: 1589 &rarr; <strong>1564</strong><br />(-25 for losing)
|l|☆Useless0o0
|player|p2|
|l|☆Shadowtheft
|player|p1|
