|j|☆Tonybaca
|j|☆marklemoine
|html|<table width="100%"><tr><td align="left">Tonybaca</td><td align="right">marklemoine</tr><tr><td align="left"><i class="fa fa-circle-o"></i> <i class="fa fa-circle-o"></i> </td><td align="right"><i class="fa fa-circle-o"></i> <i class="fa fa-circle-o"></i> </tr></table>
|uhtml|bestof|<h2><strong>Game 1</strong> of <a href="/game-bestof3-gen9vgc2025regi-2391101960">a best-of-3</a></h2>
|t:|1750802707
|gametype|doubles
|player|p1|Tonybaca|266|
|player|p2|marklemoine|hoopster|
|teamsize|p1|6
|teamsize|p2|6
|gen|9
|tier|[Gen 9] VGC 2025 Reg I
|rule|Species Clause: Limit one of each Pokémon
|rule|Item Clause: Limit 1 of each item
|raw|<div class="infobox"><details class="readmore" open><summary><strong>1 custom rule:</strong></summary> Best of = 3</details></div>
|clearpoke
|poke|p1|Indeedee-F, L50, F|
|poke|p1|Ursaluna-Bloodmoon, L50, M|
|poke|p1|Hatterene, L50, F|
|poke|p1|Armarouge, L50, M|
|poke|p1|Exeggutor-Alola, L50, M|
|poke|p1|Porygon2, L50|
|poke|p2|Amoonguss, L50, F|
|poke|p2|Farigiraf, L50, F|
|poke|p2|Basculegion-F, L50, F|
|poke|p2|Coalossal, L50, M|
|poke|p2|Oranguru, L50, F|
|poke|p2|Snorlax, L50, M|
|teampreview|4
|j| maxy027
|c|☆Tonybaca|Inde-Grass//ursa-grass//hat-fairy//armorfighting//exe-water//pory-steel
|c|☆marklemoine|sus -water/far - water/basc - ghost/coal - fire/orang - psy/lax - ghost/
|
|t:|1750802802
|start
|switch|p1a: Adam?|Indeedee-F, L50, F|100/100
|switch|p1b: Fuck|Armarouge, L50, M|100/100
|switch|p2a: Farigiraf|Farigiraf, L50, F|100/100
|switch|p2b: Amoonguss|Amoonguss, L50, F|100/100
|-fieldstart|move: Psychic Terrain|[from] ability: Psychic Surge|[of] p1a: Adam?
|-enditem|p1a: Adam?|Psychic Seed
|-boost|p1a: Adam?|spd|1|[from] item: Psychic Seed
|-enditem|p2a: Farigiraf|Psychic Seed
|-boost|p2a: Farigiraf|spd|1|[from] item: Psychic Seed
|turn|1
|j| alphaomnomer
|
|t:|1750802838
|switch|p2b: Snorlax|Snorlax, L50, M|100/100
|move|p1b: Fuck|Expanding Force|p2b: Snorlax|[spread] p2a,p2b
|-resisted|p2a: Farigiraf
|-damage|p2a: Farigiraf|87/100
|-damage|p2b: Snorlax|77/100
|move|p1a: Adam?|Trick Room|p1a: Adam?
|-fieldstart|move: Trick Room|[of] p1a: Adam?
|move|p2a: Farigiraf|Trick Room|p2a: Farigiraf
|-fieldend|move: Trick Room
|
|upkeep
|turn|2
|
|t:|1750802864
|switch|p1b: More|Ursaluna-Bloodmoon, L50, M|100/100
|move|p2a: Farigiraf|Expanding Force|p1b: More|[spread] p1a,p1b
|-resisted|p1a: Adam?
|-damage|p1a: Adam?|90/100
|-damage|p1b: More|50/100
|move|p2b: Snorlax|Crunch|p1b: More
|-damage|p1b: More|32/100
|move|p1a: Adam?|Trick Room|p1a: Adam?
|-fieldstart|move: Trick Room|[of] p1a: Adam?
|
|upkeep
|turn|3
|
|t:|1750802888
|move|p1a: Adam?|Follow Me|p1a: Adam?
|-singleturn|p1a: Adam?|move: Follow Me
|move|p2b: Snorlax|Crunch|p1a: Adam?
|-supereffective|p1a: Adam?
|-damage|p1a: Adam?|8/100
|move|p1b: More|Blood Moon|p2a: Farigiraf
|-damage|p2a: Farigiraf|45/100
|move|p2a: Farigiraf|Energy Ball|p1a: Adam?
|-damage|p1a: Adam?|0 fnt
|faint|p1a: Adam?
|
|upkeep
|
|t:|1750802898
|switch|p1a: Fuck|Armarouge, L50, M|100/100
|turn|4
|
|t:|1750802921
|-terastallize|p1a: Fuck|Fighting
|move|p2b: Snorlax|Crunch|p1b: More
|-damage|p1b: More|14/100
|move|p1b: More|Moonblast|p2a: Farigiraf
|-damage|p2a: Farigiraf|28/100
|move|p2a: Farigiraf|Expanding Force|p1b: More|[spread] p1a,p1b
|-supereffective|p1a: Fuck
|-damage|p1a: Fuck|0 fnt
|-damage|p1b: More|0 fnt
|faint|p1a: Fuck
|faint|p1b: More
|
|upkeep
|
|t:|1750802931
|switch|p1b: like|Hatterene, L50, F|100/100
|turn|5
|
|t:|1750802946
|move|p1b: like|Expanding Force|p2a: Farigiraf|[spread] p2a,p2b
|-resisted|p2a: Farigiraf
|-crit|p2b: Snorlax
|-damage|p2a: Farigiraf|6/100
|-damage|p2b: Snorlax|18/100
|-damage|p1b: like|91/100|[from] item: Life Orb
|move|p2b: Snorlax|Crunch|p1b: like
|-damage|p1b: like|62/100
|move|p2a: Farigiraf|Expanding Force|p1b: like
|-resisted|p1b: like
|-damage|p1b: like|33/100
|
|-fieldend|move: Psychic Terrain
|upkeep
|turn|6
|
|t:|1750802973
|move|p1b: like|Expanding Force|p2a: Farigiraf
|-resisted|p2a: Farigiraf
|-damage|p2a: Farigiraf|0 fnt
|faint|p2a: Farigiraf
|-damage|p1b: like|23/100|[from] item: Life Orb
|move|p2b: Snorlax|Crunch|p1b: like
|-damage|p1b: like|0 fnt
|faint|p1b: like
|
|win|marklemoine
||Tonybaca is ready for game 2.
|inactive|marklemoine has 30 seconds to confirm battle start!
||marklemoine is ready for game 2.
|uhtml|next|Next: <a href="/battle-gen9vgc2025regi-2391104242"><strong>Game 2 of 3</strong></a>
|l|☆Tonybaca
|player|p1|
|l| maxy027
|j| TiltedTeapot
|l| TiltedTeapot
