|j|☆St. Jude tour prep
|j|☆erik311
|t:|1750798361
|gametype|doubles
|player|p1|St. Jude tour prep|caitlin|
|player|p2|erik311|elesa-masters|
|teamsize|p1|6
|teamsize|p2|6
|gen|9
|tier|[Gen 9] VGC 2025 Reg I
|rated|Tournament battle
|rule|Species Clause: Limit one of each Pokémon
|rule|Item Clause: Limit 1 of each item
|raw|<div class="infobox"><details class="readmore" open><summary><strong>2 custom rules:</strong></summary> Force Open Team Sheets, !Open Team Sheets</details></div>
|clearpoke
|poke|p1|Calyrex-Shadow, L50|
|poke|p1|Smeargle, L50, M|
|poke|p1|Zamazenta-*, L50|
|poke|p1|Whimsicott, L50, M|
|poke|p1|Rillaboom, L50, F|
|poke|p1|Ogerpon-Cornerstone, L50, F|
|poke|p2|Miraidon, L50|
|poke|p2|Lunala, L50|
|poke|p2|Incineroar, L50, M|
|poke|p2|Ursaluna, L50, M|
|poke|p2|Urshifu-*, L50, F|
|poke|p2|Whimsicott, L50, M|
|teampreview|4
|showteam|p1|Calyrex-Shadow||LifeOrb|AsOneSpectrier|AstralBarrage,Psychic,NastyPlot,Protect||||||50|,,,,,Dark]Smeargle||FocusSash|Moody|Spore,FollowMe,WideGuard,FakeOut|||M|||50|,,,,,Grass]Zamazenta-Crowned||RustedShield|DauntlessShield|BodyPress,HeavySlam,WideGuard,Protect||||||50|,,,,,Dragon]Whimsicott||CovertCloak|Prankster|Moonblast,Tailwind,Encore,HelpingHand|||M|||50|,,,,,Dark]Rillaboom||AssaultVest|GrassySurge|GrassyGlide,WoodHammer,FakeOut,Uturn|||F|||50|,,,,,Fire]Ogerpon-Cornerstone||CornerstoneMask|Sturdy|IvyCudgel,FollowMe,SpikyShield,Taunt|||F|||50|,,,,,Rock
|showteam|p2|Miraidon||ChoiceSpecs|HadronEngine|DazzlingGleam,ElectroDrift,DracoMeteor,VoltSwitch||||||50|,,,,,Fairy]Lunala||ElectricSeed|ShadowShield|MoongeistBeam,Moonblast,WideGuard,TrickRoom||||||50|,,,,,Fairy]Incineroar||AssaultVest|Intimidate|FlareBlitz,KnockOff,Uturn,FakeOut|||M|||50|,,,,,Bug]Ursaluna||FlameOrb|Guts|Facade,HeadlongRush,Earthquake,Protect|||M|||50|,,,,,Ghost]Urshifu-Rapid-Strike||ChoiceBand|UnseenFist|SurgingStrikes,CloseCombat,Uturn,AquaJet|||F|||50|,,,,,Ghost]Whimsicott||CovertCloak|Prankster|Moonblast,Encore,LightScreen,Tailwind|||M|||50|,,,,,Water
|inactive|Battle timer is ON: inactive players will automatically lose when time's up. (requested by erik311)
|j| Gurrasnurra5
|c|☆St. Jude tour prep|glhf
|c|☆erik311|glhf
|j| Perhaps Perish?
|inactive|St. Jude tour prep has 60 seconds left.
|
|t:|1750798398
|start
|switch|p1a: Gaia|Rillaboom, L50, F|100/100
|switch|p1b: Hecate|Calyrex-Shadow, L50|100/100
|switch|p2a: Lunala|Lunala, L50|100/100
|switch|p2b: Incineroar|Incineroar, L50, M|100/100
|-ability|p1b: Hecate|As One
|-ability|p1b: Hecate|Unnerve
|-fieldstart|move: Grassy Terrain|[from] ability: Grassy Surge|[of] p1a: Gaia
|-ability|p2b: Incineroar|Intimidate|boost
|-unboost|p1a: Gaia|atk|1
|-unboost|p1b: Hecate|atk|1
|turn|1
|
|t:|1750798413
|switch|p2b: Ursaluna|Ursaluna, L50, M|100/100
|-terastallize|p1b: Hecate|Dark
|-terastallize|p2a: Lunala|Fairy
|move|p1a: Gaia|Fake Out|p2a: Lunala
|-damage|p2a: Lunala|97/100
|move|p1b: Hecate|Astral Barrage|p2b: Ursaluna|[spread] p2a
|-immune|p2b: Ursaluna
|-damage|p2a: Lunala|45/100
|-damage|p1b: Hecate|91/100|[from] item: Life Orb
|cant|p2a: Lunala|flinch
|
|-heal|p1b: Hecate|97/100|[from] Grassy Terrain
|-heal|p2a: Lunala|52/100|[from] Grassy Terrain
|-status|p2b: Ursaluna|brn|[from] item: Flame Orb
|upkeep
|turn|2
|l| Gurrasnurra5
|inactive|St. Jude tour prep has 30 seconds left.
|inactive|erik311 has 30 seconds left.
|
|t:|1750798449
|switch|p2a: Incineroar|Incineroar, L50, M|100/100
|-ability|p2a: Incineroar|Intimidate|boost
|-unboost|p1a: Gaia|atk|1
|-unboost|p1b: Hecate|atk|1
|move|p2b: Ursaluna|Protect|p2b: Ursaluna
|-singleturn|p2b: Ursaluna|Protect
|move|p1b: Hecate|Psychic|p2b: Ursaluna
|-activate|p2b: Ursaluna|move: Protect
|move|p1a: Gaia|Wood Hammer|p2b: Ursaluna
|-activate|p2b: Ursaluna|move: Protect
|
|-heal|p1b: Hecate|100/100|[from] Grassy Terrain
|-damage|p2b: Ursaluna|95/100 brn|[from] brn
|upkeep
|turn|3
|j| X2Muz
|
|t:|1750798463
|switch|p1a: Hecuba|Zamazenta-Crowned, L50|100/100
|-ability|p1a: Hecuba|Dauntless Shield|boost
|-boost|p1a: Hecuba|def|1
|move|p1b: Hecate|Protect|p1b: Hecate
|-singleturn|p1b: Hecate|Protect
|move|p2a: Incineroar|Fake Out|p1a: Hecuba
|-resisted|p1a: Hecuba
|-damage|p1a: Hecuba|98/100
|move|p2b: Ursaluna|Facade|p1a: Hecuba
|-resisted|p1a: Hecuba
|-damage|p1a: Hecuba|78/100
|
|-heal|p1a: Hecuba|84/100|[from] Grassy Terrain
|-heal|p2b: Ursaluna|100/100 brn|[from] Grassy Terrain
|-damage|p2b: Ursaluna|95/100 brn|[from] brn
|upkeep
|turn|4
|inactive|St. Jude tour prep has 30 seconds left.
|
|t:|1750798491
|switch|p2a: Lunala|Lunala, L50, tera:Fairy|52/100
|move|p1b: Hecate|Nasty Plot|p1b: Hecate
|-boost|p1b: Hecate|spa|2
|move|p1a: Hecuba|Body Press|p2b: Ursaluna
|-supereffective|p2b: Ursaluna
|-damage|p2b: Ursaluna|0 fnt
|faint|p2b: Ursaluna
|
|-heal|p1a: Hecuba|91/100|[from] Grassy Terrain
|-heal|p2a: Lunala|58/100|[from] Grassy Terrain
|upkeep
|j| imgoldshark07
|
|t:|1750798498
|switch|p2b: Incineroar|Incineroar, L50, M|100/100
|-ability|p2b: Incineroar|Intimidate|boost
|-unboost|p1a: Hecuba|atk|1
|-unboost|p1b: Hecate|atk|1
|turn|5
|
|t:|1750798501
|switch|p1a: Aurae|Whimsicott, L50, M|100/100
|move|p1b: Hecate|Protect|p1b: Hecate
|-singleturn|p1b: Hecate|Protect
|move|p2b: Incineroar|Knock Off|p1b: Hecate
|-activate|p1b: Hecate|move: Protect
|move|p2a: Lunala|Trick Room|p2a: Lunala
|-fieldstart|move: Trick Room|[of] p2a: Lunala
|
|-heal|p2a: Lunala|64/100|[from] Grassy Terrain
|-fieldend|move: Grassy Terrain
|upkeep
|turn|6
|j| Calvasso
|
|t:|1750798509
|switch|p2a: Miraidon|Miraidon, L50|100/100
|-fieldstart|move: Electric Terrain|[from] ability: Hadron Engine|[of] p2a: Miraidon
|move|p1a: Aurae|Encore||[still]
|-fail|p1a: Aurae
|move|p2b: Incineroar|Knock Off|p1b: Hecate
|-resisted|p1b: Hecate
|-damage|p1b: Hecate|78/100
|-enditem|p1b: Hecate|Life Orb|[from] move: Knock Off|[of] p2b: Incineroar
|move|p1b: Hecate|Astral Barrage|p2b: Incineroar|[spread] p2a,p2b
|-resisted|p2b: Incineroar
|-damage|p2a: Miraidon|0 fnt
|-damage|p2b: Incineroar|63/100
|faint|p2a: Miraidon
|-ability|p1b: Hecate|Grim Neigh|boost
|-boost|p1b: Hecate|spa|1
|
|upkeep
|
|t:|1750798513
|switch|p2a: Lunala|Lunala, L50, tera:Fairy|64/100
|-enditem|p2a: Lunala|Electric Seed
|-boost|p2a: Lunala|def|1|[from] item: Electric Seed
|turn|7
|
|t:|1750798519
|switch|p1a: Gaia|Rillaboom, L50, F|100/100
|-fieldstart|move: Grassy Terrain|[from] ability: Grassy Surge|[of] p1a: Gaia
|move|p1b: Hecate|Protect|p1b: Hecate
|-singleturn|p1b: Hecate|Protect
|move|p2b: Incineroar|Flare Blitz|p1a: Gaia
|-supereffective|p1a: Gaia
|-damage|p1a: Gaia|0 fnt
|faint|p1a: Gaia
|-damage|p2b: Incineroar|29/100|[from] Recoil
|move|p2a: Lunala|Moonblast|p1b: Hecate
|-activate|p1b: Hecate|move: Protect
|
|-heal|p2b: Incineroar|35/100|[from] Grassy Terrain
|-heal|p2a: Lunala|70/100|[from] Grassy Terrain
|-heal|p1b: Hecate|84/100|[from] Grassy Terrain
|upkeep
|
|t:|1750798525
|switch|p1a: Hecuba|Zamazenta-Crowned, L50|91/100
|turn|8
|
|t:|1750798539
|switch|p1b: Aurae|Whimsicott, L50, M|100/100
|move|p2b: Incineroar|Flare Blitz|p1a: Hecuba
|-supereffective|p1a: Hecuba
|-damage|p1a: Hecuba|34/100
|-damage|p2b: Incineroar|17/100|[from] Recoil
|move|p2a: Lunala|Moongeist Beam|p1a: Hecuba
|-damage|p1a: Hecuba|0 fnt
|faint|p1a: Hecuba
|
|-heal|p2b: Incineroar|23/100|[from] Grassy Terrain
|-heal|p2a: Lunala|76/100|[from] Grassy Terrain
|upkeep
|
|t:|1750798543
|switch|p1a: Hecate|Calyrex-Shadow, L50, tera:Dark|84/100
|-ability|p1a: Hecate|As One
|-ability|p1a: Hecate|Unnerve
|turn|9
|
|t:|1750798561
|move|p1b: Aurae|Encore|p2a: Lunala
|-start|p2a: Lunala|Encore
|move|p2b: Incineroar|U-turn|p1b: Aurae
|-damage|p1b: Aurae|75/100
|move|p2a: Lunala|Moongeist Beam|p1b: Aurae
|-damage|p1b: Aurae|7/100
|move|p1a: Hecate|Astral Barrage|p2a: Lunala|[spread] p2a,p2b
|-resisted|p2b: Incineroar
|-damage|p2a: Lunala|36/100
|-damage|p2b: Incineroar|6/100
|
|-heal|p2b: Incineroar|12/100|[from] Grassy Terrain
|-heal|p2a: Lunala|42/100|[from] Grassy Terrain
|-heal|p1b: Aurae|14/100|[from] Grassy Terrain
|-heal|p1a: Hecate|90/100|[from] Grassy Terrain
|-fieldend|move: Trick Room
|upkeep
|turn|10
|
|t:|1750798571
|move|p1b: Aurae|Helping Hand|p1a: Hecate
|-singleturn|p1a: Hecate|Helping Hand|[of] p1b: Aurae
|move|p1a: Hecate|Astral Barrage|p2a: Lunala|[spread] p2a,p2b
|-resisted|p2b: Incineroar
|-damage|p2a: Lunala|0 fnt
|-damage|p2b: Incineroar|0 fnt
|faint|p2a: Lunala
|faint|p2b: Incineroar
|
|win|St. Jude tour prep
|n|☆St. Jude tour prep|stjudetourprep
|n|☆erik311|erik311
|n| Perhaps Perish?|perhapsperish
|n| X2Muz|x2muz
|n| imgoldshark07|imgoldshark07
|n| Calvasso|calvasso
|c|☆St. Jude tour prep|ggwp
|c|☆erik311|ggwp
|l| Perhaps Perish?
