|j|☆Maestro72
|j|☆RRyan Tsui
|t:|1750746412
|gametype|doubles
|player|p1|Maestro72|2|1336
|player|p2|RRyan Tsui|swimmer-gen4|1232
|teamsize|p1|6
|teamsize|p2|6
|gen|9
|tier|[Gen 9] VGC 2025 Reg I
|rated|
|rule|Species Clause: Limit one of each Pokémon
|rule|Item Clause: Limit 1 of each item
|clearpoke
|poke|p1|Kyogre, L50|
|poke|p1|Archaludon, L50, F|
|poke|p1|Indeedee-F, L50, F|
|poke|p1|Landorus, L50, M|
|poke|p1|Tornadus, L50, M|
|poke|p1|Miraidon, L50|
|poke|p2|Calyrex-Ice, L50|
|poke|p2|Scrafty, L50, F|
|poke|p2|Ninetales-Alola, L50, M|
|poke|p2|Miraidon, L50|
|poke|p2|Landorus, L50, M|
|poke|p2|Dondozo, L50, M|
|teampreview|4
|inactive|Battle timer is ON: inactive players will automatically lose when time's up. (requested by Maestro72)
|inactive|RRyan Tsui has 60 seconds left.
|
|t:|1750746466
|start
|switch|p1a: Tornadus|Tornadus, L50, M|100/100
|switch|p1b: Miraidon|Miraidon, L50|100/100
|switch|p2a: Scrafty|Scrafty, L50, F|100/100
|switch|p2b: Calyrex|Calyrex-Ice, L50|100/100
|-ability|p2b: Calyrex|As One
|-ability|p2b: Calyrex|Unnerve
|-fieldstart|move: Electric Terrain|[from] ability: Hadron Engine|[of] p1b: Miraidon
|-ability|p2a: Scrafty|Intimidate|boost
|-unboost|p1a: Tornadus|atk|1
|-unboost|p1b: Miraidon|atk|1
|turn|1
|
|t:|1750746487
|switch|p1b: Archaludon|Archaludon, L50, F|100/100
|-terastallize|p1a: Tornadus|Steel
|-terastallize|p2b: Calyrex|Ground
|move|p1a: Tornadus|Taunt|p2b: Calyrex
|-start|p2b: Calyrex|move: Taunt
|move|p2a: Scrafty|Coaching|p2b: Calyrex
|-boost|p2b: Calyrex|atk|1
|-boost|p2b: Calyrex|def|1
|move|p2b: Calyrex|Glacial Lance|p1b: Archaludon|[spread] p1a,p1b
|-resisted|p1a: Tornadus
|-damage|p1a: Tornadus|59/100
|-damage|p1b: Archaludon|37/100
|-ability|p1b: Archaludon|Stamina|boost
|-boost|p1b: Archaludon|def|1
|
|upkeep
|turn|2
|inactive|Maestro72 has 30 seconds left.
|inactive|RRyan Tsui has 30 seconds left.
|inactive|RRyan Tsui has 20 seconds left.
|inactive|RRyan Tsui has 15 seconds left.
|inactive|RRyan Tsui has 10 seconds left.
|
|t:|1750746533
|switch|p2a: Landorus|Landorus, L50, M|100/100
|move|p1a: Tornadus|Bleakwind Storm|p2a: Landorus|[spread] p2a,p2b
|-damage|p2a: Landorus|58/100
|-damage|p2b: Calyrex|85/100
|move|p1b: Archaludon|Draco Meteor|p2b: Calyrex
|-damage|p2b: Calyrex|53/100
|-unboost|p1b: Archaludon|spa|2
|move|p2b: Calyrex|Glacial Lance|p1b: Archaludon|[spread] p1a,p1b
|-resisted|p1a: Tornadus
|-damage|p1a: Tornadus|21/100
|-damage|p1b: Archaludon|0 fnt
|faint|p1b: Archaludon
|-ability|p2b: Calyrex|Chilling Neigh|boost
|-boost|p2b: Calyrex|atk|1
|
|upkeep
|
|t:|1750746550
|switch|p1b: Kyogre|Kyogre, L50|100/100
|-weather|RainDance|[from] ability: Drizzle|[of] p1b: Kyogre
|turn|3
|
|t:|1750746570
|move|p1a: Tornadus|Tailwind|p1a: Tornadus
|-sidestart|p1: Maestro72|move: Tailwind
|move|p1b: Kyogre|Water Spout|p2b: Calyrex|[spread] p2a,p2b
|-supereffective|p2a: Landorus
|-supereffective|p2b: Calyrex
|-damage|p2a: Landorus|0 fnt
|-damage|p2b: Calyrex|0 fnt
|faint|p2a: Landorus
|faint|p2b: Calyrex
|
|-weather|RainDance|[upkeep]
|upkeep
|
|t:|1750746580
|switch|p2a: Scrafty|Scrafty, L50, F|100/100
|switch|p2b: Miraidon|Miraidon, L50|100/100
|-activate|p2b: Miraidon|ability: Hadron Engine
|-ability|p2a: Scrafty|Intimidate|boost
|-unboost|p1a: Tornadus|atk|1
|-unboost|p1b: Kyogre|atk|1
|turn|4
|
|t:|1750746595
|move|p1b: Kyogre|Protect|p1b: Kyogre
|-singleturn|p1b: Kyogre|Protect
|move|p2a: Scrafty|Fake Out|p1b: Kyogre
|-activate|p1b: Kyogre|move: Protect
|move|p1a: Tornadus|Bleakwind Storm|p2b: Miraidon|[spread] p2a,p2b
|-supereffective|p2a: Scrafty
|-resisted|p2b: Miraidon
|-damage|p2a: Scrafty|50/100
|-damage|p2b: Miraidon|88/100
|move|p2b: Miraidon|Discharge|p1b: Kyogre|[spread] p2a,p1a
|-activate|p1b: Kyogre|move: Protect
|-crit|p1a: Tornadus
|-damage|p2a: Scrafty|0 fnt
|-damage|p1a: Tornadus|0 fnt
|faint|p2a: Scrafty
|faint|p1a: Tornadus
|
|-weather|RainDance|[upkeep]
|upkeep
|
|t:|1750746613
|switch|p1a: Miraidon|Miraidon, L50|100/100
|-activate|p1a: Miraidon|ability: Hadron Engine
|turn|5
|
|t:|1750746620
|move|p2b: Miraidon|Protect|p2b: Miraidon
|-singleturn|p2b: Miraidon|Protect
|move|p1a: Miraidon|Dazzling Gleam|p2b: Miraidon
|-activate|p2b: Miraidon|move: Protect
|move|p1b: Kyogre|Ice Beam|p2b: Miraidon
|-activate|p2b: Miraidon|move: Protect
|
|-weather|RainDance|[upkeep]
|-fieldend|move: Electric Terrain
|upkeep
|turn|6
|
|t:|1750746640
|move|p1a: Miraidon|Dazzling Gleam|p2b: Miraidon
|-supereffective|p2b: Miraidon
|-damage|p2b: Miraidon|13/100
|move|p1b: Kyogre|Ice Beam|p2b: Miraidon
|-supereffective|p2b: Miraidon
|-damage|p2b: Miraidon|0 fnt
|faint|p2b: Miraidon
|
|win|Maestro72
|raw|Maestro72's rating: 1336 &rarr; <strong>1350</strong><br />(+14 for winning)
|raw|RRyan Tsui's rating: 1232 &rarr; <strong>1214</strong><br />(-18 for losing)
|l|☆RRyan Tsui
|player|p2|
|l|☆Maestro72
|player|p1|
|j|☆Maestro72
|player|p1|Maestro72|2|
