|j|☆smario1705
|j|☆Mandolin505
|t:|1750794328
|gametype|doubles
|player|p1|smario1705|alder|1211
|player|p2|Mandolin505|steven|1180
|teamsize|p1|6
|teamsize|p2|6
|gen|9
|tier|[Gen 9] VGC 2025 Reg I
|rated|
|rule|Species Clause: Limit one of each Pokémon
|rule|Item Clause: Limit 1 of each item
|clearpoke
|poke|p1|Koraidon, L50|
|poke|p1|Lunala, L50|
|poke|p1|Incineroar, L50, M|
|poke|p1|Amoonguss, L50, M|
|poke|p1|Grimmsnarl, L50, M|
|poke|p1|Chien-Pao, L50|
|poke|p2|Calyrex-Shadow, L50|
|poke|p2|Zamazenta-*, L50|
|poke|p2|Urshifu-*, L50, F|
|poke|p2|Rillaboom, L50, M|
|poke|p2|Chien-Pao, L50|
|poke|p2|Incineroar, L50, F|
|teampreview|4
|inactive|Battle timer is ON: inactive players will automatically lose when time's up. (requested by Mandolin505)
|inactive|smario1705 has 60 seconds left.
|inactive|Mandolin505 has 60 seconds left.
|
|t:|1750794367
|start
|switch|p1a: Lunala|Lunala, L50|100/100
|switch|p1b: Grimmsnarl|Grimmsnarl, L50, M|100/100
|switch|p2a: Silver|Urshifu-Rapid-Strike, L50, F|100/100
|switch|p2b: Incineroar|Incineroar, L50, F, shiny|100/100
|-ability|p2b: Incineroar|Intimidate|boost
|-unboost|p1a: Lunala|atk|1
|-unboost|p1b: Grimmsnarl|atk|1
|turn|1
|inactive|smario1705 has 30 seconds left.
|inactive|smario1705 has 20 seconds left.
|
|t:|1750794405
|move|p1b: Grimmsnarl|Reflect|p1b: Grimmsnarl
|-sidestart|p1: smario1705|Reflect
|move|p2a: Silver|U-turn|p1b: Grimmsnarl
|-damage|p1b: Grimmsnarl|79/100
|
|t:|1750794409
|switch|p2a: Perro-Crowned|Zamazenta-Crowned, L50, shiny|100/100|[from] U-turn
|-ability|p2a: Perro-Crowned|Dauntless Shield|boost
|-boost|p2a: Perro-Crowned|def|1
|move|p1a: Lunala|Dazzling Gleam|p2b: Incineroar|[spread] p2a,p2b
|-damage|p2a: Perro-Crowned|85/100
|-damage|p2b: Incineroar|81/100
|move|p2b: Incineroar|Knock Off|p1a: Lunala
|-supereffective|p1a: Lunala
|-damage|p1a: Lunala|64/100
|-enditem|p1a: Lunala|Power Herb|[from] move: Knock Off|[of] p2b: Incineroar
|
|upkeep
|turn|2
|
|t:|1750794432
|move|p1b: Grimmsnarl|Thunder Wave|p2a: Perro-Crowned
|-status|p2a: Perro-Crowned|par
|move|p1a: Lunala|Meteor Beam||[still]
|-prepare|p1a: Lunala|Meteor Beam
|-boost|p1a: Lunala|spa|1
|cant|p2a: Perro-Crowned|par
|move|p2b: Incineroar|Parting Shot|p1a: Lunala
|-unboost|p1a: Lunala|atk|1
|-unboost|p1a: Lunala|spa|1
|
|t:|1750794444
|switch|p2b: Silver|Urshifu-Rapid-Strike, L50, F|100/100|[from] Parting Shot
|
|upkeep
|turn|3
|
|t:|1750794463
|move|p1b: Grimmsnarl|Thunder Wave|p2b: Silver
|-status|p2b: Silver|par
|move|p2b: Silver|Surging Strikes|p1a: Lunala
|-crit|p1a: Lunala
|-damage|p1a: Lunala|48/100
|-crit|p1a: Lunala
|-damage|p1a: Lunala|31/100
|-crit|p1a: Lunala
|-damage|p1a: Lunala|14/100
|-hitcount|p1a: Lunala|3
|move|p1a: Lunala|Meteor Beam|p2b: Silver|[from] lockedmove
|-resisted|p2b: Silver
|-damage|p2b: Silver|63/100 par
|cant|p2a: Perro-Crowned|par
|
|upkeep
|turn|4
|inactive|Mandolin505 has 30 seconds left.
|
|t:|1750794488
|move|p2b: Silver|Surging Strikes|p1a: Lunala
|-crit|p1a: Lunala
|-damage|p1a: Lunala|0 fnt
|faint|p1a: Lunala
|-hitcount|p1: Lunala|1
|move|p2a: Perro-Crowned|Behemoth Bash|p1b: Grimmsnarl
|-supereffective|p1b: Grimmsnarl
|-damage|p1b: Grimmsnarl|14/100
|move|p1b: Grimmsnarl|Spirit Break|p2b: Silver
|-supereffective|p2b: Silver
|-damage|p2b: Silver|19/100 par
|-unboost|p2b: Silver|spa|1
|
|upkeep
|
|t:|1750794504
|switch|p1a: Incineroar|Incineroar, L50, M|100/100
|-ability|p1a: Incineroar|Intimidate|boost
|-unboost|p2a: Perro-Crowned|atk|1
|-unboost|p2b: Silver|atk|1
|turn|5
|
|t:|1750794524
|move|p1a: Incineroar|Fake Out|p2b: Silver
|-damage|p2b: Silver|4/100 par
|cant|p2b: Silver|flinch
|move|p2a: Perro-Crowned|Behemoth Bash|p1b: Grimmsnarl
|-supereffective|p1b: Grimmsnarl
|-damage|p1b: Grimmsnarl|0 fnt
|faint|p1b: Grimmsnarl
|
|upkeep
|
|t:|1750794535
|switch|p1b: Koraidon|Koraidon, L50|100/100
|-weather|SunnyDay|[from] ability: Orichalcum Pulse|[of] p1b: Koraidon
|-activate|p1b: Koraidon|Orichalcum Pulse|[source]
|turn|6
|
|t:|1750794548
|move|p1b: Koraidon|Protect|p1b: Koraidon
|-singleturn|p1b: Koraidon|Protect
|move|p2a: Perro-Crowned|Protect|p2a: Perro-Crowned
|-singleturn|p2a: Perro-Crowned|Protect
|move|p2b: Silver|Surging Strikes|p1a: Incineroar
|-supereffective|p1a: Incineroar
|-crit|p1a: Incineroar
|-damage|p1a: Incineroar|83/100
|-supereffective|p1a: Incineroar
|-crit|p1a: Incineroar
|-damage|p1a: Incineroar|64/100
|-supereffective|p1a: Incineroar
|-crit|p1a: Incineroar
|-damage|p1a: Incineroar|42/100
|-hitcount|p1a: Incineroar|3
|move|p1a: Incineroar|Knock Off|p2b: Silver
|-resisted|p2b: Silver
|-damage|p2b: Silver|0 fnt
|-enditem|p2b: Silver|Choice Scarf|[from] move: Knock Off|[of] p1a: Incineroar
|faint|p2b: Silver
|
|-weather|SunnyDay|[upkeep]
|upkeep
|
|t:|1750794570
|switch|p2b: Incineroar|Incineroar, L50, F, shiny|81/100
|-ability|p2b: Incineroar|Intimidate|boost
|-unboost|p1a: Incineroar|atk|1
|-unboost|p1b: Koraidon|atk|1
|turn|7
|inactive|smario1705 has 30 seconds left.
|
|t:|1750794599
|-terastallize|p1b: Koraidon|Fire
|move|p2b: Incineroar|Fake Out|p1b: Koraidon
|-damage|p1b: Koraidon|94/100
|cant|p1b: Koraidon|flinch
|move|p2a: Perro-Crowned|Body Press|p1a: Incineroar
|-supereffective|p1a: Incineroar
|-damage|p1a: Incineroar|0 fnt
|faint|p1a: Incineroar
|
|-weather|SunnyDay|[upkeep]
|upkeep
|turn|8
|inactive|Mandolin505 has 30 seconds left.
|
|t:|1750794632
|move|p1b: Koraidon|Flame Charge|p2a: Perro-Crowned
|-supereffective|p2a: Perro-Crowned
|-damage|p2a: Perro-Crowned|27/100 par
|-boost|p1b: Koraidon|spe|1
|-damage|p1b: Koraidon|84/100|[from] item: Life Orb
|move|p2a: Perro-Crowned|Body Press|p1b: Koraidon
|-crit|p1b: Koraidon
|-damage|p1b: Koraidon|9/100
|move|p2b: Incineroar|Knock Off|p1b: Koraidon
|-damage|p1b: Koraidon|0 fnt
|-enditem|p1b: Koraidon|Life Orb|[from] move: Knock Off|[of] p2b: Incineroar
|faint|p1b: Koraidon
|
|win|Mandolin505
|raw|smario1705's rating: 1211 &rarr; <strong>1184</strong><br />(-27 for losing)
|raw|Mandolin505's rating: 1180 &rarr; <strong>1207</strong><br />(+27 for winning)
