|j|☆eldoka
|j|‽estudassespt
|t:|1750767254
|gametype|doubles
|player|p1|eldoka|2|1511
|player|p2|estudassespt|266|1528
|teamsize|p1|6
|teamsize|p2|6
|gen|9
|tier|[Gen 9] VGC 2025 Reg I
|rated|
|rule|Species Clause: Limit one of each Pokémon
|rule|Item Clause: Limit 1 of each item
|clearpoke
|poke|p1|Miraidon, L50|
|poke|p1|Calyrex-Ice, L50|
|poke|p1|Ogerpon-Hearthflame, L50, F|
|poke|p1|Urshifu-*, L50, F|
|poke|p1|Iron Hands, L50|
|poke|p1|Farigiraf, L50, M|
|poke|p2|Sableye, L50, M|
|poke|p2|Groudon, L50|
|poke|p2|Indeedee-F, L50, F|
|poke|p2|Yanmega, L50, M|
|poke|p2|Calyrex-Ice, L50|
|poke|p2|Bastiodon, L50, M|
|teampreview|4
|
|t:|1750767306
|start
|switch|p1a: Iron Hands|Iron Hands, L50|100/100
|switch|p1b: Urshifu|Urshifu, L50, F|100/100
|switch|p2a: Indeedee|Indeedee-F, L50, F|100/100
|switch|p2b: Calyrex|Calyrex-Ice, L50|100/100
|-ability|p2b: Calyrex|As One
|-ability|p2b: Calyrex|Unnerve
|-fieldstart|move: Psychic Terrain|[from] ability: Psychic Surge|[of] p2a: Indeedee
|turn|1
|
|t:|1750767352
|-end|p1a: Iron Hands|Quark Drive|[silent]
|switch|p1a: Calyrex|Calyrex-Ice, L50|100/100
|-ability|p1a: Calyrex|As One
|-ability|p1a: Calyrex|Unnerve
|-terastallize|p2b: Calyrex|Water
|move|p1b: Urshifu|Wicked Blow|p2b: Calyrex
|-crit|p2b: Calyrex
|-damage|p2b: Calyrex|67/100
|move|p2a: Indeedee|Alluring Voice|p1b: Urshifu
|-supereffective|p1b: Urshifu
|-enditem|p1b: Urshifu|Focus Sash
|-damage|p1b: Urshifu|1/100
|move|p2b: Calyrex|Trick Room|p2b: Calyrex
|-fieldstart|move: Trick Room|[of] p2b: Calyrex
|
|-heal|p2b: Calyrex|72/100|[from] item: Leftovers
|upkeep
|turn|2
|
|t:|1750767380
|move|p2a: Indeedee|Helping Hand|p2b: Calyrex
|-singleturn|p2b: Calyrex|Helping Hand|[of] p2a: Indeedee
|move|p1b: Urshifu|Protect|p1b: Urshifu
|-singleturn|p1b: Urshifu|Protect
|move|p1a: Calyrex|Glacial Lance|p2a: Indeedee|[spread] p2a,p2b
|-resisted|p2b: Calyrex
|-damage|p2a: Indeedee|43/100
|-damage|p2b: Calyrex|54/100
|move|p2b: Calyrex|Glacial Lance|p1a: Calyrex|[spread] p1a
|-activate|p1b: Urshifu|move: Protect
|-resisted|p1a: Calyrex
|-damage|p1a: Calyrex|74/100
|
|-heal|p2b: Calyrex|59/100|[from] item: Leftovers
|upkeep
|turn|3
|
|t:|1750767401
|move|p2a: Indeedee|Helping Hand|p2b: Calyrex
|-singleturn|p2b: Calyrex|Helping Hand|[of] p2a: Indeedee
|move|p1a: Calyrex|Glacial Lance|p2a: Indeedee|[spread] p2a,p2b
|-resisted|p2b: Calyrex
|-crit|p2b: Calyrex
|-damage|p2a: Indeedee|0 fnt
|-damage|p2b: Calyrex|33/100
|faint|p2a: Indeedee
|-ability|p1a: Calyrex|Chilling Neigh|boost
|-boost|p1a: Calyrex|atk|1
|move|p2b: Calyrex|Glacial Lance|p1b: Urshifu|[spread] p1a,p1b
|-resisted|p1a: Calyrex
|-damage|p1a: Calyrex|49/100
|-damage|p1b: Urshifu|0 fnt
|faint|p1b: Urshifu
|-ability|p2b: Calyrex|Chilling Neigh|boost
|-boost|p2b: Calyrex|atk|1
|
|-heal|p2b: Calyrex|39/100|[from] item: Leftovers
|upkeep
|
|t:|1750767422
|switch|p2a: Groudon|Groudon, L50|100/100
|switch|p1b: Iron Hands|Iron Hands, L50|100/100
|-weather|SunnyDay|[from] ability: Drought|[of] p2a: Groudon
|turn|4
|
|t:|1750767446
|-terastallize|p1b: Iron Hands|Bug
|move|p2b: Calyrex|Protect|p2b: Calyrex
|-singleturn|p2b: Calyrex|Protect
|move|p2a: Groudon|Protect|p2a: Groudon
|-singleturn|p2a: Groudon|Protect
|move|p1b: Iron Hands|Wild Charge|p2b: Calyrex
|-activate|p2b: Calyrex|move: Protect
|move|p1a: Calyrex|Glacial Lance|p2b: Calyrex|[spread] 
|-activate|p2a: Groudon|move: Protect
|-activate|p2b: Calyrex|move: Protect
|
|-weather|SunnyDay|[upkeep]
|-heal|p2b: Calyrex|44/100|[from] item: Leftovers
|upkeep
|turn|5
|
|t:|1750767480
|switch|p2b: Yanmega|Yanmega, L50, M|100/100
|move|p1b: Iron Hands|Wild Charge|p2b: Yanmega
|-supereffective|p2b: Yanmega
|-enditem|p2b: Yanmega|Focus Sash
|-damage|p2b: Yanmega|1/100
|-damage|p1b: Iron Hands|84/100|[from] Recoil
|move|p1a: Calyrex|Glacial Lance|p2a: Groudon|[spread] p2a,p2b
|-supereffective|p2a: Groudon
|-supereffective|p2b: Yanmega
|-damage|p2a: Groudon|0 fnt
|-damage|p2b: Yanmega|0 fnt
|faint|p2a: Groudon
|faint|p2b: Yanmega
|-ability|p1a: Calyrex|Chilling Neigh|boost
|-boost|p1a: Calyrex|atk|2
|
|-weather|SunnyDay|[upkeep]
|-fieldend|move: Trick Room
|-fieldend|move: Psychic Terrain
|upkeep
|
|t:|1750767497
|switch|p2b: Calyrex|Calyrex-Ice, L50, tera:Water|44/100
|-ability|p2b: Calyrex|As One
|-ability|p2b: Calyrex|Unnerve
|turn|6
|
|t:|1750767504
|move|p2b: Calyrex|Glacial Lance|p1b: Iron Hands|[spread] p1a,p1b
|-resisted|p1a: Calyrex
|-damage|p1a: Calyrex|33/100
|-damage|p1b: Iron Hands|49/100
|move|p1a: Calyrex|Glacial Lance|p2b: Calyrex
|-resisted|p2b: Calyrex
|-damage|p2b: Calyrex|0 fnt
|faint|p2b: Calyrex
|
|win|eldoka
|raw|eldoka's rating: 1511 &rarr; <strong>1532</strong><br />(+21 for winning)
|raw|estudassespt's rating: 1528 &rarr; <strong>1507</strong><br />(-21 for losing)
|l|☆eldoka
|player|p1|
|l|‽estudassespt
|player|p2|
