|j|☆Bobosniffjr
|j|☆maodawang
|t:|1750834112
|gametype|doubles
|player|p1|Bobosniffjr|swimmerf-gen4dp|1198
|player|p2|maodawang|169|1254
|teamsize|p1|6
|teamsize|p2|6
|gen|9
|tier|[Gen 9] VGC 2025 Reg I
|rated|
|rule|Species Clause: Limit one of each Pokémon
|rule|Item Clause: Limit 1 of each item
|clearpoke
|poke|p1|Indeedee-F, L50, F|
|poke|p1|Calyrex-Ice, L50|
|poke|p1|Ursaluna-Bloodmoon, L50, M|
|poke|p1|Amoonguss, L50, M|
|poke|p1|Koraidon, L50|
|poke|p1|Lilligant-Hisui, L50, F|
|poke|p2|Incineroar, L50, M|
|poke|p2|Urshifu-*, L50, M|
|poke|p2|Sinistcha-Masterpiece, L50|
|poke|p2|Ting-Lu, L50|
|poke|p2|Ho-Oh, L50|
|poke|p2|Giratina, L50|
|teampreview|4
|inactive|Battle timer is ON: inactive players will automatically lose when time's up. (requested by maodawang)
|inactive|Bobosniffjr also wants the timer to be on.
|
|t:|1750834139
|start
|switch|p1a: Indiddy|Indeedee-F, L50, F|100/100
|switch|p1b: DA HOG RIDA|Calyrex-Ice, L50|100/100
|switch|p2a: Urshifu|Urshifu-Rapid-Strike, L50, M|100/100
|switch|p2b: Incineroar|Incineroar, L50, M|100/100
|-ability|p1b: DA HOG RIDA|As One
|-ability|p1b: DA HOG RIDA|Unnerve
|-fieldstart|move: Psychic Terrain|[from] ability: Psychic Surge|[of] p1a: Indiddy
|-ability|p2b: Incineroar|Intimidate|boost
|-unboost|p1a: Indiddy|atk|1
|-fail|p1b: DA HOG RIDA|unboost|[from] item: Clear Amulet|[of] p1b: DA HOG RIDA
|turn|1
|
|t:|1750834164
|switch|p2a: Ho-Oh|Ho-Oh, L50|100/100
|move|p1b: DA HOG RIDA|Protect|p1b: DA HOG RIDA
|-singleturn|p1b: DA HOG RIDA|Protect
|move|p2b: Incineroar|Knock Off|p1b: DA HOG RIDA
|-activate|p1b: DA HOG RIDA|move: Protect
|move|p1a: Indiddy|Trick Room|p1a: Indiddy
|-fieldstart|move: Trick Room|[of] p1a: Indiddy
|
|upkeep
|turn|2
|
|t:|1750834181
|move|p1a: Indiddy|Helping Hand|p1b: DA HOG RIDA
|-singleturn|p1b: DA HOG RIDA|Helping Hand|[of] p1a: Indiddy
|move|p2a: Ho-Oh|Protect|p2a: Ho-Oh
|-singleturn|p2a: Ho-Oh|Protect
|move|p1b: DA HOG RIDA|High Horsepower|p2b: Incineroar
|-supereffective|p2b: Incineroar
|-damage|p2b: Incineroar|35/100
|move|p2b: Incineroar|Knock Off|p1b: DA HOG RIDA
|-supereffective|p1b: DA HOG RIDA
|-damage|p1b: DA HOG RIDA|57/100
|-enditem|p1b: DA HOG RIDA|Clear Amulet|[from] move: Knock Off|[of] p2b: Incineroar
|
|upkeep
|turn|3
|
|t:|1750834198
|switch|p2b: Urshifu|Urshifu-Rapid-Strike, L50, M|100/100
|move|p1a: Indiddy|Helping Hand|p1b: DA HOG RIDA
|-singleturn|p1b: DA HOG RIDA|Helping Hand|[of] p1a: Indiddy
|move|p1b: DA HOG RIDA|Glacial Lance|p2b: Urshifu|[spread] p2a,p2b
|-resisted|p2b: Urshifu
|-damage|p2a: Ho-Oh|55/100
|-damage|p2b: Urshifu|68/100
|move|p2a: Ho-Oh|Life Dew|p2a: Ho-Oh|[spread] p2a,p2b
|-heal|p2a: Ho-Oh|80/100
|-heal|p2b: Urshifu|93/100
|
|upkeep
|turn|4
|
|t:|1750834218
|move|p2a: Ho-Oh|Protect|p2a: Ho-Oh
|-singleturn|p2a: Ho-Oh|Protect
|move|p1b: DA HOG RIDA|Leech Seed|p2a: Ho-Oh
|-activate|p2a: Ho-Oh|move: Protect
|move|p1a: Indiddy|Zen Headbutt|p2b: Urshifu
|-supereffective|p2b: Urshifu
|-damage|p2b: Urshifu|67/100
|move|p2b: Urshifu|Surging Strikes|p1b: DA HOG RIDA
|-crit|p1b: DA HOG RIDA
|-damage|p1b: DA HOG RIDA|41/100
|-crit|p1b: DA HOG RIDA
|-damage|p1b: DA HOG RIDA|24/100
|-crit|p1b: DA HOG RIDA
|-damage|p1b: DA HOG RIDA|9/100
|-hitcount|p1b: DA HOG RIDA|3
|
|upkeep
|turn|5
|
|t:|1750834241
|move|p1a: Indiddy|Helping Hand|p1b: DA HOG RIDA
|-singleturn|p1b: DA HOG RIDA|Helping Hand|[of] p1a: Indiddy
|move|p1b: DA HOG RIDA|Leech Seed|p2b: Urshifu
|-start|p2b: Urshifu|move: Leech Seed
|move|p2a: Ho-Oh|Life Dew|p2a: Ho-Oh|[spread] p2a,p2b
|-heal|p2a: Ho-Oh|100/100
|-heal|p2b: Urshifu|92/100
|move|p2b: Urshifu|Surging Strikes|p1b: DA HOG RIDA
|-crit|p1b: DA HOG RIDA
|-damage|p1b: DA HOG RIDA|0 fnt
|faint|p1b: DA HOG RIDA
|-hitcount|p1: DA HOG RIDA|1
|
|-fieldend|move: Trick Room
|-fieldend|move: Psychic Terrain
|upkeep
|
|t:|1750834257
|switch|p1b: Koraidon|Koraidon, L50|100/100
|-weather|SunnyDay|[from] ability: Orichalcum Pulse|[of] p1b: Koraidon
|-activate|p1b: Koraidon|Orichalcum Pulse|[source]
|turn|6
|
|t:|1750834277
|switch|p2b: Incineroar|Incineroar, L50, M|35/100
|-ability|p2b: Incineroar|Intimidate|boost
|-unboost|p1a: Indiddy|atk|1
|-unboost|p1b: Koraidon|atk|1
|-terastallize|p1b: Koraidon|Fire
|move|p1a: Indiddy|Helping Hand|p1b: Koraidon
|-singleturn|p1b: Koraidon|Helping Hand|[of] p1a: Indiddy
|move|p1b: Koraidon|Flare Blitz|p2b: Incineroar
|-resisted|p2b: Incineroar
|-damage|p2b: Incineroar|0 fnt
|faint|p2b: Incineroar
|-damage|p1b: Koraidon|87/100|[from] Recoil
|-damage|p1b: Koraidon|78/100|[from] item: Life Orb
|move|p2a: Ho-Oh|Brave Bird|p1b: Koraidon
|-damage|p1b: Koraidon|29/100
|-damage|p2a: Ho-Oh|87/100|[from] Recoil
|
|-weather|SunnyDay|[upkeep]
|upkeep
|
|t:|1750834299
|switch|p2b: Urshifu|Urshifu-Rapid-Strike, L50, M|92/100
|turn|7
|
|t:|1750834310
|move|p1a: Indiddy|Helping Hand|p1b: Koraidon
|-singleturn|p1b: Koraidon|Helping Hand|[of] p1a: Indiddy
|move|p1b: Koraidon|Close Combat|p2b: Urshifu
|-damage|p2b: Urshifu|0 fnt
|-unboost|p1b: Koraidon|def|1
|-unboost|p1b: Koraidon|spd|1
|faint|p2b: Urshifu
|-damage|p1b: Koraidon|19/100|[from] item: Life Orb
|move|p2a: Ho-Oh|Life Dew|p2a: Ho-Oh
|-heal|p2a: Ho-Oh|100/100
|
|-weather|SunnyDay|[upkeep]
|upkeep
|
|t:|1750834324
|switch|p2b: Giratina|Giratina, L50|100/100
|-ability|p2b: Giratina|Pressure
|turn|8
|
|t:|1750834336
|move|p1a: Indiddy|Helping Hand|p1b: Koraidon
|-singleturn|p1b: Koraidon|Helping Hand|[of] p1a: Indiddy
|move|p2b: Giratina|Protect|p2b: Giratina
|-singleturn|p2b: Giratina|Protect
|move|p1b: Koraidon|Flare Blitz|p2b: Giratina
|-activate|p2b: Giratina|move: Protect
|move|p2a: Ho-Oh|Brave Bird|p1b: Koraidon
|-damage|p1b: Koraidon|0 fnt
|faint|p1b: Koraidon
|-damage|p2a: Ho-Oh|95/100|[from] Recoil
|
|-weather|SunnyDay|[upkeep]
|upkeep
|
|t:|1750834352
|switch|p1b: Lilligant|Lilligant-Hisui, L50, F|100/100
|turn|9
|
|t:|1750834362
|move|p1a: Indiddy|Helping Hand|p1b: Lilligant
|-singleturn|p1b: Lilligant|Helping Hand|[of] p1a: Indiddy
|move|p1b: Lilligant|Stun Spore|p2a: Ho-Oh
|-status|p2a: Ho-Oh|par
|move|p2b: Giratina|Earth Power|p1b: Lilligant
|-resisted|p1b: Lilligant
|-damage|p1b: Lilligant|86/100
|move|p2a: Ho-Oh|Sacred Fire|p1b: Lilligant
|-supereffective|p1b: Lilligant
|-damage|p1b: Lilligant|0 fnt
|faint|p1b: Lilligant
|
|-weather|SunnyDay|[upkeep]
|upkeep
|turn|10
|-message|Bobosniffjr forfeited.
|
|win|maodawang
|raw|Bobosniffjr's rating: 1198 &rarr; <strong>1177</strong><br />(-21 for losing)
|raw|maodawang's rating: 1254 &rarr; <strong>1275</strong><br />(+21 for winning)
|l|☆Bobosniffjr
|player|p1|
|l|☆maodawang
|player|p2|
