|j|☆maodawang
|j|☆santszsz
|t:|1750830964
|gametype|doubles
|player|p1|maodawang|169|1317
|player|p2|santszsz|101|1248
|teamsize|p1|6
|teamsize|p2|6
|gen|9
|tier|[Gen 9] VGC 2025 Reg I
|rated|
|rule|Species Clause: Limit one of each Pokémon
|rule|Item Clause: Limit 1 of each item
|clearpoke
|poke|p1|Incineroar, L50, F|
|poke|p1|Urshifu-*, L50, F|
|poke|p1|Sinistcha-Masterpiece, L50|
|poke|p1|Ting-Lu, L50|
|poke|p1|Dialga-Origin, L50|
|poke|p1|Ho-Oh, L50|
|poke|p2|Koraidon, L50|
|poke|p2|Lunala, L50|
|poke|p2|Ursaluna, L50, M|
|poke|p2|Flutter Mane, L50|
|poke|p2|Incineroar, L50, F|
|poke|p2|Rillaboom, L50, M|
|teampreview|4
|inactive|Battle timer is ON: inactive players will automatically lose when time's up. (requested by maodawang)
|inactive|maodawang has 60 seconds left.
|inactive|santszsz has 60 seconds left.
|inactive|santszsz has 30 seconds left.
|
|t:|1750831025
|start
|switch|p1a: Ho-Oh|Ho-Oh, L50|100/100
|switch|p1b: Incineroar|Incineroar, L50, F|100/100
|switch|p2a: Koraidon|Koraidon, L50|100/100
|switch|p2b: Incineroar|Incineroar, L50, F|100/100
|-weather|SunnyDay|[from] ability: Orichalcum Pulse|[of] p2a: Koraidon
|-activate|p2a: Koraidon|Orichalcum Pulse|[source]
|-ability|p2b: Incineroar|Intimidate|boost
|-unboost|p1a: Ho-Oh|atk|1
|-unboost|p1b: Incineroar|atk|1
|-ability|p1b: Incineroar|Intimidate|boost
|-unboost|p2a: Koraidon|atk|1
|-unboost|p2b: Incineroar|atk|1
|turn|1
|
|t:|1750831049
|switch|p2a: Lunala|Lunala, L50|100/100
|move|p1b: Incineroar|Fake Out|p2a: Lunala
|-immune|p2a: Lunala
|move|p1a: Ho-Oh|Sacred Fire|p2a: Lunala|[miss]
|-miss|p1a: Ho-Oh|p2a: Lunala
|move|p2b: Incineroar|Knock Off|p1a: Ho-Oh
|-damage|p1a: Ho-Oh|76/100
|-enditem|p1a: Ho-Oh|Leftovers|[from] move: Knock Off|[of] p2b: Incineroar
|
|-weather|SunnyDay|[upkeep]
|upkeep
|turn|2
|
|t:|1750831073
|-terastallize|p2a: Lunala|Fairy
|move|p1a: Ho-Oh|Sacred Fire|p2a: Lunala
|-damage|p2a: Lunala|86/100
|-status|p2a: Lunala|brn
|move|p2b: Incineroar|Parting Shot|p1a: Ho-Oh
|-unboost|p1a: Ho-Oh|atk|1
|-unboost|p1a: Ho-Oh|spa|1
|
|t:|1750831082
|switch|p2b: Ursaluna|Ursaluna, L50, M|100/100|[from] Parting Shot
|move|p1b: Incineroar|Knock Off|p2b: Ursaluna
|-damage|p2b: Ursaluna|84/100
|-enditem|p2b: Ursaluna|Flame Orb|[from] move: Knock Off|[of] p1b: Incineroar
|move|p2a: Lunala|Trick Room|p2a: Lunala
|-fieldstart|move: Trick Room|[of] p2a: Lunala
|
|-weather|SunnyDay|[upkeep]
|-heal|p2a: Lunala|92/100 brn|[from] item: Leftovers
|-damage|p2a: Lunala|86/100 brn|[from] brn
|upkeep
|turn|3
|
|t:|1750831102
|move|p1a: Ho-Oh|Protect|p1a: Ho-Oh
|-singleturn|p1a: Ho-Oh|Protect
|move|p2b: Ursaluna|Swords Dance|p2b: Ursaluna
|-boost|p2b: Ursaluna|atk|2
|move|p1b: Incineroar|Knock Off|p2a: Lunala
|-resisted|p2a: Lunala
|-damage|p2a: Lunala|76/100 brn
|-enditem|p2a: Lunala|Leftovers|[from] move: Knock Off|[of] p1b: Incineroar
|move|p2a: Lunala|Moonblast|p1b: Incineroar
|-crit|p1b: Incineroar
|-damage|p1b: Incineroar|24/100
|-unboost|p1b: Incineroar|spa|1
|
|-weather|SunnyDay|[upkeep]
|-damage|p2a: Lunala|70/100 brn|[from] brn
|upkeep
|turn|4
|
|t:|1750831124
|switch|p1b: Sinistcha|Sinistcha-Masterpiece, L50|100/100
|-heal|p1a: Ho-Oh|100/100|[from] ability: Hospitality|[of] p1b: Sinistcha
|move|p2b: Ursaluna|Facade|p1a: Ho-Oh
|-damage|p1a: Ho-Oh|44/100
|move|p2a: Lunala|Moonblast|p1b: Sinistcha
|-damage|p1b: Sinistcha|53/100
|move|p1a: Ho-Oh|Whirlwind|p2b: Ursaluna
|drag|p2b: Koraidon|Koraidon, L50|100/100
|-activate|p2b: Koraidon|ability: Orichalcum Pulse
|
|-weather|SunnyDay|[upkeep]
|-damage|p2a: Lunala|64/100 brn|[from] brn
|upkeep
|turn|5
|inactive|maodawang has 30 seconds left.
|inactive|maodawang has 20 seconds left.
|
|t:|1750831162
|switch|p1a: Dialga|Dialga-Origin, L50|100/100
|-ability|p1a: Dialga|Pressure
|switch|p2b: Ursaluna|Ursaluna, L50, M|84/100
|move|p1b: Sinistcha|Strength Sap|p2b: Ursaluna
|-unboost|p2b: Ursaluna|atk|1
|-heal|p1b: Sinistcha|100/100
|move|p2a: Lunala|Moonblast|p1b: Sinistcha
|-damage|p1b: Sinistcha|58/100
|
|-weather|none
|-damage|p2a: Lunala|58/100 brn|[from] brn
|upkeep
|turn|6
|inactive|maodawang has 30 seconds left.
|inactive|maodawang has 20 seconds left.
|
|t:|1750831198
|switch|p2b: Incineroar|Incineroar, L50, F|100/100
|-ability|p2b: Incineroar|Intimidate|boost
|-unboost|p1a: Dialga|atk|1
|-unboost|p1b: Sinistcha|atk|1
|switch|p1b: Ho-Oh|Ho-Oh, L50|77/100
|move|p1a: Dialga|Protect|p1a: Dialga
|-singleturn|p1a: Dialga|Protect
|move|p2a: Lunala|Moongeist Beam|p1b: Ho-Oh
|-damage|p1b: Ho-Oh|46/100
|
|-damage|p2a: Lunala|52/100 brn|[from] brn
|-fieldend|move: Trick Room
|upkeep
|turn|7
|inactive|maodawang has 30 seconds left.
|inactive|santszsz has 30 seconds left.
|
|t:|1750831227
|switch|p2a: Ursaluna|Ursaluna, L50, M|84/100
|move|p1b: Ho-Oh|Life Dew||[still]|[spread] p1a,p1b
|-fail|p1a: Dialga|heal
|-heal|p1b: Ho-Oh|71/100
|move|p1a: Dialga|Earth Power|p2b: Incineroar
|-supereffective|p2b: Incineroar
|-damage|p2b: Incineroar|39/100
|move|p2b: Incineroar|Parting Shot|p1b: Ho-Oh
|-unboost|p1b: Ho-Oh|atk|1
|-unboost|p1b: Ho-Oh|spa|1
|
|t:|1750831237
|switch|p2b: Koraidon|Koraidon, L50|100/100|[from] Parting Shot
|-weather|SunnyDay|[from] ability: Orichalcum Pulse|[of] p2b: Koraidon
|-activate|p2b: Koraidon|Orichalcum Pulse|[source]
|
|-weather|SunnyDay|[upkeep]
|upkeep
|turn|8
|
|t:|1750831252
|switch|p1b: Incineroar|Incineroar, L50, F|24/100
|-ability|p1b: Incineroar|Intimidate|boost
|-unboost|p2a: Ursaluna|atk|1
|-unboost|p2b: Koraidon|atk|1
|move|p1a: Dialga|Protect|p1a: Dialga
|-singleturn|p1a: Dialga|Protect
|move|p2b: Koraidon|Close Combat|p1a: Dialga
|-activate|p1a: Dialga|move: Protect
|move|p2a: Ursaluna|Swords Dance|p2a: Ursaluna
|-boost|p2a: Ursaluna|atk|2
|
|-weather|SunnyDay|[upkeep]
|upkeep
|turn|9
|inactive|maodawang has 30 seconds left.
|
|t:|1750831290
|switch|p2b: Incineroar|Incineroar, L50, F|39/100
|-ability|p2b: Incineroar|Intimidate|boost
|-unboost|p1a: Dialga|atk|1
|-unboost|p1b: Incineroar|atk|1
|switch|p1a: Sinistcha|Sinistcha-Masterpiece, L50|58/100
|-heal|p1b: Incineroar|49/100|[from] ability: Hospitality|[of] p1a: Sinistcha
|switch|p1b: Ho-Oh|Ho-Oh, L50|100/100
|move|p2a: Ursaluna|Swords Dance|p2a: Ursaluna
|-boost|p2a: Ursaluna|atk|2
|
|-weather|SunnyDay|[upkeep]
|upkeep
|turn|10
|inactive|maodawang has 30 seconds left.
|
|t:|1750831318
|move|p2a: Ursaluna|Protect|p2a: Ursaluna
|-singleturn|p2a: Ursaluna|Protect
|move|p1a: Sinistcha|Strength Sap|p2a: Ursaluna
|-activate|p2a: Ursaluna|move: Protect
|move|p2b: Incineroar|Parting Shot|p1b: Ho-Oh
|-unboost|p1b: Ho-Oh|atk|1
|-unboost|p1b: Ho-Oh|spa|1
|
|t:|1750831329
|switch|p2b: Lunala|Lunala, L50, tera:Fairy|52/100 brn|[from] Parting Shot
|move|p1b: Ho-Oh|Whirlwind|p2a: Ursaluna
|drag|p2a: Incineroar|Incineroar, L50, F|39/100
|-ability|p2a: Incineroar|Intimidate|boost
|-unboost|p1a: Sinistcha|atk|1
|-unboost|p1b: Ho-Oh|atk|1
|
|-weather|SunnyDay|[upkeep]
|-damage|p2b: Lunala|46/100 brn|[from] brn
|upkeep
|turn|11
|
|t:|1750831346
|switch|p1a: Incineroar|Incineroar, L50, F|49/100
|-ability|p1a: Incineroar|Intimidate|boost
|-unboost|p2a: Incineroar|atk|1
|-unboost|p2b: Lunala|atk|1
|move|p2a: Incineroar|Fake Out|p1b: Ho-Oh
|-damage|p1b: Ho-Oh|93/100
|move|p2b: Lunala|Moongeist Beam|p1a: Incineroar
|-resisted|p1a: Incineroar
|-damage|p1a: Incineroar|24/100
|cant|p1b: Ho-Oh|flinch
|
|-weather|none
|-damage|p2b: Lunala|40/100 brn|[from] brn
|upkeep
|turn|12
|
|t:|1750831369
|switch|p2b: Ursaluna|Ursaluna, L50, M|84/100
|move|p1a: Incineroar|Fake Out|p2b: Ursaluna
|-damage|p2b: Ursaluna|76/100
|move|p1b: Ho-Oh|Life Dew|p1b: Ho-Oh|[spread] p1a,p1b
|-heal|p1a: Incineroar|49/100
|-heal|p1b: Ho-Oh|100/100
|move|p2a: Incineroar|Knock Off|p1a: Incineroar
|-resisted|p1a: Incineroar
|-damage|p1a: Incineroar|37/100
|-enditem|p1a: Incineroar|Safety Goggles|[from] move: Knock Off|[of] p2a: Incineroar
|
|upkeep
|turn|13
|inactive|maodawang has 30 seconds left.
|inactive|santszsz has 30 seconds left.
|
|t:|1750831403
|move|p2a: Incineroar|Parting Shot|p1b: Ho-Oh
|-unboost|p1b: Ho-Oh|atk|1
|-unboost|p1b: Ho-Oh|spa|1
|
|t:|1750831408
|switch|p2a: Koraidon|Koraidon, L50|100/100|[from] Parting Shot
|-weather|SunnyDay|[from] ability: Orichalcum Pulse|[of] p2a: Koraidon
|-activate|p2a: Koraidon|Orichalcum Pulse|[source]
|move|p1a: Incineroar|Parting Shot|p2b: Ursaluna
|-unboost|p2b: Ursaluna|atk|1
|-unboost|p2b: Ursaluna|spa|1
|
|t:|1750831417
|switch|p1a: Dialga|Dialga-Origin, L50|100/100|[from] Parting Shot
|-ability|p1a: Dialga|Pressure
|move|p2b: Ursaluna|Headlong Rush|p1a: Dialga
|-supereffective|p1a: Dialga
|-damage|p1a: Dialga|37/100
|-unboost|p2b: Ursaluna|def|1
|-unboost|p2b: Ursaluna|spd|1
|move|p1b: Ho-Oh|Whirlwind|p2b: Ursaluna
|drag|p2b: Incineroar|Incineroar, L50, F|39/100
|-ability|p2b: Incineroar|Intimidate|boost
|-unboost|p1a: Dialga|atk|1
|-unboost|p1b: Ho-Oh|atk|1
|
|-weather|SunnyDay|[upkeep]
|upkeep
|turn|14
|
|t:|1750831439
|switch|p1b: Sinistcha|Sinistcha-Masterpiece, L50|58/100
|-heal|p1a: Dialga|61/100|[from] ability: Hospitality|[of] p1b: Sinistcha
|move|p1a: Dialga|Protect|p1a: Dialga
|-singleturn|p1a: Dialga|Protect
|move|p2b: Incineroar|Fake Out|p1b: Sinistcha
|-immune|p1b: Sinistcha
|move|p2a: Koraidon|Close Combat|p1a: Dialga
|-activate|p1a: Dialga|move: Protect
|
|-weather|SunnyDay|[upkeep]
|upkeep
|turn|15
|inactive|santszsz has 30 seconds left.
|inactive|santszsz has 20 seconds left.
|
|t:|1750831480
|switch|p1b: Ho-Oh|Ho-Oh, L50|100/100
|-terastallize|p1a: Dialga|Fairy
|move|p2a: Koraidon|Close Combat|p1a: Dialga
|-resisted|p1a: Dialga
|-damage|p1a: Dialga|22/100
|-unboost|p2a: Koraidon|def|1
|-unboost|p2a: Koraidon|spd|1
|-damage|p2a: Koraidon|91/100|[from] item: Life Orb
|move|p1a: Dialga|Earth Power|p2b: Incineroar
|-supereffective|p2b: Incineroar
|-damage|p2b: Incineroar|0 fnt
|faint|p2b: Incineroar
|
|-weather|SunnyDay|[upkeep]
|upkeep
|
|t:|1750831496
|switch|p2b: Lunala|Lunala, L50, tera:Fairy|40/100 brn
|turn|16
|
|t:|1750831509
|switch|p1b: Sinistcha|Sinistcha-Masterpiece, L50|58/100
|-heal|p1a: Dialga|46/100|[from] ability: Hospitality|[of] p1b: Sinistcha
|move|p1a: Dialga|Protect|p1a: Dialga
|-singleturn|p1a: Dialga|Protect
|move|p2a: Koraidon|Flame Charge|p1a: Dialga
|-activate|p1a: Dialga|move: Protect
|move|p2b: Lunala|Trick Room|p2b: Lunala
|-fieldstart|move: Trick Room|[of] p2b: Lunala
|
|-weather|SunnyDay|[upkeep]
|-damage|p2b: Lunala|34/100 brn|[from] brn
|upkeep
|turn|17
|
|t:|1750831531
|switch|p2b: Ursaluna|Ursaluna, L50, M|76/100
|move|p1a: Dialga|Earth Power|p2a: Koraidon
|-damage|p2a: Koraidon|38/100
|-unboost|p2a: Koraidon|spd|1
|move|p1b: Sinistcha|Strength Sap|p2b: Ursaluna
|-unboost|p2b: Ursaluna|atk|1
|-heal|p1b: Sinistcha|100/100
|move|p2a: Koraidon|Close Combat|p1b: Sinistcha
|-immune|p1b: Sinistcha
|
|-weather|none
|upkeep
|turn|18
|-message|santszsz forfeited.
|
|win|maodawang
|raw|maodawang's rating: 1317 &rarr; <strong>1333</strong><br />(+16 for winning)
|raw|santszsz's rating: 1248 &rarr; <strong>1228</strong><br />(-20 for losing)
|l|☆santszsz
|player|p2|
|l|☆maodawang
|player|p1|
