|j|☆Spadetheking24
|j|☆Acoplen
|t:|1750871083
|gametype|doubles
|player|p1|Spadetheking24|101|1053
|player|p2|Acoplen|170|1087
|teamsize|p1|6
|teamsize|p2|6
|gen|9
|tier|[Gen 9] VGC 2025 Reg I
|rated|
|rule|Species Clause: Limit one of each Pokémon
|rule|Item Clause: Limit 1 of each item
|clearpoke
|poke|p1|Rayquaza, L50|
|poke|p1|Rillaboom, L50, F|
|poke|p1|Volcarona, L50, F|
|poke|p1|Chien-Pao, L50|
|poke|p1|Zamazenta-*, L50|
|poke|p1|Amoonguss, L50, F|
|poke|p2|Zamazenta-*, L50|
|poke|p2|Miraidon, L50|
|poke|p2|Incineroar, L50, F|
|poke|p2|Iron Valiant, L50|
|poke|p2|Urshifu-*, L50, M|
|poke|p2|Whimsicott, L50, F|
|teampreview|4
|inactive|Battle timer is ON: inactive players will automatically lose when time's up. (requested by Acoplen)
|inactive|Spadetheking24 has 60 seconds left.
|
|t:|1750871120
|start
|switch|p1a: Amoonguss|Amoonguss, L50, F|100/100
|switch|p1b: Volcarona|Volcarona, L50, F|100/100
|switch|p2a: Zamazenta|Zamazenta-Crowned, L50|100/100
|switch|p2b: Iron Valiant|Iron Valiant, L50, shiny|100/100
|-ability|p2a: Zamazenta|Dauntless Shield|boost
|-boost|p2a: Zamazenta|def|1
|turn|1
|inactive|Acoplen has 30 seconds left.
|
|t:|1750871149
|-end|p2b: Iron Valiant|Quark Drive|[silent]
|switch|p2b: Incineroar|Incineroar, L50, F|100/100
|-ability|p2b: Incineroar|Intimidate|boost
|-unboost|p1a: Amoonguss|atk|1
|-unboost|p1b: Volcarona|atk|1
|move|p2a: Zamazenta|Protect|p2a: Zamazenta
|-singleturn|p2a: Zamazenta|Protect
|move|p1a: Amoonguss|Rage Powder|p1a: Amoonguss
|-singleturn|p1a: Amoonguss|move: Rage Powder
|move|p1b: Volcarona|Quiver Dance|p1b: Volcarona
|-boost|p1b: Volcarona|spa|1
|-boost|p1b: Volcarona|spd|1
|-boost|p1b: Volcarona|spe|1
|
|upkeep
|turn|2
|inactive|Acoplen has 30 seconds left.
|
|t:|1750871176
|move|p2b: Incineroar|Fake Out|p1a: Amoonguss
|-damage|p1a: Amoonguss|92/100
|-damage|p2b: Incineroar|84/100|[from] item: Rocky Helmet|[of] p1a: Amoonguss
|cant|p1a: Amoonguss|flinch
|move|p1b: Volcarona|Fiery Dance|p2a: Zamazenta
|-supereffective|p2a: Zamazenta
|-damage|p2a: Zamazenta|22/100
|move|p2a: Zamazenta|Body Press|p1b: Volcarona
|-resisted|p1b: Volcarona
|-damage|p1b: Volcarona|61/100
|
|-heal|p1b: Volcarona|68/100|[from] item: Leftovers
|upkeep
|turn|3
|inactive|Spadetheking24 has 30 seconds left.
|inactive|Spadetheking24 has 20 seconds left.
|
|t:|1750871212
|switch|p2a: Miraidon|Miraidon, L50|100/100
|-fieldstart|move: Electric Terrain|[from] ability: Hadron Engine|[of] p2a: Miraidon
|move|p1a: Amoonguss|Protect|p1a: Amoonguss
|-singleturn|p1a: Amoonguss|Protect
|move|p1b: Volcarona|Fiery Dance|p2a: Miraidon
|-resisted|p2a: Miraidon
|-damage|p2a: Miraidon|77/100
|-boost|p1b: Volcarona|spa|1
|move|p2b: Incineroar|Flare Blitz|p1a: Amoonguss
|-activate|p1a: Amoonguss|move: Protect
|
|-heal|p1b: Volcarona|74/100|[from] item: Leftovers
|upkeep
|turn|4
|inactive|Spadetheking24 has 30 seconds left.
|
|t:|1750871238
|move|p1a: Amoonguss|Rage Powder|p1a: Amoonguss
|-singleturn|p1a: Amoonguss|move: Rage Powder
|move|p1b: Volcarona|Struggle Bug|p2b: Incineroar|[spread] p2a,p2b
|-damage|p2a: Miraidon|48/100
|-damage|p2b: Incineroar|57/100
|-unboost|p2a: Miraidon|spa|1
|-unboost|p2b: Incineroar|spa|1
|move|p2a: Miraidon|Volt Switch|p1a: Amoonguss
|-resisted|p1a: Amoonguss
|-damage|p1a: Amoonguss|66/100
|
|t:|1750871247
|switch|p2a: Iron Valiant|Iron Valiant, L50, shiny|100/100|[from] Volt Switch
|-activate|p2a: Iron Valiant|ability: Quark Drive
|-start|p2a: Iron Valiant|quarkdrivespe
|move|p2b: Incineroar|Flare Blitz|p1a: Amoonguss
|-supereffective|p1a: Amoonguss
|-damage|p1a: Amoonguss|0 fnt
|-damage|p2b: Incineroar|41/100|[from] item: Rocky Helmet|[of] p1a: Amoonguss
|faint|p1a: Amoonguss
|-damage|p2b: Incineroar|17/100|[from] Recoil
|
|-heal|p1b: Volcarona|80/100|[from] item: Leftovers
|upkeep
|
|t:|1750871261
|switch|p1a: Rayquaza|Rayquaza, L50|100/100
|-ability|p1a: Rayquaza|Air Lock
|turn|5
|
|t:|1750871283
|move|p1a: Rayquaza|Protect|p1a: Rayquaza
|-singleturn|p1a: Rayquaza|Protect
|move|p2a: Iron Valiant|Light Screen|p2a: Iron Valiant
|-sidestart|p2: Acoplen|move: Light Screen
|move|p1b: Volcarona|Struggle Bug|p2a: Iron Valiant|[spread] p2a,p2b
|-resisted|p2a: Iron Valiant
|-damage|p2a: Iron Valiant|91/100
|-damage|p2b: Incineroar|1/100
|-unboost|p2a: Iron Valiant|spa|1
|-unboost|p2b: Incineroar|spa|1
|move|p2b: Incineroar|Parting Shot|p1b: Volcarona
|-unboost|p1b: Volcarona|atk|1
|-unboost|p1b: Volcarona|spa|1
|
|t:|1750871295
|switch|p2b: Zamazenta|Zamazenta-Crowned, L50|22/100|[from] Parting Shot
|
|-heal|p1b: Volcarona|86/100|[from] item: Leftovers
|upkeep
|turn|6
|
|t:|1750871309
|move|p2b: Zamazenta|Protect|p2b: Zamazenta
|-singleturn|p2b: Zamazenta|Protect
|move|p1a: Rayquaza|Extreme Speed|p2a: Iron Valiant
|-damage|p2a: Iron Valiant|47/100
|move|p2a: Iron Valiant|Spirit Break|p1a: Rayquaza
|-supereffective|p1a: Rayquaza
|-damage|p1a: Rayquaza|26/100
|move|p1b: Volcarona|Fiery Dance|p2b: Zamazenta
|-activate|p2b: Zamazenta|move: Protect
|
|-heal|p1b: Volcarona|93/100|[from] item: Leftovers
|upkeep
|turn|7
|inactive|Spadetheking24 has 30 seconds left.
|inactive|Acoplen has 30 seconds left.
|
|t:|1750871338
|move|p1a: Rayquaza|Protect|p1a: Rayquaza
|-singleturn|p1a: Rayquaza|Protect
|move|p2a: Iron Valiant|Spirit Break|p1a: Rayquaza
|-activate|p1a: Rayquaza|move: Protect
|move|p1b: Volcarona|Fiery Dance|p2a: Iron Valiant
|-damage|p2a: Iron Valiant|0 fnt
|faint|p2a: Iron Valiant
|-end|p2a: Iron Valiant|Quark Drive|[silent]
|move|p2b: Zamazenta|Heavy Slam|p1b: Volcarona
|-resisted|p1b: Volcarona
|-damage|p1b: Volcarona|68/100
|-status|p2b: Zamazenta|brn|[from] ability: Flame Body|[of] p1b: Volcarona
|
|-heal|p1b: Volcarona|74/100|[from] item: Leftovers
|-damage|p2b: Zamazenta|16/100 brn|[from] brn
|-fieldend|move: Electric Terrain
|upkeep
|
|t:|1750871346
|switch|p2a: Miraidon|Miraidon, L50|48/100
|-fieldstart|move: Electric Terrain|[from] ability: Hadron Engine|[of] p2a: Miraidon
|turn|8
|inactive|Spadetheking24 has 30 seconds left.
|
|t:|1750871371
|-terastallize|p2a: Miraidon|Electric
|move|p2b: Zamazenta|Protect|p2b: Zamazenta
|-singleturn|p2b: Zamazenta|Protect
|move|p1a: Rayquaza|Extreme Speed|p2a: Miraidon
|-damage|p2a: Miraidon|10/100
|move|p1b: Volcarona|Struggle Bug|p2b: Zamazenta|[spread] p2a
|-activate|p2b: Zamazenta|move: Protect
|-damage|p2a: Miraidon|0 fnt
|faint|p2a: Miraidon
|
|-heal|p1b: Volcarona|80/100|[from] item: Leftovers
|-damage|p2b: Zamazenta|10/100 brn|[from] brn
|upkeep
|-message|Acoplen forfeited.
|
|win|Spadetheking24
|raw|Spadetheking24's rating: 1053 &rarr; <strong>1088</strong><br />(+35 for winning)
|raw|Acoplen's rating: 1087 &rarr; <strong>1062</strong><br />(-25 for losing)
|l|☆Acoplen
|player|p2|
