|j|☆LOLT_PRA
|j|☆complutel
|t:|1750846367
|gametype|doubles
|player|p1|LOLT_PRA|veteran|1313
|player|p2|complutel|169|1397
|teamsize|p1|6
|teamsize|p2|6
|gen|9
|tier|[Gen 9] VGC 2025 Reg I
|rated|
|rule|Species Clause: Limit one of each Pokémon
|rule|Item Clause: Limit 1 of each item
|clearpoke
|poke|p1|Calyrex-Ice, L50|
|poke|p1|Torkoal, L50, M|
|poke|p1|Indeedee-F, L50, F|
|poke|p1|Kyogre, L50|
|poke|p1|Incineroar, L50, M|
|poke|p1|Rillaboom, L50, F|
|poke|p2|Rayquaza, L50|
|poke|p2|Chien-Pao, L50|
|poke|p2|Lunala, L50|
|poke|p2|Rillaboom, L50, F|
|poke|p2|Ogerpon-Hearthflame, L50, F|
|poke|p2|Kingambit, L50, F|
|teampreview|4
LOLT_PRA has agreed to open team sheets.
|inactive|Battle timer is ON: inactive players will automatically lose when time's up. (requested by complutel)
|inactive|LOLT_PRA has 60 seconds left.
|
|t:|1750846414
|start
|switch|p1a: Calyrex|Calyrex-Ice, L50|100/100
|switch|p1b: Indeedee|Indeedee-F, L50, F|100/100
|switch|p2a: Lunala|Lunala, L50|100/100
|switch|p2b: Kingambit|Kingambit, L50, F|100/100
|-ability|p1a: Calyrex|As One
|-ability|p1a: Calyrex|Unnerve
|-fieldstart|move: Psychic Terrain|[from] ability: Psychic Surge|[of] p1b: Indeedee
|turn|1
|inactive|complutel has 30 seconds left.
|inactive|complutel has 20 seconds left.
|inactive|complutel has 15 seconds left.
|inactive|complutel has 10 seconds left.
|
|t:|1750846461
|move|p1b: Indeedee|Follow Me|p1b: Indeedee
|-singleturn|p1b: Indeedee|move: Follow Me
|move|p2a: Lunala|Meteor Beam||[still]
|-prepare|p2a: Lunala|Meteor Beam
|-boost|p2a: Lunala|spa|1
|-enditem|p2a: Lunala|Power Herb
|-anim|p2a: Lunala|Meteor Beam|p1b: Indeedee
|-damage|p1b: Indeedee|38/100
|-enditem|p1b: Indeedee|Eject Button
|
|t:|1750846475
|switch|p1b: Torkoal|Torkoal, L50, M|100/100
|-weather|SunnyDay|[from] ability: Drought|[of] p1b: Torkoal
|move|p2b: Kingambit|Kowtow Cleave|p1b: Torkoal
|-damage|p1b: Torkoal|53/100
|move|p1a: Calyrex|Trick Room|p1a: Calyrex
|-fieldstart|move: Trick Room|[of] p1a: Calyrex
|
|-weather|SunnyDay|[upkeep]
|upkeep
|turn|2
|
|t:|1750846497
|-terastallize|p1a: Calyrex|Normal
|-terastallize|p2b: Kingambit|Dark
|move|p2a: Lunala|Wide Guard|p2a: Lunala
|-singleturn|p2a: Lunala|Wide Guard
|move|p1b: Torkoal|Overheat|p2a: Lunala
|-damage|p2a: Lunala|63/100
|-unboost|p1b: Torkoal|spa|2
|move|p1a: Calyrex|High Horsepower|p2a: Lunala
|-damage|p2a: Lunala|29/100
|move|p2b: Kingambit|Kowtow Cleave|p1b: Torkoal
|-damage|p1b: Torkoal|0 fnt
|faint|p1b: Torkoal
|
|-weather|SunnyDay|[upkeep]
|upkeep
|
|t:|1750846511
|switch|p1b: Kyogre|Kyogre, L50|100/100
|-weather|RainDance|[from] ability: Drizzle|[of] p1b: Kyogre
|turn|3
|
|t:|1750846522
|move|p2a: Lunala|Wide Guard|p2a: Lunala
|-singleturn|p2a: Lunala|Wide Guard
|move|p1a: Calyrex|High Horsepower|p2a: Lunala
|-damage|p2a: Lunala|0 fnt
|faint|p2a: Lunala
|-ability|p1a: Calyrex|Chilling Neigh|boost
|-boost|p1a: Calyrex|atk|1
|move|p2b: Kingambit|Kowtow Cleave|p1a: Calyrex
|-damage|p1a: Calyrex|46/100
|move|p1b: Kyogre|Water Spout|p2b: Kingambit
|-activate|p2b: Kingambit|move: Wide Guard
|
|-weather|RainDance|[upkeep]
|upkeep
|
|t:|1750846529
|switch|p2a: Rillaboom|Rillaboom, L50, F|100/100
|-fieldstart|move: Grassy Terrain|[from] ability: Grassy Surge|[of] p2a: Rillaboom
|turn|4
|
|t:|1750846540
|move|p1a: Calyrex|Protect|p1a: Calyrex
|-singleturn|p1a: Calyrex|Protect
|move|p1b: Kyogre|Protect|p1b: Kyogre
|-singleturn|p1b: Kyogre|Protect
|move|p2a: Rillaboom|Fake Out|p1b: Kyogre
|-activate|p1b: Kyogre|move: Protect
|move|p2b: Kingambit|Kowtow Cleave|p1a: Calyrex
|-activate|p1a: Calyrex|move: Protect
|
|-weather|RainDance|[upkeep]
|-heal|p1a: Calyrex|52/100|[from] Grassy Terrain
|upkeep
|turn|5
|
|t:|1750846554
|move|p2b: Kingambit|Sucker Punch|p1a: Calyrex
|-damage|p1a: Calyrex|12/100
|move|p2a: Rillaboom|Grassy Glide|p1a: Calyrex
|-damage|p1a: Calyrex|0 fnt
|faint|p1a: Calyrex
|move|p1b: Kyogre|Origin Pulse|p2b: Kingambit|[spread] p2a,p2b
|-resisted|p2a: Rillaboom
|-damage|p2a: Rillaboom|66/100
|-damage|p2b: Kingambit|2/100
|
|-weather|RainDance|[upkeep]
|-heal|p2b: Kingambit|8/100|[from] Grassy Terrain
|-heal|p2a: Rillaboom|72/100|[from] Grassy Terrain
|-fieldend|move: Trick Room
|upkeep
|
|t:|1750846557
|switch|p1a: Indeedee|Indeedee-F, L50, F|38/100
|-fieldstart|move: Psychic Terrain|[from] ability: Psychic Surge|[of] p1a: Indeedee
|turn|6
|
|t:|1750846570
|switch|p2a: Rayquaza|Rayquaza, L50|100/100
|-ability|p2a: Rayquaza|Air Lock
|move|p1b: Kyogre|Protect|p1b: Kyogre
|-singleturn|p1b: Kyogre|Protect
|move|p2b: Kingambit|Protect|p2b: Kingambit
|-singleturn|p2b: Kingambit|Protect
|move|p1a: Indeedee|Trick Room|p1a: Indeedee
|-fieldstart|move: Trick Room|[of] p1a: Indeedee
|
|-weather|RainDance|[upkeep]
|upkeep
|turn|7
|
|t:|1750846591
|switch|p2b: Rillaboom|Rillaboom, L50, F|72/100
|-fieldstart|move: Grassy Terrain|[from] ability: Grassy Surge|[of] p2b: Rillaboom
|move|p1a: Indeedee|Follow Me|p1a: Indeedee
|-singleturn|p1a: Indeedee|move: Follow Me
|move|p1b: Kyogre|Water Spout|p2b: Rillaboom|[spread] p2a,p2b
|-resisted|p2a: Rayquaza
|-resisted|p2b: Rillaboom
|-damage|p2a: Rayquaza|60/100
|-damage|p2b: Rillaboom|41/100
|move|p2a: Rayquaza|Dragon Ascent|p1a: Indeedee
|-damage|p1a: Indeedee|0 fnt
|-unboost|p2a: Rayquaza|def|1
|-unboost|p2a: Rayquaza|spd|1
|faint|p1a: Indeedee
|
|-weather|none
|-heal|p2b: Rillaboom|46/100|[from] Grassy Terrain
|upkeep
|turn|8
|
|t:|1750846604
|move|p1b: Kyogre|Protect|p1b: Kyogre
|-singleturn|p1b: Kyogre|Protect
|move|p2b: Rillaboom|Grassy Glide|p1b: Kyogre
|-activate|p1b: Kyogre|move: Protect
|move|p2a: Rayquaza|Dragon Ascent|p1b: Kyogre
|-activate|p1b: Kyogre|move: Protect
|
|-heal|p2b: Rillaboom|52/100|[from] Grassy Terrain
|upkeep
|turn|9
|
|t:|1750846615
|move|p1b: Kyogre|Ice Beam|p2b: Rillaboom
|-supereffective|p2b: Rillaboom
|-damage|p2b: Rillaboom|3/100
|move|p2b: Rillaboom|Wood Hammer|p1b: Kyogre
|-supereffective|p1b: Kyogre
|-damage|p1b: Kyogre|0 fnt
|faint|p1b: Kyogre
|-damage|p2b: Rillaboom|0 fnt|[from] Recoil
|faint|p2b: Rillaboom
|
|win|complutel
|raw|LOLT_PRA's rating: 1313 &rarr; <strong>1298</strong><br />(-15 for losing)
|raw|complutel's rating: 1397 &rarr; <strong>1412</strong><br />(+15 for winning)
|l|☆complutel
|player|p2|
|l|☆LOLT_PRA
|player|p1|
