|j|☆Gene10
|j|☆bananahammuck
|t:|1750748963
|gametype|doubles
|player|p1|Gene10|170|1542
|player|p2|bananahammuck|266|1497
|teamsize|p1|6
|teamsize|p2|6
|gen|9
|tier|[Gen 9] VGC 2025 Reg I
|rated|
|rule|Species Clause: Limit one of each Pokémon
|rule|Item Clause: Limit 1 of each item
|clearpoke
|poke|p1|Lunala, L50|
|poke|p1|Miraidon, L50|
|poke|p1|Urshifu-*, L50, F|
|poke|p1|Incineroar, L50, M|
|poke|p1|Tornadus, L50, M|
|poke|p1|Rillaboom, L50, M|
|poke|p2|Calyrex-Ice, L50|
|poke|p2|Miraidon, L50|
|poke|p2|Raichu-Alola, L50, F|
|poke|p2|Volcarona, L50, M|
|poke|p2|Scraggy, L50, F|
|poke|p2|Ogerpon-Cornerstone, L50, F|
|teampreview|4
|inactive|Battle timer is ON: inactive players will automatically lose when time's up. (requested by Gene10)
|inactive|Gene10 has 60 seconds left.
|inactive|bananahammuck has 60 seconds left.
|inactive|bananahammuck has 30 seconds left.
|inactive|bananahammuck has 20 seconds left.
|inactive|bananahammuck has 15 seconds left.
|inactive|bananahammuck has 10 seconds left.
|inactive|bananahammuck has 5 seconds left.
|
|t:|1750749053
|start
|switch|p1a: Lunala|Lunala, L50|100/100
|switch|p1b: Miraidon|Miraidon, L50|100/100
|switch|p2a: Miraidon|Miraidon, L50|100/100
|switch|p2b: Raichu|Raichu-Alola, L50, F|100/100
|-fieldstart|move: Electric Terrain|[from] ability: Hadron Engine|[of] p2a: Miraidon
|-activate|p1b: Miraidon|ability: Hadron Engine
|turn|1
|
|t:|1750749075
|switch|p1b: Incineroar|Incineroar, L50, M|100/100
|-ability|p1b: Incineroar|Intimidate|boost
|-unboost|p2a: Miraidon|atk|1
|-unboost|p2b: Raichu|atk|1
|move|p2b: Raichu|Fake Out|p1b: Incineroar
|-damage|p1b: Incineroar|96/100
|-damage|p2b: Raichu|84/100|[from] item: Rocky Helmet|[of] p1b: Incineroar
|move|p2a: Miraidon|Volt Switch|p1a: Lunala
|-damage|p1a: Lunala|77/100
|
|t:|1750749085
|switch|p2a: Volcarona|Volcarona, L50, M|100/100|[from] Volt Switch
|move|p1a: Lunala|Meteor Beam||[still]
|-prepare|p1a: Lunala|Meteor Beam
|-boost|p1a: Lunala|spa|1
|-enditem|p1a: Lunala|Power Herb
|-anim|p1a: Lunala|Meteor Beam|p2b: Raichu
|-damage|p2b: Raichu|0 fnt
|faint|p2b: Raichu
|
|upkeep
|
|t:|1750749095
|switch|p2b: Calyrex|Calyrex-Ice, L50|100/100
|-ability|p2b: Calyrex|As One
|-ability|p2b: Calyrex|Unnerve
|turn|2
|
|t:|1750749108
|move|p2a: Volcarona|Protect|p2a: Volcarona
|-singleturn|p2a: Volcarona|Protect
|move|p2b: Calyrex|Protect|p2b: Calyrex
|-singleturn|p2b: Calyrex|Protect
|move|p1b: Incineroar|Fake Out|p2b: Calyrex
|-activate|p2b: Calyrex|move: Protect
|move|p1a: Lunala|Moongeist Beam|p2a: Volcarona
|-activate|p2a: Volcarona|move: Protect
|
|upkeep
|turn|3
|inactive|Gene10 has 30 seconds left.
|inactive|bananahammuck has 30 seconds left.
|inactive|bananahammuck has 20 seconds left.
|
|t:|1750749145
|move|p2a: Volcarona|Rage Powder|p2a: Volcarona
|-singleturn|p2a: Volcarona|move: Rage Powder
|move|p1a: Lunala|Moongeist Beam|p2a: Volcarona
|-damage|p2a: Volcarona|33/100
|move|p1b: Incineroar|Knock Off|p2a: Volcarona
|-damage|p2a: Volcarona|0 fnt
|-damage|p1b: Incineroar|79/100|[from] item: Rocky Helmet|[of] p2a: Volcarona
|-enditem|p2a: Volcarona|Rocky Helmet|[from] move: Knock Off|[of] p1b: Incineroar
|faint|p2a: Volcarona
|move|p2b: Calyrex|High Horsepower|p1b: Incineroar
|-supereffective|p1b: Incineroar
|-damage|p1b: Incineroar|0 fnt
|-damage|p2b: Calyrex|84/100|[from] item: Rocky Helmet|[of] p1b: Incineroar
|faint|p1b: Incineroar
|-ability|p2b: Calyrex|Chilling Neigh|boost
|-boost|p2b: Calyrex|atk|1
|
|upkeep
|
|t:|1750749165
|switch|p2a: Miraidon|Miraidon, L50|100/100
|switch|p1b: Miraidon|Miraidon, L50|100/100
|-activate|p2a: Miraidon|ability: Hadron Engine
|-activate|p1b: Miraidon|ability: Hadron Engine
|turn|4
|inactive|bananahammuck has 30 seconds left.
|inactive|bananahammuck has 20 seconds left.
|
|t:|1750749202
|-terastallize|p1b: Miraidon|Electric
|-terastallize|p2b: Calyrex|Normal
|move|p2a: Miraidon|Draco Meteor|p1b: Miraidon
|-damage|p1b: Miraidon|29/100
|-unboost|p2a: Miraidon|spa|2
|move|p1b: Miraidon|Electro Drift|p2b: Calyrex
|-damage|p2b: Calyrex|0 fnt
|faint|p2b: Calyrex
|move|p1a: Lunala|Moongeist Beam|p2a: Miraidon
|-damage|p2a: Miraidon|49/100
|
|upkeep
|turn|5
|-message|bananahammuck forfeited.
|
|win|Gene10
|raw|Gene10's rating: 1542 &rarr; <strong>1559</strong><br />(+17 for winning)
|raw|bananahammuck's rating: 1497 &rarr; <strong>1480</strong><br />(-17 for losing)
|l|☆bananahammuck
|player|p2|
|l|☆Gene10
|player|p1|
