|j|☆KogaJunior23
|j|☆alice7575
|t:|1750802272
|gametype|doubles
|player|p1|KogaJunior23|koga|1485
|player|p2|alice7575|nurse|1471
|teamsize|p1|6
|teamsize|p2|6
|gen|9
|tier|[Gen 9] VGC 2025 Reg I
|rated|
|rule|Species Clause: Limit one of each Pokémon
|rule|Item Clause: Limit 1 of each item
|clearpoke
|poke|p1|Kyogre, L50|
|poke|p1|Zacian-*, L50|
|poke|p1|Beartic, L50, M|
|poke|p1|Amoonguss, L50, F|
|poke|p1|Tornadus, L50, M|
|poke|p1|Landorus, L50, M|
|poke|p2|Calyrex-Shadow, L50|
|poke|p2|Maushold-Four, L50|
|poke|p2|Indeedee-F, L50, F|
|poke|p2|Flutter Mane, L50|
|poke|p2|Roaring Moon, L50|
|poke|p2|Groudon, L50|
|teampreview|4
|inactive|Battle timer is ON: inactive players will automatically lose when time's up. (requested by KogaJunior23)
|
|t:|1750802306
|start
|switch|p1a: Tornadus|Tornadus, L50, M|100/100
|switch|p1b: Kyogre|Kyogre, L50|100/100
|switch|p2a: Roaring Moon|Roaring Moon, L50|100/100
|switch|p2b: Groudon|Groudon, L50|100/100
|-weather|SunnyDay|[from] ability: Drought|[of] p2b: Groudon
|-activate|p2a: Roaring Moon|ability: Protosynthesis
|-start|p2a: Roaring Moon|protosynthesisspe
|-weather|RainDance|[from] ability: Drizzle|[of] p1b: Kyogre
|-end|p2a: Roaring Moon|Protosynthesis
|-enditem|p2a: Roaring Moon|Booster Energy
|-activate|p2a: Roaring Moon|ability: Protosynthesis|[fromitem]
|-start|p2a: Roaring Moon|protosynthesisspe
|turn|1
|
|t:|1750802328
|move|p2b: Groudon|Protect|p2b: Groudon
|-singleturn|p2b: Groudon|Protect
|move|p1a: Tornadus|Tailwind|p1a: Tornadus
|-sidestart|p1: KogaJunior23|move: Tailwind
|move|p2a: Roaring Moon|Tailwind|p2a: Roaring Moon
|-sidestart|p2: alice7575|move: Tailwind
|move|p1b: Kyogre|Water Spout|p2b: Groudon|[spread] p2a
|-activate|p2b: Groudon|move: Protect
|-resisted|p2a: Roaring Moon
|-damage|p2a: Roaring Moon|46/100
|
|-weather|RainDance|[upkeep]
|upkeep
|turn|2
|
|t:|1750802350
|move|p2a: Roaring Moon|Knock Off|p1b: Kyogre
|-damage|p1b: Kyogre|54/100
|-enditem|p1b: Kyogre|Mystic Water|[from] move: Knock Off|[of] p2a: Roaring Moon
|move|p1a: Tornadus|Bleakwind Storm|p2a: Roaring Moon|[spread] p2a,p2b
|-damage|p2a: Roaring Moon|14/100
|-damage|p2b: Groudon|65/100
|move|p2b: Groudon|Thunder Punch|p1a: Tornadus
|-supereffective|p1a: Tornadus
|-damage|p1a: Tornadus|48/100
|move|p1b: Kyogre|Origin Pulse|p2a: Roaring Moon|[spread] p2a,p2b
|-resisted|p2a: Roaring Moon
|-supereffective|p2b: Groudon
|-damage|p2a: Roaring Moon|0 fnt
|-damage|p2b: Groudon|0 fnt
|faint|p2a: Roaring Moon
|-end|p2a: Roaring Moon|Protosynthesis|[silent]
|faint|p2b: Groudon
|
|-weather|RainDance|[upkeep]
|upkeep
|
|t:|1750802370
|switch|p2a: Indeedee|Indeedee-F, L50, F|100/100
|switch|p2b: Calyrex|Calyrex-Shadow, L50|100/100
|-ability|p2b: Calyrex|As One
|-ability|p2b: Calyrex|Unnerve
|-fieldstart|move: Psychic Terrain|[from] ability: Psychic Surge|[of] p2a: Indeedee
|turn|3
|
|t:|1750802392
|switch|p1a: Zacian|Zacian-Crowned, L50|100/100
|-ability|p1a: Zacian|Intrepid Sword|boost
|-boost|p1a: Zacian|atk|1
|-terastallize|p2b: Calyrex|Ghost
|move|p2a: Indeedee|Helping Hand|p2b: Calyrex
|-singleturn|p2b: Calyrex|Helping Hand|[of] p2a: Indeedee
|move|p1b: Kyogre|Protect|p1b: Kyogre
|-singleturn|p1b: Kyogre|Protect
|move|p2b: Calyrex|Astral Barrage|p1a: Zacian|[spread] p1a
|-activate|p1b: Kyogre|move: Protect
|-damage|p1a: Zacian|0 fnt
|faint|p1a: Zacian
|-ability|p2b: Calyrex|Grim Neigh|boost
|-boost|p2b: Calyrex|spa|1
|
|-weather|RainDance|[upkeep]
|upkeep
|
|t:|1750802413
|switch|p1a: Beartic|Beartic, L50, M, shiny|100/100
|turn|4
|
|t:|1750802437
|move|p1b: Kyogre|Protect||[still]
|-fail|p1b: Kyogre
|move|p2a: Indeedee|Follow Me|p2a: Indeedee
|-singleturn|p2a: Indeedee|move: Follow Me
|move|p1a: Beartic|Night Slash|p2a: Indeedee
|-supereffective|p2a: Indeedee
|-damage|p2a: Indeedee|51/100
|move|p2b: Calyrex|Astral Barrage|p1a: Beartic|[spread] p1a,p1b
|-damage|p1a: Beartic|0 fnt
|-damage|p1b: Kyogre|0 fnt
|faint|p1a: Beartic
|faint|p1b: Kyogre
|-ability|p2b: Calyrex|Grim Neigh|boost
|-boost|p2b: Calyrex|spa|2
|
|-weather|RainDance|[upkeep]
|-sideend|p2: alice7575|move: Tailwind
|-sideend|p1: KogaJunior23|move: Tailwind
|upkeep
|
|t:|1750802446
|switch|p1b: Tornadus|Tornadus, L50, M|48/100
|turn|5
|
|t:|1750802458
|-terastallize|p1b: Tornadus|Dark
|move|p2a: Indeedee|Helping Hand|p2b: Calyrex
|-singleturn|p2b: Calyrex|Helping Hand|[of] p2a: Indeedee
|move|p1b: Tornadus|Tailwind|p1b: Tornadus
|-sidestart|p1: KogaJunior23|move: Tailwind
|move|p2b: Calyrex|Astral Barrage|p1b: Tornadus
|-resisted|p1b: Tornadus
|-damage|p1b: Tornadus|0 fnt
|faint|p1b: Tornadus
|
|win|alice7575
|raw|KogaJunior23's rating: 1485 &rarr; <strong>1464</strong><br />(-21 for losing)
|raw|alice7575's rating: 1471 &rarr; <strong>1492</strong><br />(+21 for winning)
|c|☆KogaJunior23|Gg
|l|☆alice7575
|player|p2|
