|j|☆ItsZachStone
|j|☆VgcGigaNoob
|t:|1750805940
|gametype|doubles
|player|p1|ItsZachStone|flannery|1345
|player|p2|VgcGigaNoob|265|1357
|teamsize|p1|6
|teamsize|p2|6
|gen|9
|tier|[Gen 9] VGC 2025 Reg I
|rated|
|rule|Species Clause: Limit one of each Pokémon
|rule|Item Clause: Limit 1 of each item
|clearpoke
|poke|p1|Toxicroak, L50, M|
|poke|p1|Calyrex-Ice, L50|
|poke|p1|Rillaboom, L50, M|
|poke|p1|Landorus-Therian, L50, M|
|poke|p1|Kyogre, L50|
|poke|p1|Amoonguss, L50, M|
|poke|p2|Iron Leaves, L50|
|poke|p2|Miraidon, L50|
|poke|p2|Whimsicott, L50, M|
|poke|p2|Zamazenta-*, L50|
|poke|p2|Incineroar, L50, F|
|poke|p2|Pincurchin, L50, M|
|teampreview|4
|inactive|Battle timer is ON: inactive players will automatically lose when time's up. (requested by ItsZachStone)
|inactive|VgcGigaNoob has 60 seconds left.
|
|t:|1750805992
|start
|switch|p1a: Toxicroak|Toxicroak, L50, M|100/100
|switch|p1b: Kyogre|Kyogre, L50|100/100
|switch|p2a: Miraidon|Miraidon, L50|100/100
|switch|p2b: Iron Leaves|Iron Leaves, L50|100/100
|-fieldstart|move: Electric Terrain|[from] ability: Hadron Engine|[of] p2a: Miraidon
|-activate|p2b: Iron Leaves|ability: Quark Drive
|-start|p2b: Iron Leaves|quarkdriveatk
|-weather|RainDance|[from] ability: Drizzle|[of] p1b: Kyogre
|turn|1
|
|t:|1750806008
|move|p1a: Toxicroak|Fake Out|p2a: Miraidon
|-damage|p2a: Miraidon|87/100
|cant|p2a: Miraidon|flinch
|move|p2b: Iron Leaves|Psyblade|p1a: Toxicroak
|-supereffective|p1a: Toxicroak
|-enditem|p1a: Toxicroak|Focus Sash
|-damage|p1a: Toxicroak|1/100
|-damage|p2b: Iron Leaves|91/100|[from] item: Life Orb
|move|p1b: Kyogre|Water Spout|p2b: Iron Leaves|[spread] p2a,p2b
|-resisted|p2a: Miraidon
|-resisted|p2b: Iron Leaves
|-damage|p2a: Miraidon|37/100
|-damage|p2b: Iron Leaves|34/100
|
|-weather|RainDance|[upkeep]
|-heal|p1a: Toxicroak|13/100|[from] ability: Dry Skin
|upkeep
|turn|2
|
|t:|1750806029
|switch|p1a: Rillaboom|Rillaboom, L50, M|100/100
|-fieldstart|move: Grassy Terrain|[from] ability: Grassy Surge|[of] p1a: Rillaboom
|-end|p2b: Iron Leaves|Quark Drive
|-terastallize|p1b: Kyogre|Grass
|move|p2a: Miraidon|Volt Switch|p1a: Rillaboom
|-resisted|p1a: Rillaboom
|-damage|p1a: Rillaboom|87/100
|
|t:|1750806037
|switch|p2a: Pincurchin|Pincurchin, L50, M|100/100|[from] Volt Switch
|-fieldstart|move: Electric Terrain|[from] ability: Electric Surge|[of] p2a: Pincurchin
|-activate|p2b: Iron Leaves|ability: Quark Drive
|-start|p2b: Iron Leaves|quarkdriveatk
|-enditem|p2a: Pincurchin|Electric Seed
|-boost|p2a: Pincurchin|def|1|[from] item: Electric Seed
|move|p2b: Iron Leaves|Psyblade|p1b: Kyogre
|-damage|p1b: Kyogre|0 fnt
|faint|p1b: Kyogre
|-damage|p2b: Iron Leaves|24/100|[from] item: Life Orb
|
|-weather|RainDance|[upkeep]
|upkeep
|
|t:|1750806051
|switch|p1b: Calyrex|Calyrex-Ice, L50|100/100
|-ability|p1b: Calyrex|As One
|-ability|p1b: Calyrex|Unnerve
|turn|3
|inactive|VgcGigaNoob has 30 seconds left.
|inactive|VgcGigaNoob has 20 seconds left.
|
|t:|1750806086
|move|p1a: Rillaboom|Fake Out|p2b: Iron Leaves
|-crit|p2b: Iron Leaves
|-damage|p2b: Iron Leaves|0 fnt
|faint|p2b: Iron Leaves
|-end|p2b: Iron Leaves|Quark Drive|[silent]
|move|p2a: Pincurchin|Chilling Water|p1a: Rillaboom
|-resisted|p1a: Rillaboom
|-damage|p1a: Rillaboom|82/100
|-unboost|p1a: Rillaboom|atk|1
|move|p1b: Calyrex|Trick Room|p1b: Calyrex
|-fieldstart|move: Trick Room|[of] p1b: Calyrex
|
|-weather|RainDance|[upkeep]
|upkeep
|
|t:|1750806095
|switch|p2b: Zamazenta|Zamazenta-Crowned, L50|100/100
|-ability|p2b: Zamazenta|Dauntless Shield|boost
|-boost|p2b: Zamazenta|def|1
|turn|4
|
|t:|1750806109
|move|p2a: Pincurchin|Chilling Water|p1b: Calyrex
|-crit|p1b: Calyrex
|-damage|p1b: Calyrex|83/100
|-unboost|p1b: Calyrex|atk|1
|move|p1b: Calyrex|Leech Seed|p2b: Zamazenta
|-start|p2b: Zamazenta|move: Leech Seed
|move|p1a: Rillaboom|U-turn|p2b: Zamazenta
|-resisted|p2b: Zamazenta
|-damage|p2b: Zamazenta|99/100
|
|t:|1750806119
|switch|p1a: Toxicroak|Toxicroak, L50, M|13/100|[from] U-turn
|move|p2b: Zamazenta|Coaching|p2a: Pincurchin
|-boost|p2a: Pincurchin|atk|1
|-boost|p2a: Pincurchin|def|1
|
|-weather|RainDance|[upkeep]
|-heal|p1a: Toxicroak|25/100|[from] ability: Dry Skin
|-heal|p1b: Calyrex|88/100|[from] item: Leftovers
|-damage|p2b: Zamazenta|87/100|[from] Leech Seed|[of] p1b: Calyrex
|-heal|p1b: Calyrex|99/100|[silent]
|upkeep
|turn|5
|inactive|ItsZachStone has 30 seconds left.
|inactive|VgcGigaNoob has 30 seconds left.
|
|t:|1750806147
|move|p2b: Zamazenta|Protect|p2b: Zamazenta
|-singleturn|p2b: Zamazenta|Protect
|move|p2a: Pincurchin|Chilling Water|p1b: Calyrex
|-damage|p1b: Calyrex|90/100
|-unboost|p1b: Calyrex|atk|1
|move|p1b: Calyrex|Glacial Lance|p2b: Zamazenta|[spread] p2a
|-activate|p2b: Zamazenta|move: Protect
|-damage|p2a: Pincurchin|90/100
|move|p1a: Toxicroak|Coaching|p1b: Calyrex
|-boost|p1b: Calyrex|atk|1
|-boost|p1b: Calyrex|def|1
|
|-weather|none
|-heal|p1b: Calyrex|96/100|[from] item: Leftovers
|-damage|p2b: Zamazenta|75/100|[from] Leech Seed|[of] p1b: Calyrex
|-heal|p1b: Calyrex|100/100|[silent]
|upkeep
|turn|6
|
|t:|1750806168
|move|p2a: Pincurchin|Chilling Water|p1b: Calyrex
|-damage|p1b: Calyrex|93/100
|-unboost|p1b: Calyrex|atk|1
|move|p1b: Calyrex|Leech Seed|p2a: Pincurchin|[miss]
|-miss|p1b: Calyrex|p2a: Pincurchin
|move|p1a: Toxicroak|Close Combat|p2b: Zamazenta
|-supereffective|p2b: Zamazenta
|-damage|p2b: Zamazenta|24/100
|-unboost|p1a: Toxicroak|def|1
|-unboost|p1a: Toxicroak|spd|1
|move|p2b: Zamazenta|Body Press|p1a: Toxicroak
|-resisted|p1a: Toxicroak
|-damage|p1a: Toxicroak|0 fnt
|faint|p1a: Toxicroak
|
|-heal|p1b: Calyrex|99/100|[from] item: Leftovers
|-damage|p2b: Zamazenta|12/100|[from] Leech Seed|[of] p1b: Calyrex
|-heal|p1b: Calyrex|100/100|[silent]
|-fieldend|move: Electric Terrain
|upkeep
|
|t:|1750806183
|switch|p1a: Rillaboom|Rillaboom, L50, M|82/100
|-fieldstart|move: Grassy Terrain|[from] ability: Grassy Surge|[of] p1a: Rillaboom
|turn|7
|inactive|VgcGigaNoob has 30 seconds left.
|
|t:|1750806212
|move|p1a: Rillaboom|Fake Out|p2a: Pincurchin
|-damage|p2a: Pincurchin|84/100
|cant|p2a: Pincurchin|flinch
|move|p1b: Calyrex|Leech Seed|p2a: Pincurchin
|-start|p2a: Pincurchin|move: Leech Seed
|move|p2b: Zamazenta|Body Press|p1a: Rillaboom
|-damage|p1a: Rillaboom|30/100
|
|-heal|p2a: Pincurchin|90/100|[from] Grassy Terrain
|-heal|p1a: Rillaboom|36/100|[from] Grassy Terrain
|-heal|p2b: Zamazenta|18/100|[from] Grassy Terrain
|-damage|p2a: Pincurchin|77/100|[from] Leech Seed|[of] p1b: Calyrex
|-damage|p2b: Zamazenta|6/100|[from] Leech Seed|[of] p1b: Calyrex
|-fieldend|move: Trick Room
|upkeep
|turn|8
|
|t:|1750806234
|move|p1a: Rillaboom|Grassy Glide|p2b: Zamazenta
|-resisted|p2b: Zamazenta
|-damage|p2b: Zamazenta|0 fnt
|faint|p2b: Zamazenta
|move|p2a: Pincurchin|Chilling Water|p1b: Calyrex
|-damage|p1b: Calyrex|94/100
|-unboost|p1b: Calyrex|atk|1
|move|p1b: Calyrex|Trick Room|p1b: Calyrex
|-fieldstart|move: Trick Room|[of] p1b: Calyrex
|
|-heal|p2a: Pincurchin|83/100|[from] Grassy Terrain
|-heal|p1b: Calyrex|99/100|[from] Grassy Terrain
|-heal|p1b: Calyrex|100/100|[from] item: Leftovers
|-heal|p1a: Rillaboom|42/100|[from] Grassy Terrain
|-damage|p2a: Pincurchin|71/100|[from] Leech Seed|[of] p1b: Calyrex
|upkeep
|
|t:|1750806247
|switch|p2b: Miraidon|Miraidon, L50|37/100
|-fieldstart|move: Electric Terrain|[from] ability: Hadron Engine|[of] p2b: Miraidon
|turn|9
|inactive|VgcGigaNoob has 30 seconds left.
|inactive|VgcGigaNoob has 20 seconds left.
|inactive|VgcGigaNoob has 15 seconds left.
|
|t:|1750806288
|move|p2a: Pincurchin|Sucker Punch|p1a: Rillaboom
|-damage|p1a: Rillaboom|17/100
|move|p1b: Calyrex|Glacial Lance|p2b: Miraidon|[spread] p2a,p2b
|-crit|p2a: Pincurchin
|-supereffective|p2b: Miraidon
|-damage|p2a: Pincurchin|7/100
|-damage|p2b: Miraidon|0 fnt
|faint|p2b: Miraidon
|-ability|p1b: Calyrex|Chilling Neigh|boost
|-boost|p1b: Calyrex|atk|1
|move|p1a: Rillaboom|Wood Hammer|p2a: Pincurchin
|-damage|p2a: Pincurchin|0 fnt
|faint|p2a: Pincurchin
|-damage|p1a: Rillaboom|16/100|[from] Recoil
|
|win|ItsZachStone
|raw|ItsZachStone's rating: 1345 &rarr; <strong>1366</strong><br />(+21 for winning)
|raw|VgcGigaNoob's rating: 1357 &rarr; <strong>1336</strong><br />(-21 for losing)
|c|☆VgcGigaNoob|huge crits gg
|c|☆ItsZachStone|Gg
|l|☆VgcGigaNoob
|player|p2|
|l|☆ItsZachStone
|player|p1|
