|j|☆harshachanamolu
|j|☆nsbnsb
|t:|1750803168
|gametype|doubles
|player|p1|harshachanamolu|2|1335
|player|p2|nsbnsb|ghetsis|1391
|teamsize|p1|6
|teamsize|p2|6
|gen|9
|tier|[Gen 9] VGC 2025 Reg I
|rated|
|rule|Species Clause: Limit one of each Pokémon
|rule|Item Clause: Limit 1 of each item
|clearpoke
|poke|p1|Calyrex-Ice, L50|
|poke|p1|Groudon, L50|
|poke|p1|Trevenant, L50, M|
|poke|p1|Indeedee-F, L50, F|
|poke|p1|Incineroar, L50, F|
|poke|p1|Torkoal, L50, F|
|poke|p2|Calyrex-Shadow, L50|
|poke|p2|Zamazenta-*, L50|
|poke|p2|Rillaboom, L50, F|
|poke|p2|Raging Bolt, L50|
|poke|p2|Smeargle, L50, M|
|poke|p2|Tornadus, L50, M|
|teampreview|4
|inactive|Battle timer is ON: inactive players will automatically lose when time's up. (requested by nsbnsb)
|j| LowkeyLokei
|inactive|harshachanamolu has 60 seconds left.
|
|t:|1750803225
|start
|switch|p1a: Trevenant|Trevenant, L50, M|100/100
|switch|p1b: Groudon|Groudon, L50|100/100
|switch|p2a: Calyrex|Calyrex-Shadow, L50|100/100
|switch|p2b: Smeargle|Smeargle, L50, M|100/100
|-ability|p2a: Calyrex|As One
|-ability|p2a: Calyrex|Unnerve
|-weather|SunnyDay|[from] ability: Drought|[of] p1b: Groudon
|turn|1
|
|t:|1750803234
|switch|p1b: Indeedee|Indeedee-F, L50, F|100/100
|-fieldstart|move: Psychic Terrain|[from] ability: Psychic Surge|[of] p1b: Indeedee
|-enditem|p1b: Indeedee|Psychic Seed
|-boost|p1b: Indeedee|spd|1|[from] item: Psychic Seed
|-terastallize|p2a: Calyrex|Dark
|-terastallize|p1a: Trevenant|Dark
|move|p2b: Smeargle|Fake Out|p1b: Indeedee
|-activate|p1b: Indeedee|move: Psychic Terrain
|move|p2a: Calyrex|Nasty Plot|p2a: Calyrex
|-boost|p2a: Calyrex|spa|2
|move|p1a: Trevenant|Trick Room|p1a: Trevenant
|-fieldstart|move: Trick Room|[of] p1a: Trevenant
|
|-weather|SunnyDay|[upkeep]
|-ability|p2b: Smeargle|Moody|boost
|-boost|p2b: Smeargle|atk|2
|-unboost|p2b: Smeargle|spe|1
|upkeep
|turn|2
|inactive|harshachanamolu has 30 seconds left.
|
|t:|1750803268
|move|p2b: Smeargle|Follow Me|p2b: Smeargle
|-singleturn|p2b: Smeargle|move: Follow Me
|move|p1b: Indeedee|Follow Me|p1b: Indeedee
|-singleturn|p1b: Indeedee|move: Follow Me
|move|p1a: Trevenant|Horn Leech|p2b: Smeargle
|-damage|p2b: Smeargle|25/100
|move|p2a: Calyrex|Astral Barrage|p1b: Indeedee|[spread] p1a
|-immune|p1b: Indeedee
|-resisted|p1a: Trevenant
|-damage|p1a: Trevenant|38/100
|-damage|p2a: Calyrex|91/100|[from] item: Life Orb
|
|-weather|SunnyDay|[upkeep]
|-ability|p2b: Smeargle|Moody|boost
|-boost|p2b: Smeargle|atk|2
|-unboost|p2b: Smeargle|spe|1
|upkeep
|turn|3
|
|t:|1750803290
|move|p2b: Smeargle|Follow Me|p2b: Smeargle
|-singleturn|p2b: Smeargle|move: Follow Me
|move|p1a: Trevenant|Horn Leech|p2b: Smeargle
|-damage|p2b: Smeargle|0 fnt
|-heal|p1a: Trevenant|49/100|[from] drain|[of] p2b: Smeargle
|faint|p2b: Smeargle
|move|p1b: Indeedee|Shadow Ball|p2a: Calyrex
|-resisted|p2a: Calyrex
|-damage|p2a: Calyrex|82/100
|-unboost|p2a: Calyrex|spd|1
|move|p2a: Calyrex|Astral Barrage|p1a: Trevenant|[spread] p1a
|-immune|p1b: Indeedee
|-resisted|p1a: Trevenant
|-damage|p1a: Trevenant|0 fnt
|faint|p1a: Trevenant
|-ability|p2a: Calyrex|Grim Neigh|boost
|-boost|p2a: Calyrex|spa|1
|-damage|p2a: Calyrex|72/100|[from] item: Life Orb
|
|-weather|SunnyDay|[upkeep]
|upkeep
|
|t:|1750803315
|switch|p1a: Groudon|Groudon, L50|100/100
|switch|p2b: Rillaboom|Rillaboom, L50, F|100/100
|-fieldstart|move: Grassy Terrain|[from] ability: Grassy Surge|[of] p2b: Rillaboom
|turn|4
|
|t:|1750803327
|move|p2b: Rillaboom|Fake Out|p1a: Groudon
|-damage|p1a: Groudon|91/100
|move|p1b: Indeedee|Follow Me|p1b: Indeedee
|-singleturn|p1b: Indeedee|move: Follow Me
|cant|p1a: Groudon|flinch
|move|p2a: Calyrex|Psychic|p1b: Indeedee
|-resisted|p1b: Indeedee
|-damage|p1b: Indeedee|44/100
|-damage|p2a: Calyrex|63/100|[from] item: Life Orb
|
|-weather|SunnyDay|[upkeep]
|-heal|p1b: Indeedee|50/100|[from] Grassy Terrain
|-heal|p1a: Groudon|97/100|[from] Grassy Terrain
|-heal|p2a: Calyrex|68/100|[from] Grassy Terrain
|upkeep
|turn|5
|inactive|nsbnsb has 30 seconds left.
|
|t:|1750803355
|move|p1b: Indeedee|Follow Me|p1b: Indeedee
|-singleturn|p1b: Indeedee|move: Follow Me
|move|p2b: Rillaboom|Wood Hammer|p1b: Indeedee
|-damage|p1b: Indeedee|0 fnt
|faint|p1b: Indeedee
|-damage|p2b: Rillaboom|86/100|[from] Recoil
|move|p1a: Groudon|Precipice Blades|p2b: Rillaboom|[spread] p2a,p2b
|-resisted|p2b: Rillaboom
|-damage|p2a: Calyrex|0 fnt
|-damage|p2b: Rillaboom|58/100
|faint|p2a: Calyrex
|
|-weather|none
|-heal|p2b: Rillaboom|65/100|[from] Grassy Terrain
|-heal|p1a: Groudon|100/100|[from] Grassy Terrain
|-fieldend|move: Trick Room
|upkeep
|
|t:|1750803365
|switch|p2a: Zamazenta|Zamazenta-Crowned, L50|100/100
|switch|p1b: Calyrex|Calyrex-Ice, L50|100/100
|-ability|p1b: Calyrex|As One
|-ability|p1b: Calyrex|Unnerve
|-ability|p2a: Zamazenta|Dauntless Shield|boost
|-boost|p2a: Zamazenta|def|1
|turn|6
|
|t:|1750803376
|move|p2a: Zamazenta|Wide Guard|p2a: Zamazenta
|-singleturn|p2a: Zamazenta|Wide Guard
|move|p1a: Groudon|Heat Crash|p2a: Zamazenta
|-supereffective|p2a: Zamazenta
|-damage|p2a: Zamazenta|87/100
|move|p2b: Rillaboom|Wood Hammer|p1a: Groudon
|-supereffective|p1a: Groudon
|-damage|p1a: Groudon|0 fnt
|faint|p1a: Groudon
|-damage|p2b: Rillaboom|32/100|[from] Recoil
|move|p1b: Calyrex|Trick Room|p1b: Calyrex
|-fieldstart|move: Trick Room|[of] p1b: Calyrex
|
|-heal|p2b: Rillaboom|38/100|[from] Grassy Terrain
|-heal|p2a: Zamazenta|93/100|[from] Grassy Terrain
|upkeep
|turn|7
|inactive|nsbnsb has 30 seconds left.
|
|t:|1750803405
|move|p2a: Zamazenta|Wide Guard|p2a: Zamazenta
|-singleturn|p2a: Zamazenta|Wide Guard
|move|p1b: Calyrex|Tera Blast|p2b: Rillaboom
|-damage|p2b: Rillaboom|28/100
|move|p2b: Rillaboom|Wood Hammer|p1b: Calyrex
|-damage|p1b: Calyrex|54/100
|-damage|p2b: Rillaboom|12/100|[from] Recoil
|
|-heal|p1b: Calyrex|60/100|[from] Grassy Terrain
|-heal|p2b: Rillaboom|18/100|[from] Grassy Terrain
|-heal|p2a: Zamazenta|99/100|[from] Grassy Terrain
|upkeep
|turn|8
|
|t:|1750803417
|move|p2b: Rillaboom|Grassy Glide|p1b: Calyrex
|-crit|p1b: Calyrex
|-damage|p1b: Calyrex|27/100
|move|p1b: Calyrex|Glacial Lance|p2a: Zamazenta|[spread] p2a,p2b
|-resisted|p2a: Zamazenta
|-supereffective|p2b: Rillaboom
|-crit|p2b: Rillaboom
|-damage|p2a: Zamazenta|89/100
|-damage|p2b: Rillaboom|0 fnt
|faint|p2b: Rillaboom
|-ability|p1b: Calyrex|Chilling Neigh|boost
|-boost|p1b: Calyrex|atk|1
|move|p2a: Zamazenta|Body Press|p1b: Calyrex
|-damage|p1b: Calyrex|0 fnt
|faint|p1b: Calyrex
|
|win|nsbnsb
|raw|harshachanamolu's rating: 1335 &rarr; <strong>1317</strong><br />(-18 for losing)
|raw|nsbnsb's rating: 1374 &rarr; <strong>1392</strong><br />(+18 for winning)
|l|☆nsbnsb
|player|p2|
|l|☆harshachanamolu
|player|p1|
