|j|☆huynhphuocdien
|j|☆cali28
|t:|1750739088
|gametype|doubles
|player|p1|huynhphuocdien|266|1235
|player|p2|cali28|bellelba|1190
|teamsize|p1|6
|teamsize|p2|6
|gen|9
|tier|[Gen 9] VGC 2025 Reg I
|rated|
|rule|Species Clause: Limit one of each Pokémon
|rule|Item Clause: Limit 1 of each item
|clearpoke
|poke|p1|Miraidon, L50|
|poke|p1|Whimsicott, L50, M|
|poke|p1|Raging Bolt, L50|
|poke|p1|Incineroar, L50, M|
|poke|p1|Koraidon, L50|
|poke|p1|Flutter Mane, L50|
|poke|p2|Eternatus, L50|
|poke|p2|Wo-Chien, L50|
|poke|p2|Kyogre, L50|
|poke|p2|Tornadus, L50, M|
|poke|p2|Incineroar, L50, F|
|poke|p2|Landorus, L50, M|
|teampreview|4
|inactive|Battle timer is ON: inactive players will automatically lose when time's up. (requested by cali28)
|inactive|huynhphuocdien has 60 seconds left.
|inactive|cali28 has 60 seconds left.
|inactive|cali28 has 30 seconds left.
|c|☆huynhphuocdien|wait
|c|☆huynhphuocdien|Cali?
|c|☆cali28|uhh sure
|c|☆cali28|why
|inactive|cali28 has 20 seconds left.
|c|☆huynhphuocdien|nothing
|inactive|cali28 has 15 seconds left.
|c|☆cali28|wdym
|inactive|cali28 has 10 seconds left.
|inactive|cali28 has 5 seconds left.
|
|t:|1750739175
|start
|switch|p1a: Raging Bolt|Raging Bolt, L50|100/100
|switch|p1b: Miraidon|Miraidon, L50|100/100
|switch|p2a: Tornadus|Tornadus, L50, M|100/100
|switch|p2b: Kyogre|Kyogre, L50|100/100
|-fieldstart|move: Electric Terrain|[from] ability: Hadron Engine|[of] p1b: Miraidon
|-weather|RainDance|[from] ability: Drizzle|[of] p2b: Kyogre
|turn|1
|inactive|huynhphuocdien has 30 seconds left.
|
|t:|1750739202
|-terastallize|p2b: Kyogre|Grass
|move|p2a: Tornadus|Tailwind|p2a: Tornadus
|-sidestart|p2: cali28|move: Tailwind
|move|p1a: Raging Bolt|Thunderclap|p2b: Kyogre
|-resisted|p2b: Kyogre
|-damage|p2b: Kyogre|83/100
|move|p2b: Kyogre|Origin Pulse|p1a: Raging Bolt|[spread] p1a,p1b
|-resisted|p1a: Raging Bolt
|-resisted|p1b: Miraidon
|-crit|p1b: Miraidon
|-damage|p1a: Raging Bolt|75/100
|-damage|p1b: Miraidon|42/100
|move|p1b: Miraidon|Volt Switch|p2b: Kyogre
|-resisted|p2b: Kyogre
|-damage|p2b: Kyogre|48/100
|
|t:|1750739217
|switch|p1b: Whimsicott|Whimsicott, L50, M, shiny|100/100|[from] Volt Switch
|
|-weather|RainDance|[upkeep]
|upkeep
|turn|2
|
|t:|1750739231
|switch|p2b: Landorus|Landorus, L50, M|100/100
|move|p1b: Whimsicott|Sunny Day|p1b: Whimsicott
|-weather|SunnyDay
|-activate|p1a: Raging Bolt|ability: Protosynthesis
|-start|p1a: Raging Bolt|protosynthesisspa
|move|p2a: Tornadus|Bleakwind Storm|p1b: Whimsicott|[spread] p1a,p1b
|-resisted|p1a: Raging Bolt
|-supereffective|p1b: Whimsicott
|-crit|p1b: Whimsicott
|-damage|p1a: Raging Bolt|64/100
|-damage|p1b: Whimsicott|0 fnt
|faint|p1b: Whimsicott
|move|p1a: Raging Bolt|Draco Meteor|p2b: Landorus
|-damage|p2b: Landorus|0 fnt
|-unboost|p1a: Raging Bolt|spa|2
|faint|p2b: Landorus
|
|-weather|SunnyDay|[upkeep]
|upkeep
|c|☆huynhphuocdien|Many crits
|inactive|cali28 has 30 seconds left.
|
|t:|1750739261
|switch|p2b: Kyogre|Kyogre, L50, tera:Grass|48/100
|switch|p1b: Miraidon|Miraidon, L50|42/100
|-weather|RainDance|[from] ability: Drizzle|[of] p2b: Kyogre
|-end|p1a: Raging Bolt|Protosynthesis
|-activate|p1b: Miraidon|ability: Hadron Engine
|turn|3
|inactive|huynhphuocdien has 30 seconds left.
|
|t:|1750739287
|switch|p2a: Wo-Chien|Wo-Chien, L50|100/100
|-ability|p2a: Wo-Chien|Tablets of Ruin
|-end|p1a: Raging Bolt|Protosynthesis|[silent]
|switch|p1a: Koraidon|Koraidon, L50|100/100
|-weather|SunnyDay|[from] ability: Orichalcum Pulse|[of] p1a: Koraidon
|-activate|p1a: Koraidon|Orichalcum Pulse|[source]
|move|p2b: Kyogre|Origin Pulse|p1a: Koraidon|[spread] p1b
|-miss|p2b: Kyogre|p1a: Koraidon
|-resisted|p1b: Miraidon
|-damage|p1b: Miraidon|30/100
|move|p1b: Miraidon|Draco Meteor|p2b: Kyogre
|-damage|p2b: Kyogre|0 fnt
|-unboost|p1b: Miraidon|spa|2
|faint|p2b: Kyogre
|
|-weather|SunnyDay|[upkeep]
|upkeep
|
|t:|1750739301
|switch|p2b: Tornadus|Tornadus, L50, M|100/100
|turn|4
|inactive|huynhphuocdien has 30 seconds left.
|inactive|cali28 has 30 seconds left.
|
|t:|1750739332
|switch|p1b: Raging Bolt|Raging Bolt, L50|64/100
|-activate|p1b: Raging Bolt|ability: Protosynthesis
|-start|p1b: Raging Bolt|protosynthesisspa
|move|p2b: Tornadus|Rain Dance|p2b: Tornadus
|-weather|RainDance
|-end|p1b: Raging Bolt|Protosynthesis
|move|p2a: Wo-Chien|Snarl|p1b: Raging Bolt|[spread] p1a,p1b
|-resisted|p1a: Koraidon
|-damage|p1a: Koraidon|93/100
|-damage|p1b: Raging Bolt|55/100
|-unboost|p1a: Koraidon|spa|1
|-unboost|p1b: Raging Bolt|spa|1
|move|p1a: Koraidon|Close Combat|p2a: Wo-Chien
|-supereffective|p2a: Wo-Chien
|-damage|p2a: Wo-Chien|0 fnt
|-unboost|p1a: Koraidon|def|1
|-unboost|p1a: Koraidon|spd|1
|faint|p2a: Wo-Chien
|-damage|p1a: Koraidon|83/100|[from] item: Life Orb
|
|-weather|RainDance|[upkeep]
|-sideend|p2: cali28|move: Tailwind
|upkeep
|turn|5
|-message|cali28 forfeited.
|
|win|huynhphuocdien
|raw|huynhphuocdien's rating: 1235 &rarr; <strong>1257</strong><br />(+22 for winning)
|raw|cali28's rating: 1190 &rarr; <strong>1168</strong><br />(-22 for losing)
|l|☆huynhphuocdien
|player|p1|
|l|☆cali28
|player|p2|
