|j|☆dhrub niney
|j|☆TheMexicanTaco0.6
|t:|1750833833
|gametype|doubles
|player|p1|dhrub niney|norman|1117
|player|p2|TheMexicanTaco0.6|2|1070
|teamsize|p1|6
|teamsize|p2|6
|gen|9
|tier|[Gen 9] VGC 2025 Reg I
|rated|
|rule|Species Clause: Limit one of each Pokémon
|rule|Item Clause: Limit 1 of each item
|clearpoke
|poke|p1|Torkoal, L50, F|
|poke|p1|Flutter Mane, L50|
|poke|p1|Amoonguss, L50, M|
|poke|p1|Calyrex-Shadow, L50|
|poke|p1|Incineroar, L50, M|
|poke|p1|Terapagos, L50, M|
|poke|p2|Mamoswine, L50, F|
|poke|p2|Tyranitar, L50, M|
|poke|p2|Incineroar, L50, F|
|poke|p2|Amoonguss, L50, F|
|poke|p2|Dialga, L50|
|poke|p2|Farigiraf, L50, M|
|teampreview|4
|
|t:|1750833885
|start
|switch|p1a: Terapagos|Terapagos, L50, M|100/100
|switch|p1b: Amoonguss|Amoonguss, L50, M|100/100
|switch|p2a: Farigiraf|Farigiraf, L50, M, shiny|100/100
|switch|p2b: Amoonguss|Amoonguss, L50, F, shiny|100/100
|-activate|p1a: Terapagos|ability: Tera Shift
|detailschange|p1a: Terapagos|Terapagos-Terastal, L50, M
|-heal|p1a: Terapagos|100/100|[silent]
|turn|1
|
|t:|1750833912
|-terastallize|p1a: Terapagos|Stellar
|detailschange|p1a: Terapagos|Terapagos-Stellar, L50, M, tera:Stellar
|-heal|p1a: Terapagos|100/100|[silent]
|move|p2b: Amoonguss|Rage Powder|p2b: Amoonguss
|-singleturn|p2b: Amoonguss|move: Rage Powder
|move|p1a: Terapagos|Tera Starstorm|p2b: Amoonguss|[spread] p2a,p2b
|-damage|p2a: Farigiraf|71/100
|-damage|p2b: Amoonguss|63/100
|move|p1b: Amoonguss|Spore|p2b: Amoonguss
|-immune|p2b: Amoonguss
|move|p2a: Farigiraf|Trick Room|p2a: Farigiraf
|-fieldstart|move: Trick Room|[of] p2a: Farigiraf
|
|upkeep
|turn|2
|
|t:|1750833935
|move|p2a: Farigiraf|Protect|p2a: Farigiraf
|-singleturn|p2a: Farigiraf|Protect
|move|p1b: Amoonguss|Rage Powder|p1b: Amoonguss
|-singleturn|p1b: Amoonguss|move: Rage Powder
|move|p2b: Amoonguss|Sludge Bomb|p1b: Amoonguss
|-damage|p1b: Amoonguss|77/100
|move|p1a: Terapagos|Tera Starstorm|p2b: Amoonguss|[spread] p2b
|-activate|p2a: Farigiraf|move: Protect
|-damage|p2b: Amoonguss|22/100
|
|upkeep
|turn|3
|
|t:|1750833967
|switch|p2b: Dialga|Dialga, L50, shiny|100/100
|move|p1b: Amoonguss|Spore|p2a: Farigiraf
|-status|p2a: Farigiraf|slp|[from] move: Spore
|cant|p2a: Farigiraf|slp
|move|p1a: Terapagos|Tera Starstorm|p2b: Dialga|[spread] p2a,p2b
|-damage|p2a: Farigiraf|44/100 slp
|-damage|p2b: Dialga|77/100
|
|upkeep
|turn|4
|
|t:|1750834000
|switch|p2a: Mamoswine|Mamoswine, L50, F, shiny|100/100
|move|p1b: Amoonguss|Spore|p2b: Dialga
|-status|p2b: Dialga|slp|[from] move: Spore
|cant|p2b: Dialga|slp
|move|p1a: Terapagos|Earth Power|p2b: Dialga
|-supereffective|p2b: Dialga
|-damage|p2b: Dialga|26/100 slp
|
|upkeep
|turn|5
|inactive|Battle timer is ON: inactive players will automatically lose when time's up. (requested by dhrub niney)
|
|t:|1750834026
|-terastallize|p2a: Mamoswine|Grass
|move|p1b: Amoonguss|Spore|p2a: Mamoswine
|-immune|p2a: Mamoswine
|-curestatus|p2b: Dialga|slp|[msg]
|move|p2b: Dialga|Earth Power|p1a: Terapagos
|-damage|p1a: Terapagos|77/100
|move|p2a: Mamoswine|Bulldoze|p1b: Amoonguss|[spread] p1a,p1b
|-activate|p2b: Dialga|ability: Telepathy
|-damage|p1a: Terapagos|65/100
|-damage|p1b: Amoonguss|56/100
|-unboost|p1b: Amoonguss|spe|1
|move|p1a: Terapagos|Tera Starstorm|p2b: Dialga|[spread] p2a,p2b
|-supereffective|p2a: Mamoswine
|-damage|p2a: Mamoswine|23/100
|-damage|p2b: Dialga|4/100
|
|-heal|p2a: Mamoswine|29/100|[from] item: Leftovers
|-fieldend|move: Trick Room
|upkeep
|turn|6
|inactive|TheMexicanTaco0.6 has 30 seconds left.
|
|t:|1750834055
|move|p2a: Mamoswine|Protect|p2a: Mamoswine
|-singleturn|p2a: Mamoswine|Protect
|move|p1b: Amoonguss|Rage Powder|p1b: Amoonguss
|-singleturn|p1b: Amoonguss|move: Rage Powder
|move|p1a: Terapagos|Tera Starstorm|p2b: Dialga|[spread] p2b
|-activate|p2a: Mamoswine|move: Protect
|-damage|p2b: Dialga|0 fnt
|faint|p2b: Dialga
|
|-heal|p2a: Mamoswine|35/100|[from] item: Leftovers
|upkeep
|
|t:|1750834068
|switch|p2b: Amoonguss|Amoonguss, L50, F, shiny|55/100
|turn|7
|
|t:|1750834078
|switch|p2a: Farigiraf|Farigiraf, L50, M, shiny|44/100 slp
|move|p1a: Terapagos|Tera Starstorm|p2a: Farigiraf|[spread] p2a,p2b
|-damage|p2a: Farigiraf|13/100 slp
|-damage|p2b: Amoonguss|15/100
|move|p2b: Amoonguss|Sludge Bomb|p1a: Terapagos
|-damage|p1a: Terapagos|40/100
|-status|p1a: Terapagos|psn
|move|p1b: Amoonguss|Giga Drain|p2a: Farigiraf
|-damage|p2a: Farigiraf|0 fnt
|-heal|p1b: Amoonguss|62/100|[from] drain|[of] p2a: Farigiraf
|faint|p2a: Farigiraf
|
|-damage|p1a: Terapagos|28/100 psn|[from] psn
|upkeep
|
|t:|1750834096
|switch|p2a: Mamoswine|Mamoswine, L50, F, shiny, tera:Grass|35/100
|turn|8
|
|t:|1750834111
|move|p2a: Mamoswine|Protect|p2a: Mamoswine
|-singleturn|p2a: Mamoswine|Protect
|move|p1a: Terapagos|Tera Starstorm|p2a: Mamoswine|[spread] p2b
|-activate|p2a: Mamoswine|move: Protect
|-damage|p2b: Amoonguss|0 fnt
|faint|p2b: Amoonguss
|move|p1b: Amoonguss|Pollen Puff|p1a: Terapagos
|-heal|p1a: Terapagos|78/100 psn
|
|-heal|p2a: Mamoswine|41/100|[from] item: Leftovers
|-damage|p1a: Terapagos|65/100 psn|[from] psn
|upkeep
|turn|9
|
|t:|1750834128
|move|p1a: Terapagos|Tera Starstorm|p2a: Mamoswine
|-supereffective|p2a: Mamoswine
|-damage|p2a: Mamoswine|0 fnt
|faint|p2a: Mamoswine
|
|win|dhrub niney
|raw|dhrub niney's rating: 1117 &rarr; <strong>1139</strong><br />(+22 for winning)
|raw|TheMexicanTaco0.6's rating: 1070 &rarr; <strong>1052</strong><br />(-18 for losing)
|l|☆dhrub niney
|player|p1|
|l|☆TheMexicanTaco0.6
|player|p2|
