|j|☆reznob
|j|☆agustyva
|t:|1750828859
|gametype|doubles
|player|p1|reznob|102|1266
|player|p2|agustyva|2|1198
|teamsize|p1|6
|teamsize|p2|6
|gen|9
|tier|[Gen 9] VGC 2025 Reg I
|rated|
|rule|Species Clause: Limit one of each Pokémon
|rule|Item Clause: Limit 1 of each item
|clearpoke
|poke|p1|Zamazenta-*, L50|
|poke|p1|Calyrex-Shadow, L50|
|poke|p1|Incineroar, L50, F|
|poke|p1|Indeedee-F, L50, F|
|poke|p1|Flutter Mane, L50|
|poke|p1|Ursaluna, L50, M|
|poke|p2|Calyrex-Shadow, L50|
|poke|p2|Kyogre, L50|
|poke|p2|Archaludon, L50, M|
|poke|p2|Indeedee-F, L50, F|
|poke|p2|Talonflame, L50, M|
|poke|p2|Rillaboom, L50, M|
|teampreview|4
|inactive|Battle timer is ON: inactive players will automatically lose when time's up. (requested by reznob)
|
|t:|1750828957
|start
|switch|p1a: Indeedee|Indeedee-F, L50, F|100/100
|switch|p1b: Calyrex|Calyrex-Shadow, L50|100/100
|switch|p2a: Jotchitos|Talonflame, L50, M|100/100
|switch|p2b: Llena cubetas|Kyogre, L50|100/100
|-ability|p1b: Calyrex|As One
|-ability|p1b: Calyrex|Unnerve
|-weather|RainDance|[from] ability: Drizzle|[of] p2b: Llena cubetas
|-fieldstart|move: Psychic Terrain|[from] ability: Psychic Surge|[of] p1a: Indeedee
|-enditem|p1a: Indeedee|Psychic Seed
|-boost|p1a: Indeedee|spd|1|[from] item: Psychic Seed
|turn|1
|
|t:|1750828981
|move|p1b: Calyrex|Protect|p1b: Calyrex
|-singleturn|p1b: Calyrex|Protect
|move|p2a: Jotchitos|Tailwind|p2a: Jotchitos
|-sidestart|p2: agustyva|move: Tailwind
|move|p2b: Llena cubetas|Water Spout|p1a: Indeedee|[spread] p1a
|-activate|p1b: Calyrex|move: Protect
|-damage|p1a: Indeedee|38/100
|move|p1a: Indeedee|Trick Room|p1a: Indeedee
|-fieldstart|move: Trick Room|[of] p1a: Indeedee
|
|-weather|RainDance|[upkeep]
|upkeep
|turn|2
|inactive|agustyva has 30 seconds left.
|
|t:|1750829009
|move|p2b: Llena cubetas|Protect|p2b: Llena cubetas
|-singleturn|p2b: Llena cubetas|Protect
|move|p2a: Jotchitos|Protect|p2a: Jotchitos
|-singleturn|p2a: Jotchitos|Protect
|move|p1a: Indeedee|Psychic|p2b: Llena cubetas
|-activate|p2b: Llena cubetas|move: Protect
|move|p1b: Calyrex|Expanding Force|p2a: Jotchitos|[spread] 
|-activate|p2a: Jotchitos|move: Protect
|-activate|p2b: Llena cubetas|move: Protect
|
|-weather|RainDance|[upkeep]
|upkeep
|turn|3
|inactive|agustyva has 30 seconds left.
|inactive|agustyva has 20 seconds left.
|inactive|agustyva has 15 seconds left.
|inactive|agustyva has 10 seconds left.
|
|t:|1750829058
|switch|p1a: Ursaluna|Ursaluna, L50, M|100/100
|move|p2b: Llena cubetas|Chilling Water|p1b: Calyrex
|-damage|p1b: Calyrex|56/100
|-unboost|p1b: Calyrex|atk|1
|move|p1b: Calyrex|Astral Barrage|p2b: Llena cubetas|[spread] p2a,p2b
|-damage|p2a: Jotchitos|6/100
|-damage|p2b: Llena cubetas|64/100
|move|p2a: Jotchitos|Flare Blitz|p1a: Ursaluna
|-damage|p1a: Ursaluna|83/100
|-damage|p2a: Jotchitos|0 fnt|[from] Recoil
|faint|p2a: Jotchitos
|
|-weather|RainDance|[upkeep]
|-heal|p2b: Llena cubetas|70/100|[from] item: Leftovers
|-status|p1a: Ursaluna|brn|[from] item: Flame Orb
|upkeep
|inactive|agustyva has 30 seconds left.
|
|t:|1750829091
|switch|p2a: Macaco|Rillaboom, L50, M|100/100
|-fieldstart|move: Grassy Terrain|[from] ability: Grassy Surge|[of] p2a: Macaco
|-enditem|p2a: Macaco|Grassy Seed
|-boost|p2a: Macaco|def|1|[from] item: Grassy Seed
|turn|4
|
|t:|1750829108
|switch|p1b: Indeedee|Indeedee-F, L50, F|38/100
|-fieldstart|move: Psychic Terrain|[from] ability: Psychic Surge|[of] p1b: Indeedee
|move|p2b: Llena cubetas|Protect|p2b: Llena cubetas
|-singleturn|p2b: Llena cubetas|Protect
|move|p2a: Macaco|Protect|p2a: Macaco
|-singleturn|p2a: Macaco|Protect
|move|p1a: Ursaluna|Facade|p2a: Macaco
|-activate|p2a: Macaco|move: Protect
|
|-weather|RainDance|[upkeep]
|-heal|p2b: Llena cubetas|76/100|[from] item: Leftovers
|-damage|p1a: Ursaluna|77/100 brn|[from] brn
|-sideend|p2: agustyva|move: Tailwind
|upkeep
|turn|5
|inactive|agustyva has 30 seconds left.
|inactive|agustyva has 20 seconds left.
|
|t:|1750829145
|move|p1a: Ursaluna|Facade|p2b: Llena cubetas
|-damage|p2b: Llena cubetas|0 fnt
|faint|p2b: Llena cubetas
|move|p1b: Indeedee|Psychic|p2a: Macaco
|-damage|p2a: Macaco|59/100
|move|p2a: Macaco|High Horsepower|p1b: Indeedee
|-damage|p1b: Indeedee|7/100
|
|-weather|none
|-damage|p1a: Ursaluna|71/100 brn|[from] brn
|-fieldend|move: Trick Room
|upkeep
|
|t:|1750829158
|switch|p2b: Cristalñón|Calyrex-Shadow, L50|100/100
|-ability|p2b: Cristalñón|As One
|-ability|p2b: Cristalñón|Unnerve
|turn|6
|inactive|reznob has 30 seconds left.
|inactive|agustyva has 30 seconds left.
|
|t:|1750829191
|move|p1a: Ursaluna|Protect|p1a: Ursaluna
|-singleturn|p1a: Ursaluna|Protect
|move|p2b: Cristalñón|Expanding Force|p1b: Indeedee|[spread] p1b
|-activate|p1a: Ursaluna|move: Protect
|-resisted|p1b: Indeedee
|-damage|p1b: Indeedee|0 fnt
|faint|p1b: Indeedee
|-ability|p2b: Cristalñón|Grim Neigh|boost
|-boost|p2b: Cristalñón|spa|1
|move|p2a: Macaco|High Horsepower|p1a: Ursaluna
|-activate|p1a: Ursaluna|move: Protect
|
|-damage|p1a: Ursaluna|65/100 brn|[from] brn
|upkeep
|
|t:|1750829205
|switch|p1b: Zamazenta|Zamazenta-Crowned, L50|100/100
|-ability|p1b: Zamazenta|Dauntless Shield|boost
|-boost|p1b: Zamazenta|def|1
|turn|7
|
|t:|1750829218
|move|p2b: Cristalñón|Protect|p2b: Cristalñón
|-singleturn|p2b: Cristalñón|Protect
|move|p2a: Macaco|Protect|p2a: Macaco
|-singleturn|p2a: Macaco|Protect
|move|p1b: Zamazenta|Wide Guard|p1b: Zamazenta
|-singleturn|p1b: Zamazenta|Wide Guard
|move|p1a: Ursaluna|Headlong Rush|p2b: Cristalñón
|-activate|p2b: Cristalñón|move: Protect
|
|-damage|p1a: Ursaluna|59/100 brn|[from] brn
|upkeep
|turn|8
|inactive|agustyva has 30 seconds left.
|inactive|agustyva has 20 seconds left.
|inactive|agustyva has 15 seconds left.
|inactive|agustyva has 10 seconds left.
|
|t:|1750829265
|-terastallize|p1a: Ursaluna|Ghost
|move|p1b: Zamazenta|Wide Guard|p1b: Zamazenta
|-singleturn|p1b: Zamazenta|Wide Guard
|move|p2b: Cristalñón|Expanding Force|p1b: Zamazenta|[spread] 
|-activate|p1a: Ursaluna|move: Wide Guard
|-activate|p1b: Zamazenta|move: Wide Guard
|move|p2a: Macaco|High Horsepower|p1b: Zamazenta
|-supereffective|p1b: Zamazenta
|-damage|p1b: Zamazenta|76/100
|move|p1a: Ursaluna|Headlong Rush|p2b: Cristalñón
|-enditem|p2b: Cristalñón|Focus Sash
|-damage|p2b: Cristalñón|1/100
|-unboost|p1a: Ursaluna|def|1
|-unboost|p1a: Ursaluna|spd|1
|
|-damage|p1a: Ursaluna|53/100 brn|[from] brn
|-fieldend|move: Psychic Terrain
|upkeep
|turn|9
|inactive|reznob has 30 seconds left.
|inactive|agustyva has 30 seconds left.
|inactive|agustyva has 20 seconds left.
|
|t:|1750829300
|move|p2b: Cristalñón|Protect|p2b: Cristalñón
|-singleturn|p2b: Cristalñón|Protect
|move|p2a: Macaco|Protect|p2a: Macaco
|-singleturn|p2a: Macaco|Protect
|move|p1a: Ursaluna|Protect|p1a: Ursaluna
|-singleturn|p1a: Ursaluna|Protect
|move|p1b: Zamazenta|Heavy Slam|p2b: Cristalñón
|-activate|p2b: Cristalñón|move: Protect
|
|-damage|p1a: Ursaluna|47/100 brn|[from] brn
|upkeep
|turn|10
|inactive|agustyva has 30 seconds left.
|
|t:|1750829330
|move|p2b: Cristalñón|Dark Pulse|p1a: Ursaluna
|-supereffective|p1a: Ursaluna
|-damage|p1a: Ursaluna|0 fnt
|faint|p1a: Ursaluna
|-ability|p2b: Cristalñón|Grim Neigh|boost
|-boost|p2b: Cristalñón|spa|1
|move|p1b: Zamazenta|Heavy Slam|p2b: Cristalñón
|-damage|p2b: Cristalñón|0 fnt
|faint|p2b: Cristalñón
|move|p2a: Macaco|High Horsepower|p1b: Zamazenta
|-supereffective|p1b: Zamazenta
|-damage|p1b: Zamazenta|54/100
|
|upkeep
|
|t:|1750829342
|switch|p1a: Calyrex|Calyrex-Shadow, L50|56/100
|-ability|p1a: Calyrex|As One
|-ability|p1a: Calyrex|Unnerve
|turn|11
|c|☆reznob|Gg
|
|t:|1750829365
|move|p1a: Calyrex|Nasty Plot|p1a: Calyrex
|-boost|p1a: Calyrex|spa|2
|move|p1b: Zamazenta|Body Press|p2a: Macaco
|-damage|p2a: Macaco|11/100
|move|p2a: Macaco|High Horsepower|p1b: Zamazenta
|-supereffective|p1b: Zamazenta
|-damage|p1b: Zamazenta|30/100
|
|upkeep
|turn|12
|
|t:|1750829378
|move|p2a: Macaco|Protect|p2a: Macaco
|-singleturn|p2a: Macaco|Protect
|move|p1a: Calyrex|Astral Barrage|p2a: Macaco
|-activate|p2a: Macaco|move: Protect
|move|p1b: Zamazenta|Body Press|p2a: Macaco
|-activate|p2a: Macaco|move: Protect
|
|upkeep
|turn|13
|
|t:|1750829388
|move|p2a: Macaco|Protect|p2a: Macaco
|-singleturn|p2a: Macaco|Protect
|move|p1a: Calyrex|Astral Barrage|p2a: Macaco
|-activate|p2a: Macaco|move: Protect
|move|p1b: Zamazenta|Body Press|p2a: Macaco
|-activate|p2a: Macaco|move: Protect
|
|upkeep
|turn|14
|
|t:|1750829398
|move|p2a: Macaco|Protect||[still]
|-fail|p2a: Macaco
|move|p1a: Calyrex|Astral Barrage|p2a: Macaco
|-damage|p2a: Macaco|0 fnt
|faint|p2a: Macaco
|
|win|reznob
|raw|reznob's rating: 1266 &rarr; <strong>1286</strong><br />(+20 for winning)
|raw|agustyva's rating: 1198 &rarr; <strong>1178</strong><br />(-20 for losing)
|l|☆agustyva
|player|p2|
|l|☆reznob
|player|p1|
