|j|☆parsley<3
|j|☆yaasuto
|t:|1750738173
|gametype|doubles
|player|p1|parsley<3|lacey|1382
|player|p2|yaasuto|hilbert|1455
|teamsize|p1|6
|teamsize|p2|6
|gen|9
|tier|[Gen 9] VGC 2025 Reg I
|rated|
|rule|Species Clause: Limit one of each Pokémon
|rule|Item Clause: Limit 1 of each item
|clearpoke
|poke|p1|Ting-Lu, L50|
|poke|p1|Grimmsnarl, L50, M|
|poke|p1|Calyrex-Ice, L50|
|poke|p1|Koraidon, L50|
|poke|p1|Rillaboom, L50, F|
|poke|p1|Walking Wake, L50|
|poke|p2|Ho-Oh, L50|
|poke|p2|Eternatus, L50|
|poke|p2|Wo-Chien, L50|
|poke|p2|Incineroar, L50, F|
|poke|p2|Rillaboom, L50, M|
|poke|p2|Ting-Lu, L50|
|teampreview|4
|inactive|Battle timer is ON: inactive players will automatically lose when time's up. (requested by yaasuto)
|inactive|parsley<3 has 60 seconds left.
|
|t:|1750738213
|start
|switch|p1a: Ting-Lu|Ting-Lu, L50|100/100
|switch|p1b: Calyrex|Calyrex-Ice, L50|100/100
|switch|p2a: Eternatus|Eternatus, L50|100/100
|switch|p2b: Ting-Lu|Ting-Lu, L50|100/100
|-ability|p1b: Calyrex|As One
|-ability|p1b: Calyrex|Unnerve
|-ability|p2a: Eternatus|Pressure
|-ability|p1a: Ting-Lu|Vessel of Ruin
|-ability|p2b: Ting-Lu|Vessel of Ruin
|turn|1
|
|t:|1750738222
|switch|p2b: Incineroar|Incineroar, L50, F|100/100
|-ability|p2b: Incineroar|Intimidate|boost
|-unboost|p1a: Ting-Lu|atk|1
|-unboost|p1b: Calyrex|atk|1
|move|p2a: Eternatus|Substitute|p2a: Eternatus
|-start|p2a: Eternatus|Substitute
|-damage|p2a: Eternatus|76/100
|move|p1b: Calyrex|Glacial Lance|p2a: Eternatus|[spread] p2a,p2b
|-supereffective|p2a: Eternatus
|-end|p2a: Eternatus|Substitute
|-resisted|p2b: Incineroar
|-damage|p2b: Incineroar|85/100
|move|p1a: Ting-Lu|Stealth Rock|p2a: Eternatus
|-sidestart|p2: yaasuto|move: Stealth Rock
|
|-heal|p2a: Eternatus|82/100|[from] item: Black Sludge
|upkeep
|turn|2
|
|t:|1750738231
|move|p1b: Calyrex|Protect|p1b: Calyrex
|-singleturn|p1b: Calyrex|Protect
|move|p2b: Incineroar|Fake Out|p1b: Calyrex
|-activate|p1b: Calyrex|move: Protect
|move|p2a: Eternatus|Toxic|p1a: Ting-Lu
|-status|p1a: Ting-Lu|tox
|move|p1a: Ting-Lu|Whirlwind|p2b: Incineroar
|drag|p2b: Ho-Oh|Ho-Oh, L50|100/100
|-damage|p2b: Ho-Oh|51/100|[from] Stealth Rock
|
|-heal|p2a: Eternatus|88/100|[from] item: Black Sludge
|-damage|p1a: Ting-Lu|95/100 tox|[from] psn
|upkeep
|turn|3
|
|t:|1750738254
|-terastallize|p1b: Calyrex|Water
|move|p2a: Eternatus|Substitute|p2a: Eternatus
|-start|p2a: Eternatus|Substitute
|-damage|p2a: Eternatus|63/100
|move|p2b: Ho-Oh|Life Dew|p2b: Ho-Oh|[spread] p2a,p2b
|-heal|p2a: Eternatus|88/100
|-heal|p2b: Ho-Oh|76/100
|move|p1b: Calyrex|Glacial Lance|p2a: Eternatus|[spread] p2a,p2b
|-supereffective|p2a: Eternatus
|-end|p2a: Eternatus|Substitute
|-damage|p2b: Ho-Oh|47/100
|move|p1a: Ting-Lu|Whirlwind|p2b: Ho-Oh
|drag|p2b: Ting-Lu|Ting-Lu, L50|100/100
|-damage|p2b: Ting-Lu|94/100|[from] Stealth Rock
|-ability|p2b: Ting-Lu|Vessel of Ruin
|
|-heal|p2a: Eternatus|94/100|[from] item: Black Sludge
|-heal|p2b: Ting-Lu|100/100|[from] item: Leftovers
|-damage|p1a: Ting-Lu|83/100 tox|[from] psn
|upkeep
|turn|4
|
|t:|1750738269
|move|p2a: Eternatus|Toxic|p1b: Calyrex
|-status|p1b: Calyrex|tox
|move|p1b: Calyrex|Glacial Lance|p2b: Ting-Lu|[spread] p2a,p2b
|-supereffective|p2a: Eternatus
|-supereffective|p2b: Ting-Lu
|-damage|p2a: Eternatus|50/100
|-damage|p2b: Ting-Lu|63/100
|move|p1a: Ting-Lu|Sand Tomb|p2a: Eternatus
|-supereffective|p2a: Eternatus
|-damage|p2a: Eternatus|40/100
|-activate|p2a: Eternatus|move: Sand Tomb|[of] p1a: Ting-Lu
|move|p2b: Ting-Lu|Taunt|p1a: Ting-Lu
|-start|p1a: Ting-Lu|move: Taunt
|
|-heal|p2a: Eternatus|46/100|[from] item: Black Sludge
|-heal|p2b: Ting-Lu|69/100|[from] item: Leftovers
|-damage|p1b: Calyrex|95/100 tox|[from] psn
|-damage|p1a: Ting-Lu|65/100 tox|[from] psn
|-damage|p2a: Eternatus|34/100|[from] move: Sand Tomb|[partiallytrapped]
|upkeep
|turn|5
|
|t:|1750738281
|-terastallize|p2b: Ting-Lu|Water
|move|p2a: Eternatus|Protect|p2a: Eternatus
|-singleturn|p2a: Eternatus|Protect
|move|p1b: Calyrex|Leech Seed|p2b: Ting-Lu
|-start|p2b: Ting-Lu|move: Leech Seed
|move|p1a: Ting-Lu|Sand Tomb|p2b: Ting-Lu
|-damage|p2b: Ting-Lu|63/100
|-activate|p2b: Ting-Lu|move: Sand Tomb|[of] p1a: Ting-Lu
|move|p2b: Ting-Lu|Taunt|p1b: Calyrex
|-start|p1b: Calyrex|move: Taunt
|
|-heal|p2a: Eternatus|40/100|[from] item: Black Sludge
|-heal|p1b: Calyrex|100/100 tox|[from] item: Leftovers
|-heal|p2b: Ting-Lu|69/100|[from] item: Leftovers
|-damage|p2b: Ting-Lu|57/100|[from] Leech Seed|[of] p1b: Calyrex
|-damage|p1b: Calyrex|89/100 tox|[from] psn
|-damage|p1a: Ting-Lu|41/100 tox|[from] psn
|-damage|p2a: Eternatus|28/100|[from] move: Sand Tomb|[partiallytrapped]
|-damage|p2b: Ting-Lu|45/100|[from] move: Sand Tomb|[partiallytrapped]
|upkeep
|turn|6
|-message|yaasuto forfeited.
|
|win|parsley<3
|raw|parsley&lt;3's rating: 1382 &rarr; <strong>1406</strong><br />(+24 for winning)
|raw|yaasuto's rating: 1455 &rarr; <strong>1431</strong><br />(-24 for losing)
|l|☆yaasuto
|player|p2|
