|j|☆Tommytheog
|j|☆6HawtLodes
|t:|1750714856
|gametype|doubles
|player|p1|Tommytheog|102|1158
|player|p2|6HawtLodes|cynthia|1153
|teamsize|p1|6
|teamsize|p2|6
|gen|9
|tier|[Gen 9] VGC 2025 Reg I
|rated|
|rule|Species Clause: Limit one of each Pokémon
|rule|Item Clause: Limit 1 of each item
|clearpoke
|poke|p1|Koraidon, L50|
|poke|p1|Charizard, L50, M|
|poke|p1|Groudon, L50|
|poke|p1|Gothitelle, L50, F|
|poke|p1|Amoonguss, L50, M|
|poke|p1|Incineroar, L50, F|
|poke|p2|Calyrex-Ice, L50|
|poke|p2|Slowking-Galar, L50, M|
|poke|p2|Glaceon, L50, F|
|poke|p2|Kyurem-White, L50|
|poke|p2|Incineroar, L50, M|
|poke|p2|Ninetales-Alola, L50, M|
|teampreview|4
|inactive|Battle timer is ON: inactive players will automatically lose when time's up. (requested by 6HawtLodes)
|
|t:|1750714872
|start
|switch|p1a: Koraidon|Koraidon, L50|100/100
|switch|p1b: Charizard|Charizard, L50, M|100/100
|switch|p2a: Calyrex|Calyrex-Ice, L50|100/100
|switch|p2b: Slowking|Slowking-Galar, L50, M|100/100
|-ability|p2a: Calyrex|As One
|-ability|p2a: Calyrex|Unnerve
|-weather|SunnyDay|[from] ability: Orichalcum Pulse|[of] p1a: Koraidon
|-activate|p1a: Koraidon|Orichalcum Pulse|[source]
|turn|1
|inactive|6HawtLodes has 30 seconds left.
|
|t:|1750714898
|switch|p1a: Gothitelle|Gothitelle, L50, F|100/100
|move|p2a: Calyrex|Protect|p2a: Calyrex
|-singleturn|p2a: Calyrex|Protect
|move|p1b: Charizard|Heat Wave|p2b: Slowking|[spread] p2b
|-activate|p2a: Calyrex|move: Protect
|-damage|p2b: Slowking|2/100
|move|p2b: Slowking|Trick Room|p2b: Slowking
|-fieldstart|move: Trick Room|[of] p2b: Slowking
|
|-weather|SunnyDay|[upkeep]
|-damage|p1b: Charizard|88/100|[from] ability: Solar Power|[of] p1b: Charizard
|upkeep
|turn|2
|inactive|6HawtLodes has 30 seconds left.
|
|t:|1750714926
|move|p1a: Gothitelle|Fake Out|p2a: Calyrex
|-damage|p2a: Calyrex|97/100
|-prepare|p2b: Slowking|Chilly Reception|[premajor]
|move|p2b: Slowking|Chilly Reception|p2b: Slowking
|-weather|Snowscape
|
|t:|1750714933
|switch|p2b: Kyurem|Kyurem-White, L50|100/100|[from] Chilly Reception
|-ability|p2b: Kyurem|Turboblaze
|cant|p2a: Calyrex|flinch
|move|p1b: Charizard|Heat Wave|p2a: Calyrex|[spread] p2b
|-miss|p1b: Charizard|p2a: Calyrex
|-damage|p2b: Kyurem|74/100
|
|-weather|Snowscape|[upkeep]
|upkeep
|turn|3
|
|t:|1750714947
|switch|p1b: Groudon|Groudon, L50|100/100
|-weather|SunnyDay|[from] ability: Drought|[of] p1b: Groudon
|move|p2a: Calyrex|Glacial Lance|p1a: Gothitelle|[spread] p1a,p1b
|-supereffective|p1b: Groudon
|-damage|p1a: Gothitelle|40/100
|-damage|p1b: Groudon|25/100
|move|p2b: Kyurem|Blizzard|p1b: Groudon|[spread] p1a
|-miss|p2b: Kyurem|p1b: Groudon
|-damage|p1a: Gothitelle|0 fnt
|faint|p1a: Gothitelle
|
|-weather|SunnyDay|[upkeep]
|upkeep
|
|t:|1750714963
|switch|p1a: Charizard|Charizard, L50, M|88/100
|turn|4
|
|t:|1750714970
|-terastallize|p1a: Charizard|Fire
|move|p2a: Calyrex|Glacial Lance|p1b: Groudon|[spread] p1a,p1b
|-resisted|p1a: Charizard
|-supereffective|p1b: Groudon
|-damage|p1a: Charizard|45/100
|-damage|p1b: Groudon|0 fnt
|faint|p1b: Groudon
|-ability|p2a: Calyrex|Chilling Neigh|boost
|-boost|p2a: Calyrex|atk|1
|move|p2b: Kyurem|Blizzard|p1a: Charizard
|-resisted|p1a: Charizard
|-damage|p1a: Charizard|0 fnt
|faint|p1a: Charizard
|
|-weather|SunnyDay|[upkeep]
|upkeep
|
|t:|1750714981
|switch|p1b: Koraidon|Koraidon, L50|100/100
|-activate|p1b: Koraidon|ability: Orichalcum Pulse
|turn|5
|
|t:|1750714991
|move|p2a: Calyrex|Glacial Lance|p1b: Koraidon
|-supereffective|p1b: Koraidon
|-damage|p1b: Koraidon|0 fnt
|faint|p1b: Koraidon
|
|win|6HawtLodes
|raw|Tommytheog's rating: 1158 &rarr; <strong>1133</strong><br />(-25 for losing)
|raw|6HawtLodes's rating: 1153 &rarr; <strong>1178</strong><br />(+25 for winning)
|l|☆6HawtLodes
|player|p2|
