|j|☆Lewissquire
|j|☆GalacticBoba
|t:|1750861571
|gametype|doubles
|player|p1|Lewissquire|266|1304
|player|p2|GalacticBoba|265|1225
|teamsize|p1|6
|teamsize|p2|6
|gen|9
|tier|[Gen 9] VGC 2025 Reg I
|rated|
|rule|Species Clause: Limit one of each Pokémon
|rule|Item Clause: Limit 1 of each item
|clearpoke
|poke|p1|Zamazenta-*, L50|
|poke|p1|Raging Bolt, L50|
|poke|p1|Incineroar, L50, F|
|poke|p1|Rillaboom, L50, M|
|poke|p1|Ogerpon-Hearthflame, L50, F|
|poke|p1|Calyrex-Shadow, L50|
|poke|p2|Kyogre, L50|
|poke|p2|Archaludon, L50, M|
|poke|p2|Miraidon, L50|
|poke|p2|Incineroar, L50, M|
|poke|p2|Urshifu-*, L50, M|
|poke|p2|Farigiraf, L50, M|
|teampreview|4
|inactive|Battle timer is ON: inactive players will automatically lose when time's up. (requested by Lewissquire)
Lewissquire has agreed to open team sheets.
|
|t:|1750861610
|start
|switch|p1a: Raging Bolt|Raging Bolt, L50|100/100
|switch|p1b: Rillaboom|Rillaboom, L50, M|100/100
|switch|p2a: Kyogre|Kyogre, L50|100/100
|switch|p2b: Farigiraf|Farigiraf, L50, M|100/100
|-fieldstart|move: Grassy Terrain|[from] ability: Grassy Surge|[of] p1b: Rillaboom
|-weather|RainDance|[from] ability: Drizzle|[of] p2a: Kyogre
|-enditem|p1a: Raging Bolt|Booster Energy
|-activate|p1a: Raging Bolt|ability: Protosynthesis|[fromitem]
|-start|p1a: Raging Bolt|protosynthesisspa
|turn|1
|c|☆Lewissquire|Glhf
|inactive|GalacticBoba has 30 seconds left.
|inactive|GalacticBoba has 20 seconds left.
|
|t:|1750861647
|switch|p2a: Archaludon|Archaludon, L50, M|100/100
|move|p1b: Rillaboom|U-turn|p2b: Farigiraf
|-supereffective|p2b: Farigiraf
|-damage|p2b: Farigiraf|62/100
|-damage|p1b: Rillaboom|84/100|[from] item: Rocky Helmet|[of] p2b: Farigiraf
|
|t:|1750861661
|switch|p1b: Zamazenta|Zamazenta-Crowned, L50|100/100|[from] U-turn
|-ability|p1b: Zamazenta|Dauntless Shield|boost
|-boost|p1b: Zamazenta|def|1
|move|p1a: Raging Bolt|Dragon Pulse|p2a: Archaludon
|-damage|p2a: Archaludon|50/100
|-ability|p2a: Archaludon|Stamina|boost
|-boost|p2a: Archaludon|def|1
|move|p2b: Farigiraf|Trick Room|p2b: Farigiraf
|-fieldstart|move: Trick Room|[of] p2b: Farigiraf
|
|-weather|RainDance|[upkeep]
|-heal|p2b: Farigiraf|68/100|[from] Grassy Terrain
|-heal|p2a: Archaludon|56/100|[from] Grassy Terrain
|upkeep
|turn|2
|inactive|Lewissquire has 30 seconds left.
|inactive|Lewissquire has 20 seconds left.
|inactive|Lewissquire has 15 seconds left.
|inactive|Lewissquire has 10 seconds left.
|
|t:|1750861710
|-terastallize|p2a: Archaludon|Electric
|move|p2b: Farigiraf|Helping Hand|p2a: Archaludon
|-singleturn|p2a: Archaludon|Helping Hand|[of] p2b: Farigiraf
|move|p1a: Raging Bolt|Protect|p1a: Raging Bolt
|-singleturn|p1a: Raging Bolt|Protect
|move|p2a: Archaludon|Electro Shot||[still]
|-prepare|p2a: Archaludon|Electro Shot
|-boost|p2a: Archaludon|spa|1
|-anim|p2a: Archaludon|Electro Shot|p1b: Zamazenta
|-damage|p1b: Zamazenta|0 fnt
|faint|p1b: Zamazenta
|
|-weather|RainDance|[upkeep]
|-heal|p2b: Farigiraf|74/100|[from] Grassy Terrain
|-heal|p2a: Archaludon|62/100|[from] Grassy Terrain
|upkeep
|
|t:|1750861729
|switch|p1b: Calyrex|Calyrex-Shadow, L50|100/100
|-ability|p1b: Calyrex|As One
|-ability|p1b: Calyrex|Unnerve
|turn|3
|
|t:|1750861753
|move|p2b: Farigiraf|Helping Hand|p2a: Archaludon
|-singleturn|p2a: Archaludon|Helping Hand|[of] p2b: Farigiraf
|move|p1b: Calyrex|Protect|p1b: Calyrex
|-singleturn|p1b: Calyrex|Protect
|move|p1a: Raging Bolt|Dragon Pulse|p2a: Archaludon
|-damage|p2a: Archaludon|11/100
|-ability|p2a: Archaludon|Stamina|boost
|-boost|p2a: Archaludon|def|1
|move|p2a: Archaludon|Snarl|p1a: Raging Bolt|[spread] p1a
|-activate|p1b: Calyrex|move: Protect
|-damage|p1a: Raging Bolt|73/100
|-unboost|p1a: Raging Bolt|spa|1
|
|-weather|RainDance|[upkeep]
|-heal|p2b: Farigiraf|80/100|[from] Grassy Terrain
|-heal|p1a: Raging Bolt|79/100|[from] Grassy Terrain
|-heal|p2a: Archaludon|17/100|[from] Grassy Terrain
|upkeep
|turn|4
|inactive|GalacticBoba has 30 seconds left.
|inactive|GalacticBoba has 20 seconds left.
|
|t:|1750861792
|switch|p1b: Rillaboom|Rillaboom, L50, M|84/100
|move|p2b: Farigiraf|Psychic|p1a: Raging Bolt
|-damage|p1a: Raging Bolt|50/100
|move|p1a: Raging Bolt|Dragon Pulse|p2a: Archaludon
|-damage|p2a: Archaludon|0 fnt
|faint|p2a: Archaludon
|
|-weather|RainDance|[upkeep]
|-heal|p2b: Farigiraf|86/100|[from] Grassy Terrain
|-heal|p1a: Raging Bolt|56/100|[from] Grassy Terrain
|-heal|p1b: Rillaboom|90/100|[from] Grassy Terrain
|upkeep
|
|t:|1750861805
|switch|p2a: Kyogre|Kyogre, L50|100/100
|turn|5
|
|t:|1750861822
|move|p2b: Farigiraf|Helping Hand|p2a: Kyogre
|-singleturn|p2a: Kyogre|Helping Hand|[of] p2b: Farigiraf
|move|p1a: Raging Bolt|Protect|p1a: Raging Bolt
|-singleturn|p1a: Raging Bolt|Protect
|move|p2a: Kyogre|Water Spout|p1a: Raging Bolt|[spread] p1b
|-activate|p1a: Raging Bolt|move: Protect
|-resisted|p1b: Rillaboom
|-damage|p1b: Rillaboom|28/100
|move|p1b: Rillaboom|Wood Hammer|p2a: Kyogre
|-supereffective|p2a: Kyogre
|-damage|p2a: Kyogre|0 fnt
|faint|p2a: Kyogre
|-damage|p1b: Rillaboom|0 fnt|[from] Recoil
|faint|p1b: Rillaboom
|
|-weather|none
|-heal|p2b: Farigiraf|93/100|[from] Grassy Terrain
|-heal|p1a: Raging Bolt|62/100|[from] Grassy Terrain
|-fieldend|move: Trick Room
|-fieldend|move: Grassy Terrain
|upkeep
|
|t:|1750861843
|switch|p1b: Calyrex|Calyrex-Shadow, L50|100/100
|switch|p2a: Urshifu|Urshifu-Rapid-Strike, L50, M|100/100
|-ability|p1b: Calyrex|As One
|-ability|p1b: Calyrex|Unnerve
|turn|6
|
|t:|1750861866
|move|p2b: Farigiraf|Helping Hand|p2a: Urshifu
|-singleturn|p2a: Urshifu|Helping Hand|[of] p2b: Farigiraf
|move|p2a: Urshifu|Surging Strikes|p1a: Raging Bolt
|-resisted|p1a: Raging Bolt
|-crit|p1a: Raging Bolt
|-damage|p1a: Raging Bolt|52/100
|-resisted|p1a: Raging Bolt
|-crit|p1a: Raging Bolt
|-damage|p1a: Raging Bolt|42/100
|-resisted|p1a: Raging Bolt
|-crit|p1a: Raging Bolt
|-damage|p1a: Raging Bolt|30/100
|-hitcount|p1a: Raging Bolt|3
|move|p1b: Calyrex|Psychic|p2a: Urshifu
|-supereffective|p2a: Urshifu
|-damage|p2a: Urshifu|0 fnt
|faint|p2a: Urshifu
|-ability|p1b: Calyrex|Grim Neigh|boost
|-boost|p1b: Calyrex|spa|1
|-damage|p1b: Calyrex|91/100|[from] item: Life Orb
|move|p1a: Raging Bolt|Thunderbolt|p2b: Farigiraf
|-damage|p2b: Farigiraf|53/100
|
|upkeep
|turn|7
|-message|GalacticBoba forfeited.
|
|win|Lewissquire
|raw|Lewissquire's rating: 1304 &rarr; <strong>1320</strong><br />(+16 for winning)
|raw|GalacticBoba's rating: 1225 &rarr; <strong>1206</strong><br />(-19 for losing)
|l|☆GalacticBoba
|player|p2|
