|j|☆lazmm
|j|☆SpikyWhale
|t:|1750824493
|gametype|doubles
|player|p1|lazmm|cynthia|1187
|player|p2|SpikyWhale|169|1165
|teamsize|p1|6
|teamsize|p2|6
|gen|9
|tier|[Gen 9] VGC 2025 Reg I
|rated|
|rule|Species Clause: Limit one of each Pokémon
|rule|Item Clause: Limit 1 of each item
|clearpoke
|poke|p1|Zamazenta-*, L50|
|poke|p1|Chien-Pao, L50|
|poke|p1|Whimsicott, L50, F|
|poke|p1|Landorus, L50, M|
|poke|p1|Miraidon, L50|
|poke|p1|Farigiraf, L50, F|
|poke|p2|Landorus, L50, M|
|poke|p2|Incineroar, L50, M|
|poke|p2|Kyogre, L50|
|poke|p2|Amoonguss, L50, F|
|poke|p2|Calyrex-Ice, L50|
|poke|p2|Ditto, L50|
|teampreview|4
|inactive|Battle timer is ON: inactive players will automatically lose when time's up. (requested by SpikyWhale)
|inactive|lazmm also wants the timer to be on.
|inactive|lazmm has 60 seconds left.
|inactive|SpikyWhale has 60 seconds left.
|inactive|lazmm has 30 seconds left.
|inactive|SpikyWhale has 30 seconds left.
|inactive|lazmm has 20 seconds left.
|inactive|SpikyWhale has 20 seconds left.
|
|t:|1750824564
|start
|switch|p1a: Miraidon|Miraidon, L50|100/100
|switch|p1b: Whimsicott|Whimsicott, L50, F|100/100
|switch|p2a: Incineroar|Incineroar, L50, M|100/100
|switch|p2b: Calyrex|Calyrex-Ice, L50|100/100
|-ability|p2b: Calyrex|As One
|-ability|p2b: Calyrex|Unnerve
|-fieldstart|move: Electric Terrain|[from] ability: Hadron Engine|[of] p1a: Miraidon
|-ability|p2a: Incineroar|Intimidate|boost
|-unboost|p1a: Miraidon|atk|1
|-unboost|p1b: Whimsicott|atk|1
|turn|1
|inactive|lazmm has 30 seconds left.
|inactive|SpikyWhale has 30 seconds left.
|inactive|lazmm has 20 seconds left.
|inactive|lazmm has 15 seconds left.
|inactive|lazmm has 10 seconds left.
|inactive|lazmm has 5 seconds left.
|
|t:|1750824616
|move|p2a: Incineroar|Fake Out|p1a: Miraidon
|-damage|p1a: Miraidon|91/100
|cant|p1a: Miraidon|flinch
|move|p1b: Whimsicott|Moonblast|p2a: Incineroar
|-damage|p2a: Incineroar|78/100
|move|p2b: Calyrex|Trick Room|p2b: Calyrex
|-fieldstart|move: Trick Room|[of] p2b: Calyrex
|
|upkeep
|turn|2
|inactive|lazmm has 30 seconds left.
|
|t:|1750824643
|switch|p2b: Ditto|Ditto, L50|100/100
|-transform|p2b: Ditto|p1a: Miraidon|[from] ability: Imposter
|-activate|p2b: Ditto|ability: Hadron Engine
|move|p1b: Whimsicott|Encore||[still]
|-fail|p1b: Whimsicott
|move|p2a: Incineroar|Parting Shot|p1a: Miraidon
|-unboost|p1a: Miraidon|atk|1
|-unboost|p1a: Miraidon|spa|1
|
|t:|1750824666
|switch|p2a: Landorus|Landorus, L50, M|100/100|[from] Parting Shot
|move|p1a: Miraidon|Volt Switch|p2b: Ditto
|-resisted|p2b: Ditto
|-damage|p2b: Ditto|84/100
|
|t:|1750824682
|switch|p1a: Chien-Pao|Chien-Pao, L50|100/100|[from] Volt Switch
|-ability|p1a: Chien-Pao|Sword of Ruin
|
|upkeep
|turn|3
|inactive|lazmm has 30 seconds left.
|inactive|lazmm has 20 seconds left.
|inactive|lazmm has 15 seconds left.
|inactive|lazmm has 10 seconds left.
|
|t:|1750824731
|switch|p2b: Incineroar|Incineroar, L50, M|78/100
|-ability|p2b: Incineroar|Intimidate|boost
|-unboost|p1a: Chien-Pao|atk|1
|-unboost|p1b: Whimsicott|atk|1
|move|p2a: Landorus|Protect|p2a: Landorus
|-singleturn|p2a: Landorus|Protect
|move|p1b: Whimsicott|Light Screen|p1b: Whimsicott
|-sidestart|p1: lazmm|move: Light Screen
|move|p1a: Chien-Pao|Icicle Crash|p2a: Landorus
|-activate|p2a: Landorus|move: Protect
|
|upkeep
|turn|4
|inactive|lazmm has 30 seconds left.
|inactive|lazmm has 20 seconds left.
|inactive|lazmm has 15 seconds left.
|inactive|lazmm has 10 seconds left.
|
|t:|1750824779
|switch|p2a: Calyrex|Calyrex-Ice, L50|100/100
|-ability|p2a: Calyrex|As One
|-ability|p2a: Calyrex|Unnerve
|switch|p1b: Zamazenta|Zamazenta-Crowned, L50|100/100
|-ability|p1b: Zamazenta|Dauntless Shield|boost
|-boost|p1b: Zamazenta|def|1
|move|p1a: Chien-Pao|Sucker Punch||[still]
|-fail|p1a: Chien-Pao
|move|p2b: Incineroar|Will-O-Wisp|p1a: Chien-Pao|[miss]
|-miss|p2b: Incineroar|p1a: Chien-Pao
|
|upkeep
|turn|5
|inactive|lazmm has 30 seconds left.
|inactive|SpikyWhale has 30 seconds left.
|inactive|lazmm has 20 seconds left.
|inactive|lazmm has 15 seconds left.
|inactive|lazmm has 10 seconds left.
|inactive|lazmm has 5 seconds left.
|
|t:|1750824832
|-terastallize|p2a: Calyrex|Fairy
|move|p1b: Zamazenta|Protect|p1b: Zamazenta
|-singleturn|p1b: Zamazenta|Protect
|move|p2a: Calyrex|Leech Seed|p1b: Zamazenta
|-activate|p1b: Zamazenta|move: Protect
|move|p2b: Incineroar|Parting Shot|p1b: Zamazenta
|-activate|p1b: Zamazenta|move: Protect
|move|p1a: Chien-Pao|Crunch|p2a: Calyrex
|-resisted|p2a: Calyrex
|-damage|p2a: Calyrex|88/100
|
|-heal|p2a: Calyrex|94/100|[from] item: Leftovers
|-fieldend|move: Trick Room
|-fieldend|move: Electric Terrain
|upkeep
|turn|6
|inactive|lazmm has 30 seconds left.
|
|t:|1750824859
|switch|p2b: Landorus|Landorus, L50, M|100/100
|move|p1a: Chien-Pao|Icicle Crash|p2a: Calyrex|[miss]
|-miss|p1a: Chien-Pao|p2a: Calyrex
|move|p1b: Zamazenta|Heavy Slam|p2a: Calyrex
|-supereffective|p2a: Calyrex
|-damage|p2a: Calyrex|67/100
|move|p2a: Calyrex|Leech Seed|p1b: Zamazenta
|-start|p1b: Zamazenta|move: Leech Seed
|
|-heal|p2a: Calyrex|73/100|[from] item: Leftovers
|-damage|p1b: Zamazenta|88/100|[from] Leech Seed|[of] p2a: Calyrex
|-heal|p2a: Calyrex|85/100|[silent]
|upkeep
|turn|7
|inactive|lazmm has 30 seconds left.
|inactive|lazmm has 20 seconds left.
|
|t:|1750824896
|switch|p1a: Miraidon|Miraidon, L50|91/100
|-fieldstart|move: Electric Terrain|[from] ability: Hadron Engine|[of] p1a: Miraidon
|switch|p1b: Whimsicott|Whimsicott, L50, F|100/100
|move|p2b: Landorus|Protect|p2b: Landorus
|-singleturn|p2b: Landorus|Protect
|move|p2a: Calyrex|Trick Room|p2a: Calyrex
|-fieldstart|move: Trick Room|[of] p2a: Calyrex
|
|-heal|p2a: Calyrex|90/100|[from] item: Leftovers
|-sideend|p1: lazmm|move: Light Screen
|upkeep
|turn|8
|inactive|lazmm has 30 seconds left.
|inactive|SpikyWhale has 30 seconds left.
|inactive|lazmm has 20 seconds left.
|inactive|lazmm has 15 seconds left.
|inactive|lazmm has 10 seconds left.
|
|t:|1750824945
|switch|p2a: Ditto|Ditto, L50|84/100
|-transform|p2a: Ditto|p1b: Whimsicott|[from] ability: Imposter
|switch|p2b: Incineroar|Incineroar, L50, M|78/100
|-ability|p2b: Incineroar|Intimidate|boost
|-unboost|p1a: Miraidon|atk|1
|-unboost|p1b: Whimsicott|atk|1
|-terastallize|p1a: Miraidon|Fairy
|move|p1b: Whimsicott|Encore||[still]
|-fail|p1b: Whimsicott
|move|p1a: Miraidon|Draco Meteor|p2b: Incineroar
|-damage|p2b: Incineroar|0 fnt
|-unboost|p1a: Miraidon|spa|2
|faint|p2b: Incineroar
|
|upkeep
|inactive|SpikyWhale has 30 seconds left.
|
|t:|1750824971
|switch|p2b: Landorus|Landorus, L50, M|100/100
|turn|9
|
|t:|1750824988
|switch|p2a: Calyrex|Calyrex-Ice, L50, tera:Fairy|90/100
|-ability|p2a: Calyrex|As One
|-ability|p2a: Calyrex|Unnerve
|switch|p1a: Zamazenta|Zamazenta-Crowned, L50|88/100
|move|p1b: Whimsicott|Light Screen|p1b: Whimsicott
|-sidestart|p1: lazmm|move: Light Screen
|move|p2b: Landorus|Sludge Bomb|p1b: Whimsicott
|-supereffective|p1b: Whimsicott
|-damage|p1b: Whimsicott|0 fnt
|faint|p1b: Whimsicott
|
|-heal|p2a: Calyrex|96/100|[from] item: Leftovers
|upkeep
|
|t:|1750824998
|switch|p1b: Chien-Pao|Chien-Pao, L50|100/100
|-ability|p1b: Chien-Pao|Sword of Ruin
|turn|10
|
|t:|1750825019
|switch|p2b: Ditto|Ditto, L50|84/100
|-transform|p2b: Ditto|p1a: Zamazenta|[from] ability: Imposter
|-ability|p2b: Ditto|Dauntless Shield|boost
|-boost|p2b: Ditto|def|1
|move|p2a: Calyrex|Leech Seed|p1a: Zamazenta
|-start|p1a: Zamazenta|move: Leech Seed
|move|p1a: Zamazenta|Body Press|p2b: Ditto
|-supereffective|p2b: Ditto
|-damage|p2b: Ditto|26/100
|move|p1b: Chien-Pao|Icicle Crash|p2a: Calyrex
|-damage|p2a: Calyrex|58/100
|
|-heal|p2a: Calyrex|64/100|[from] item: Leftovers
|-damage|p1a: Zamazenta|76/100|[from] Leech Seed|[of] p2a: Calyrex
|-heal|p2a: Calyrex|76/100|[silent]
|upkeep
|turn|11
|inactive|lazmm has 30 seconds left.
|inactive|SpikyWhale has 30 seconds left.
|
|t:|1750825046
|switch|p1a: Miraidon|Miraidon, L50, tera:Fairy|91/100
|-activate|p1a: Miraidon|ability: Hadron Engine
|move|p2a: Calyrex|Leech Seed|p1b: Chien-Pao
|-start|p1b: Chien-Pao|move: Leech Seed
|move|p2b: Ditto|Body Press|p1a: Miraidon
|-resisted|p1a: Miraidon
|-damage|p1a: Miraidon|51/100
|move|p1b: Chien-Pao|Icicle Crash|p2a: Calyrex
|-crit|p2a: Calyrex
|-damage|p2a: Calyrex|23/100
|
|-heal|p2a: Calyrex|29/100|[from] item: Leftovers
|-damage|p1b: Chien-Pao|88/100|[from] Leech Seed|[of] p2a: Calyrex
|-heal|p2a: Calyrex|38/100|[silent]
|-fieldend|move: Trick Room
|-fieldend|move: Electric Terrain
|upkeep
|turn|12
|inactive|lazmm has 30 seconds left this turn.
|inactive|lazmm has 20 seconds left.
|inactive|lazmm has 15 seconds left.
|inactive|lazmm has 10 seconds left.
|inactive|lazmm has 5 seconds left.
|inactive|SpikyWhale has 30 seconds left.
|inactive|SpikyWhale has 20 seconds left.
|inactive|SpikyWhale has 15 seconds left.
|inactive|SpikyWhale has 10 seconds left.
|
|t:|1750825094
|move|p2a: Calyrex|Protect|p2a: Calyrex
|-singleturn|p2a: Calyrex|Protect
|move|p1b: Chien-Pao|Crunch|p2b: Ditto
|-resisted|p2b: Ditto
|-damage|p2b: Ditto|11/100
|move|p1a: Miraidon|Dazzling Gleam|p2b: Ditto|[spread] p2b
|-activate|p2a: Calyrex|move: Protect
|-damage|p2b: Ditto|0 fnt
|faint|p2b: Ditto
|
|-heal|p2a: Calyrex|44/100|[from] item: Leftovers
|-damage|p1b: Chien-Pao|76/100|[from] Leech Seed|[of] p2a: Calyrex
|-heal|p2a: Calyrex|53/100|[silent]
|upkeep
|
|t:|1750825106
|switch|p2b: Landorus|Landorus, L50, M|100/100
|turn|13
|inactive|lazmm has 5 seconds left this turn.
|
|t:|1750825117
|move|p2b: Landorus|Protect|p2b: Landorus
|-singleturn|p2b: Landorus|Protect
|move|p1b: Chien-Pao|Sucker Punch||[still]
|-fail|p1b: Chien-Pao
|move|p1a: Miraidon|Dazzling Gleam|p2b: Landorus|[spread] p2a
|-activate|p2b: Landorus|move: Protect
|-damage|p2a: Calyrex|24/100
|move|p2a: Calyrex|Leech Seed|p1a: Miraidon
|-start|p1a: Miraidon|move: Leech Seed
|
|-heal|p2a: Calyrex|30/100|[from] item: Leftovers
|-damage|p1b: Chien-Pao|64/100|[from] Leech Seed|[of] p2a: Calyrex
|-heal|p2a: Calyrex|39/100|[silent]
|-damage|p1a: Miraidon|39/100|[from] Leech Seed|[of] p2a: Calyrex
|-heal|p2a: Calyrex|51/100|[silent]
|-sideend|p1: lazmm|move: Light Screen
|upkeep
|turn|14
|inactive|lazmm has 5 seconds left this turn.
|-message|lazmm lost due to inactivity.
|
|win|SpikyWhale
|raw|lazmm's rating: 1187 &rarr; <strong>1160</strong><br />(-27 for losing)
|raw|SpikyWhale's rating: 1165 &rarr; <strong>1192</strong><br />(+27 for winning)
|l|☆lazmm
|player|p1|
|l|☆SpikyWhale
|player|p2|
