|j|☆Brezz998
|j|☆blastoiseian
|t:|1750796797
|gametype|doubles
|player|p1|Brezz998|marshal|1119
|player|p2|blastoiseian|falkner|1160
|teamsize|p1|6
|teamsize|p2|6
|gen|9
|tier|[Gen 9] VGC 2025 Reg I
|rated|
|rule|Species Clause: Limit one of each Pokémon
|rule|Item Clause: Limit 1 of each item
|clearpoke
|poke|p1|Kyurem-White, L50|
|poke|p1|Ninetales-Alola, L50, M|
|poke|p1|Avalugg-Hisui, L50, M|
|poke|p1|Calyrex-Ice, L50|
|poke|p1|Empoleon, L50, M|
|poke|p1|Abomasnow, L50, F|
|poke|p2|Miraidon, L50|
|poke|p2|Kyogre, L50|
|poke|p2|Iron Hands, L50|
|poke|p2|Weavile, L50, F|
|poke|p2|Gardevoir, L50, F|
|poke|p2|Ogerpon-Hearthflame, L50, F|
|teampreview|4
|
|t:|1750796833
|start
|switch|p1a: Ninetales|Ninetales-Alola, L50, M, shiny|100/100
|switch|p1b: Avalugg|Avalugg-Hisui, L50, M|100/100
|switch|p2a: Miraidon|Miraidon, L50|100/100
|switch|p2b: Iron Hands|Iron Hands, L50|100/100
|-fieldstart|move: Electric Terrain|[from] ability: Hadron Engine|[of] p2a: Miraidon
|-activate|p2b: Iron Hands|ability: Quark Drive
|-start|p2b: Iron Hands|quarkdriveatk
|-weather|Snowscape|[from] ability: Snow Warning|[of] p1a: Ninetales
|turn|1
|
|t:|1750796849
|switch|p2a: Kyogre|Kyogre, L50|100/100
|-weather|RainDance|[from] ability: Drizzle|[of] p2a: Kyogre
|move|p1a: Ninetales|Aurora Veil||[still]
|-fail|p1a: Ninetales
|move|p2b: Iron Hands|Drain Punch|p1b: Avalugg
|-supereffective|p1b: Avalugg
|-enditem|p1b: Avalugg|Focus Sash
|-damage|p1b: Avalugg|1/100
|move|p1b: Avalugg|Mirror Coat||[still]
|-fail|p1b: Avalugg
|
|-weather|RainDance|[upkeep]
|upkeep
|turn|2
|
|t:|1750796873
|switch|p1a: Kyurem|Kyurem-White, L50|100/100
|-ability|p1a: Kyurem|Turboblaze
|switch|p1b: Calyrex|Calyrex-Ice, L50|100/100
|-ability|p1b: Calyrex|As One
|-ability|p1b: Calyrex|Unnerve
|move|p2a: Kyogre|Origin Pulse|p1b: Calyrex|[spread] p1a,p1b
|-resisted|p1a: Kyurem
|-damage|p1a: Kyurem|66/100
|-damage|p1b: Calyrex|58/100
|move|p2b: Iron Hands|Wild Charge|p1a: Kyurem
|-resisted|p1a: Kyurem
|-damage|p1a: Kyurem|20/100
|-damage|p2b: Iron Hands|92/100|[from] Recoil
|
|-weather|RainDance|[upkeep]
|upkeep
|turn|3
|
|t:|1750796894
|switch|p1a: Ninetales|Ninetales-Alola, L50, M, shiny|100/100
|-weather|Snowscape|[from] ability: Snow Warning|[of] p1a: Ninetales
|move|p2a: Kyogre|Origin Pulse|p1a: Ninetales|[spread] p1a,p1b
|-damage|p1a: Ninetales|41/100
|-damage|p1b: Calyrex|29/100
|move|p1b: Calyrex|Leech Seed|p2a: Kyogre|[miss]
|-miss|p1b: Calyrex|p2a: Kyogre
|move|p2b: Iron Hands|Drain Punch|p1a: Ninetales
|-damage|p1a: Ninetales|0 fnt
|-heal|p2b: Iron Hands|100/100|[from] drain|[of] p1a: Ninetales
|faint|p1a: Ninetales
|
|-weather|Snowscape|[upkeep]
|upkeep
|
|t:|1750796907
|switch|p1a: Kyurem|Kyurem-White, L50|20/100
|-ability|p1a: Kyurem|Turboblaze
|turn|4
|
|t:|1750796923
|switch|p2a: Ogerpon|Ogerpon-Hearthflame, L50, F|100/100
|-ability|p2a: Ogerpon|Mold Breaker
|move|p1a: Kyurem|Blizzard|p2b: Iron Hands|[spread] p2a,p2b
|-damage|p2a: Ogerpon|47/100
|-damage|p2b: Iron Hands|67/100
|move|p1b: Calyrex|Agility|p1b: Calyrex
|-boost|p1b: Calyrex|spe|2
|move|p2b: Iron Hands|Drain Punch|p1a: Kyurem
|-supereffective|p1a: Kyurem
|-damage|p1a: Kyurem|0 fnt
|-heal|p2b: Iron Hands|74/100|[from] drain|[of] p1a: Kyurem
|faint|p1a: Kyurem
|
|-weather|Snowscape|[upkeep]
|upkeep
|inactive|Battle timer is ON: inactive players will automatically lose when time's up. (requested by blastoiseian)
|inactive|Brezz998 has 60 seconds left.
|inactive|Brezz998 has 30 seconds left.
|inactive|Brezz998 has 20 seconds left.
|inactive|Brezz998 has 15 seconds left.
|inactive|Brezz998 has 10 seconds left.
|inactive|Brezz998 has 5 seconds left.
|
|t:|1750797138
|switch|p1a: Avalugg|Avalugg-Hisui, L50, M|1/100
|turn|5
|inactive|Brezz998 has 30 seconds left.
|inactive|Brezz998 has 20 seconds left.
|inactive|Brezz998 has 15 seconds left.
|inactive|Brezz998 has 10 seconds left.
|inactive|Brezz998 has 5 seconds left.
|
|t:|1750797193
|move|p2a: Ogerpon|Spiky Shield|p2a: Ogerpon
|-singleturn|p2a: Ogerpon|move: Protect
|move|p1b: Calyrex|Glacial Lance|p2b: Iron Hands|[spread] p2b
|-activate|p2a: Ogerpon|move: Protect
|-damage|p2b: Iron Hands|43/100
|move|p2b: Iron Hands|Drain Punch|p1b: Calyrex
|-damage|p1b: Calyrex|4/100
|-heal|p2b: Iron Hands|53/100|[from] drain|[of] p1b: Calyrex
|-damage|p2b: Iron Hands|37/100|[from] item: Rocky Helmet|[of] p1b: Calyrex
|move|p1a: Avalugg|Ice Spinner|p2a: Ogerpon
|-activate|p2a: Ogerpon|move: Protect
|-damage|p1a: Avalugg|0 fnt|[from] Spiky Shield|[of] p2a: Ogerpon
|faint|p1a: Avalugg
|
|-weather|Snowscape|[upkeep]
|-fieldend|move: Electric Terrain
|-end|p2b: Iron Hands|Quark Drive
|upkeep
|turn|6
|inactive|Brezz998 has 30 seconds left.
|inactive|Brezz998 has 20 seconds left.
|inactive|Brezz998 has 15 seconds left.
|-message|Brezz998 forfeited.
|
|win|blastoiseian
|raw|Brezz998's rating: 1119 &rarr; <strong>1097</strong><br />(-22 for losing)
|raw|blastoiseian's rating: 1160 &rarr; <strong>1182</strong><br />(+22 for winning)
|l|☆Brezz998
|player|p1|
|l|☆blastoiseian
|player|p2|
