|j|☆MarsTesting
|j|☆OdysseyOfOddities
|t:|1750806279
|gametype|doubles
|player|p1|MarsTesting|collector|1078
|player|p2|OdysseyOfOddities|chili|1091
|teamsize|p1|6
|teamsize|p2|6
|gen|9
|tier|[Gen 9] VGC 2025 Reg I
|rated|
|rule|Species Clause: Limit one of each Pokémon
|rule|Item Clause: Limit 1 of each item
|clearpoke
|poke|p1|Calyrex-Shadow, L50|
|poke|p1|Zamazenta-*, L50|
|poke|p1|Incineroar, L50, M|
|poke|p1|Urshifu-*, L50, F|
|poke|p1|Rillaboom, L50, F|
|poke|p1|Amoonguss, L50, M|
|poke|p2|Garchomp, L50, M|
|poke|p2|Glimmora, L50, F|
|poke|p2|Meowscarada, L50, F|
|poke|p2|Eelektross, L50, F|
|poke|p2|Corviknight, L50, M|
|poke|p2|Porygon2, L50|
|teampreview|4
|inactive|Battle timer is ON: inactive players will automatically lose when time's up. (requested by OdysseyOfOddities)
|inactive|MarsTesting also wants the timer to be on.
OdysseyOfOddities has agreed to open team sheets.
|inactive|MarsTesting has 60 seconds left.
|inactive|OdysseyOfOddities has 60 seconds left.
MarsTesting has agreed to open team sheets.
|showteam|p1|Calyrex-Shadow||ChoiceSpecs|AsOneSpectrier|AstralBarrage,Psyshock,TeraBlast,Protect||||||50|,,,,,Fairy]Zamazenta-Crowned||RustedShield|DauntlessShield|WideGuard,BodyPress,IronDefense,Protect||||||50|,,,,,Steel]Incineroar||SafetyGoggles|Intimidate|FakeOut,PartingShot,Snarl,FlareBlitz|||M|||50|,,,,,Grass]Urshifu-Rapid-Strike||ChoiceScarf|UnseenFist|SurgingStrikes,CloseCombat,Uturn,Protect|||F|||50|,,,,,Water]Rillaboom||AssaultVest|GrassySurge|GrassyGlide,FakeOut,Uturn,WoodHammer|||F|||50|,,,,,Fire]Amoonguss||RockyHelmet|Regenerator|Spore,RagePowder,PollenPuff,Protect|||M|||50|,,,,,Water
|showteam|p2|Garchomp||RockyHelmet|RoughSkin|FireFang,Earthquake,SwordsDance,DragonClaw|||M|||50|,,,,,Fire]Glimmora||RedCard|ToxicDebris|SpikyShield,MortalSpin,PowerGem,SludgeBomb|||F|||50|,,,,,Fairy]Meowscarada||FocusSash|Protean|KnockOff,FlowerTrick,TripleAxel,Uturn|||F|||50|,,,,,Dark]Eelektross||AssaultVest|Levitate|KnockOff,ThunderPunch,GigaDrain,AcidSpray|||F|||50|,,,,,Electric]Corviknight||Leftovers|Pressure|BraveBird,BodyPress,Taunt,Roost|||M|||50|,,,,,Ghost]Porygon2||Eviolite|Trace|Thunderbolt,TrickRoom,Recover,IceBeam||||||50|,,,,,Steel
|inactive|OdysseyOfOddities has 30 seconds left.
|
|t:|1750806348
|start
|switch|p1a: Incineroar|Incineroar, L50, M|100/100
|switch|p1b: Urshifu|Urshifu-Rapid-Strike, L50, F|100/100
|switch|p2a: Porygon2|Porygon2, L50, shiny|100/100
|switch|p2b: Meowscarada|Meowscarada, L50, F|100/100
|-ability|p2a: Porygon2|Unseen Fist|[from] ability: Trace|[of] p1b: Urshifu
|-ability|p1a: Incineroar|Intimidate|boost
|-unboost|p2a: Porygon2|atk|1
|-unboost|p2b: Meowscarada|atk|1
|turn|1
|
|t:|1750806369
|move|p1a: Incineroar|Fake Out|p2b: Meowscarada
|-damage|p2b: Meowscarada|83/100
|move|p1b: Urshifu|Close Combat|p2a: Porygon2
|-supereffective|p2a: Porygon2
|-damage|p2a: Porygon2|16/100
|-unboost|p1b: Urshifu|def|1
|-unboost|p1b: Urshifu|spd|1
|cant|p2b: Meowscarada|flinch
|move|p2a: Porygon2|Thunderbolt|p1b: Urshifu
|-supereffective|p1b: Urshifu
|-damage|p1b: Urshifu|2/100
|-status|p1b: Urshifu|par
|
|upkeep
|turn|2
|
|t:|1750806391
|move|p2b: Meowscarada|U-turn|p1b: Urshifu
|-start|p2b: Meowscarada|typechange|Bug|[from] ability: Protean
|-resisted|p1b: Urshifu
|-damage|p1b: Urshifu|0 fnt
|faint|p1b: Urshifu
|
|t:|1750806397
|switch|p2b: Corviknight|Corviknight, L50, M|100/100|[from] U-turn
|-ability|p2b: Corviknight|Pressure
|move|p2a: Porygon2|Recover|p2a: Porygon2
|-heal|p2a: Porygon2|66/100
|move|p1a: Incineroar|Flare Blitz|p2b: Corviknight
|-supereffective|p2b: Corviknight
|-damage|p2b: Corviknight|45/100
|-damage|p1a: Incineroar|82/100|[from] Recoil
|
|-heal|p2b: Corviknight|51/100|[from] item: Leftovers
|upkeep
|
|t:|1750806411
|switch|p1b: Calyrex|Calyrex-Shadow, L50|100/100
|-ability|p1b: Calyrex|As One
|-ability|p1b: Calyrex|Unnerve
|turn|3
|inactive|OdysseyOfOddities has 30 seconds left.
|
|t:|1750806437
|move|p1b: Calyrex|Psyshock|p2a: Porygon2
|-damage|p2a: Porygon2|17/100
|move|p2b: Corviknight|Taunt|p1b: Calyrex
|-start|p1b: Calyrex|move: Taunt
|move|p2a: Porygon2|Recover|p2a: Porygon2
|-heal|p2a: Porygon2|67/100
|move|p1a: Incineroar|Flare Blitz|p2a: Porygon2
|-damage|p2a: Porygon2|33/100
|-damage|p1a: Incineroar|71/100|[from] Recoil
|
|-heal|p2b: Corviknight|57/100|[from] item: Leftovers
|upkeep
|turn|4
|
|t:|1750806452
|move|p1b: Calyrex|Psyshock|p2a: Porygon2
|-damage|p2a: Porygon2|0 fnt
|faint|p2a: Porygon2
|-ability|p1b: Calyrex|Grim Neigh|boost
|-boost|p1b: Calyrex|spa|1
|move|p2b: Corviknight|Brave Bird|p1b: Calyrex
|-damage|p1b: Calyrex|52/100
|-damage|p2b: Corviknight|43/100|[from] Recoil
|move|p1a: Incineroar|Parting Shot|p2b: Corviknight
|-unboost|p2b: Corviknight|atk|1
|-unboost|p2b: Corviknight|spa|1
|
|t:|1750806463
|switch|p1a: Zamazenta|Zamazenta-Crowned, L50|100/100|[from] Parting Shot
|-ability|p1a: Zamazenta|Dauntless Shield|boost
|-boost|p1a: Zamazenta|def|1
|
|-heal|p2b: Corviknight|49/100|[from] item: Leftovers
|upkeep
|
|t:|1750806472
|switch|p2a: Meowscarada|Meowscarada, L50, F|83/100
|turn|5
|
|t:|1750806481
|switch|p1b: Incineroar|Incineroar, L50, M|71/100
|-ability|p1b: Incineroar|Intimidate|boost
|-unboost|p2a: Meowscarada|atk|1
|-unboost|p2b: Corviknight|atk|1
|move|p2a: Meowscarada|Knock Off|p1b: Incineroar
|-start|p2a: Meowscarada|typechange|Dark|[from] ability: Protean
|-resisted|p1b: Incineroar
|-damage|p1b: Incineroar|57/100
|-enditem|p1b: Incineroar|Safety Goggles|[from] move: Knock Off|[of] p2a: Meowscarada
|move|p1a: Zamazenta|Iron Defense|p1a: Zamazenta
|-boost|p1a: Zamazenta|def|2
|move|p2b: Corviknight|Roost|p2b: Corviknight
|-heal|p2b: Corviknight|99/100
|-singleturn|p2b: Corviknight|move: Roost
|
|-heal|p2b: Corviknight|100/100|[from] item: Leftovers
|upkeep
|turn|6
|inactive|OdysseyOfOddities has 30 seconds left.
|inactive|OdysseyOfOddities has 20 seconds left.
|inactive|OdysseyOfOddities has 15 seconds left.
|
|t:|1750806523
|move|p1b: Incineroar|Fake Out|p2b: Corviknight
|-resisted|p2b: Corviknight
|-damage|p2b: Corviknight|97/100
|move|p2a: Meowscarada|Flower Trick|p1b: Incineroar
|-resisted|p1b: Incineroar
|-crit|p1b: Incineroar
|-damage|p1b: Incineroar|45/100
|move|p1a: Zamazenta|Body Press|p2a: Meowscarada
|-supereffective|p2a: Meowscarada
|-damage|p2a: Meowscarada|0 fnt
|faint|p2a: Meowscarada
|cant|p2b: Corviknight|flinch
|
|-heal|p2b: Corviknight|100/100|[from] item: Leftovers
|upkeep
|
|t:|1750806537
|switch|p2a: Garchomp|Garchomp, L50, M|100/100
|turn|7
|
|t:|1750806549
|move|p1a: Zamazenta|Protect|p1a: Zamazenta
|-singleturn|p1a: Zamazenta|Protect
|move|p2a: Garchomp|Earthquake|p1b: Incineroar|[spread] p1b
|-activate|p1a: Zamazenta|move: Protect
|-immune|p2b: Corviknight
|-supereffective|p1b: Incineroar
|-damage|p1b: Incineroar|0 fnt
|faint|p1b: Incineroar
|move|p2b: Corviknight|Body Press|p1a: Zamazenta
|-activate|p1a: Zamazenta|move: Protect
|
|upkeep
|
|t:|1750806559
|switch|p1b: Calyrex|Calyrex-Shadow, L50|52/100
|-ability|p1b: Calyrex|As One
|-ability|p1b: Calyrex|Unnerve
|turn|8
|
|t:|1750806577
|-terastallize|p1b: Calyrex|Fairy
|-terastallize|p2a: Garchomp|Fire
|move|p1b: Calyrex|Tera Blast|p2a: Garchomp|[anim] Tera Blast Fairy
|-resisted|p2a: Garchomp
|-damage|p2a: Garchomp|62/100
|move|p2a: Garchomp|Earthquake|p1a: Zamazenta|[spread] p1a,p1b
|-immune|p2b: Corviknight
|-supereffective|p1a: Zamazenta
|-damage|p1a: Zamazenta|81/100
|-damage|p1b: Calyrex|4/100
|move|p1a: Zamazenta|Body Press|p2a: Garchomp
|-damage|p2a: Garchomp|0 fnt
|-damage|p1a: Zamazenta|69/100|[from] ability: Rough Skin|[of] p2a: Garchomp
|-damage|p1a: Zamazenta|53/100|[from] item: Rocky Helmet|[of] p2a: Garchomp
|faint|p2a: Garchomp
|move|p2b: Corviknight|Body Press|p1a: Zamazenta
|-supereffective|p1a: Zamazenta
|-damage|p1a: Zamazenta|41/100
|
|upkeep
|turn|9
|
|t:|1750806599
|move|p1b: Calyrex|Tera Blast|p2b: Corviknight|[anim] Tera Blast Fairy
|-resisted|p2b: Corviknight
|-damage|p2b: Corviknight|62/100
|move|p1a: Zamazenta|Body Press|p2b: Corviknight
|-damage|p2b: Corviknight|2/100
|move|p2b: Corviknight|Brave Bird|p1b: Calyrex
|-damage|p1b: Calyrex|0 fnt
|faint|p1b: Calyrex
|-damage|p2b: Corviknight|1/100|[from] Recoil
|
|-heal|p2b: Corviknight|7/100|[from] item: Leftovers
|upkeep
|turn|10
|
|t:|1750806615
|move|p1a: Zamazenta|Body Press|p2b: Corviknight
|-damage|p2b: Corviknight|0 fnt
|faint|p2b: Corviknight
|
|win|MarsTesting
|raw|MarsTesting's rating: 1078 &rarr; <strong>1107</strong><br />(+29 for winning)
|raw|OdysseyOfOddities's rating: 1091 &rarr; <strong>1066</strong><br />(-25 for losing)
|l|☆MarsTesting
|player|p1|
|l|☆OdysseyOfOddities
|player|p2|
