|j|☆leshoegg
|j|☆Monkeypolice180
|t:|1750798866
|gametype|doubles
|player|p1|leshoegg|101|1315
|player|p2|Monkeypolice180|265|1350
|teamsize|p1|6
|teamsize|p2|6
|gen|9
|tier|[Gen 9] VGC 2025 Reg I
|rated|
|rule|Species Clause: Limit one of each Pokémon
|rule|Item Clause: Limit 1 of each item
|clearpoke
|poke|p1|Miraidon, L50|
|poke|p1|Calyrex-Ice, L50|
|poke|p1|Ogerpon-Wellspring, L50, F|
|poke|p1|Altaria, L50, M|
|poke|p1|Farigiraf, L50, F|
|poke|p1|Incineroar, L50, F|
|poke|p2|Zacian-*, L50|
|poke|p2|Kyogre, L50|
|poke|p2|Urshifu-*, L50, M|
|poke|p2|Tornadus, L50, M|
|poke|p2|Indeedee-F, L50, F|
|poke|p2|Amoonguss, L50, F|
|teampreview|4
|inactive|Battle timer is ON: inactive players will automatically lose when time's up. (requested by leshoegg)
|inactive|Monkeypolice180 has 60 seconds left.
|
|t:|1750798899
|start
|switch|p1a: Calyrex|Calyrex-Ice, L50|100/100
|switch|p1b: Farigiraf|Farigiraf, L50, F|100/100
|switch|p2a: Zacian|Zacian-Crowned, L50|100/100
|switch|p2b: Indeedee|Indeedee-F, L50, F|100/100
|-ability|p1a: Calyrex|As One
|-ability|p1a: Calyrex|Unnerve
|-ability|p2a: Zacian|Intrepid Sword|boost
|-boost|p2a: Zacian|atk|1
|-fieldstart|move: Psychic Terrain|[from] ability: Psychic Surge|[of] p2b: Indeedee
|turn|1
|inactive|Monkeypolice180 has 30 seconds left.
|
|t:|1750798924
|move|p2b: Indeedee|Helping Hand|p2a: Zacian
|-singleturn|p2a: Zacian|Helping Hand|[of] p2b: Indeedee
|move|p1a: Calyrex|Protect|p1a: Calyrex
|-singleturn|p1a: Calyrex|Protect
|move|p2a: Zacian|Behemoth Blade|p1a: Calyrex
|-activate|p1a: Calyrex|move: Protect
|move|p1b: Farigiraf|Trick Room|p1b: Farigiraf
|-fieldstart|move: Trick Room|[of] p1b: Farigiraf
|
|upkeep
|turn|2
|
|t:|1750798945
|-terastallize|p1a: Calyrex|Water
|move|p1b: Farigiraf|Helping Hand|p1a: Calyrex
|-singleturn|p1a: Calyrex|Helping Hand|[of] p1b: Farigiraf
|move|p2a: Zacian|Protect|p2a: Zacian
|-singleturn|p2a: Zacian|Protect
|move|p1a: Calyrex|High Horsepower|p2a: Zacian
|-activate|p2a: Zacian|move: Protect
|move|p2b: Indeedee|Trick Room|p2b: Indeedee
|-fieldend|move: Trick Room
|
|upkeep
|turn|3
|inactive|Monkeypolice180 has 30 seconds left.
|inactive|leshoegg has 30 seconds left.
|inactive|Monkeypolice180 has 20 seconds left.
|
|t:|1750798981
|move|p2b: Indeedee|Follow Me|p2b: Indeedee
|-singleturn|p2b: Indeedee|move: Follow Me
|move|p2a: Zacian|Play Rough|p1a: Calyrex
|-damage|p1a: Calyrex|55/100
|move|p1b: Farigiraf|Psychic|p2b: Indeedee
|-resisted|p2b: Indeedee
|-damage|p2b: Indeedee|79/100
|move|p1a: Calyrex|Trick Room|p1a: Calyrex
|-fieldstart|move: Trick Room|[of] p1a: Calyrex
|
|-heal|p1a: Calyrex|61/100|[from] item: Leftovers
|upkeep
|turn|4
|inactive|leshoegg has 30 seconds left.
|inactive|Monkeypolice180 has 30 seconds left.
|
|t:|1750799010
|switch|p2a: Kyogre|Kyogre, L50|100/100
|-weather|RainDance|[from] ability: Drizzle|[of] p2a: Kyogre
|move|p1a: Calyrex|Glacial Lance|p2b: Indeedee|[spread] p2a,p2b
|-resisted|p2a: Kyogre
|-damage|p2a: Kyogre|73/100
|-damage|p2b: Indeedee|26/100
|move|p1b: Farigiraf|Foul Play|p2b: Indeedee
|-supereffective|p2b: Indeedee
|-damage|p2b: Indeedee|6/100
|-damage|p1b: Farigiraf|84/100|[from] item: Rocky Helmet|[of] p2b: Indeedee
|move|p2b: Indeedee|Trick Room|p2b: Indeedee
|-fieldend|move: Trick Room
|
|-weather|RainDance|[upkeep]
|-heal|p1a: Calyrex|67/100|[from] item: Leftovers
|upkeep
|turn|5
|
|t:|1750799032
|switch|p1a: Altaria|Altaria, L50, M|100/100
|-ability|p1a: Altaria|Cloud Nine
|move|p2b: Indeedee|Helping Hand|p2a: Kyogre
|-singleturn|p2a: Kyogre|Helping Hand|[of] p2b: Indeedee
|move|p2a: Kyogre|Water Spout|p1b: Farigiraf|[spread] p1a,p1b
|-resisted|p1a: Altaria
|-damage|p1a: Altaria|58/100
|-damage|p1b: Farigiraf|16/100
|move|p1b: Farigiraf|Psychic|p2a: Kyogre
|-damage|p2a: Kyogre|51/100
|
|-weather|RainDance|[upkeep]
|-fieldend|move: Psychic Terrain
|upkeep
|turn|6
|inactive|Monkeypolice180 has 30 seconds left.
|inactive|Monkeypolice180 has 20 seconds left.
|inactive|Monkeypolice180 has 15 seconds left.
|
|t:|1750799073
|move|p1b: Farigiraf|Helping Hand|p1a: Altaria
|-singleturn|p1a: Altaria|Helping Hand|[of] p1b: Farigiraf
|move|p1a: Altaria|Moonblast|p2a: Kyogre
|-damage|p2a: Kyogre|36/100
|move|p2a: Kyogre|Ice Beam|p1a: Altaria
|-supereffective|p1a: Altaria
|-damage|p1a: Altaria|0 fnt
|faint|p1a: Altaria
|move|p2b: Indeedee|Trick Room|p2b: Indeedee
|-fieldstart|move: Trick Room|[of] p2b: Indeedee
|
|-weather|RainDance|[upkeep]
|upkeep
|
|t:|1750799080
|switch|p1a: Calyrex|Calyrex-Ice, L50, tera:Water|67/100
|-ability|p1a: Calyrex|As One
|-ability|p1a: Calyrex|Unnerve
|turn|7
|
|t:|1750799090
|move|p1a: Calyrex|Glacial Lance|p2b: Indeedee|[spread] p2a,p2b
|-resisted|p2a: Kyogre
|-damage|p2a: Kyogre|8/100
|-damage|p2b: Indeedee|0 fnt
|faint|p2b: Indeedee
|-ability|p1a: Calyrex|Chilling Neigh|boost
|-boost|p1a: Calyrex|atk|1
|move|p1b: Farigiraf|Psychic|p2a: Kyogre
|-damage|p2a: Kyogre|0 fnt
|faint|p2a: Kyogre
|
|-weather|RainDance|[upkeep]
|-heal|p1a: Calyrex|72/100|[from] item: Leftovers
|upkeep
|
|t:|1750799101
|switch|p2b: Urshifu|Urshifu-Rapid-Strike, L50, M|100/100
|switch|p2a: Zacian|Zacian-Crowned, L50|100/100
|turn|8
|
|t:|1750799113
|switch|p1a: Miraidon|Miraidon, L50|100/100
|-fieldstart|move: Electric Terrain|[from] ability: Hadron Engine|[of] p1a: Miraidon
|-enditem|p1b: Farigiraf|Electric Seed
|-boost|p1b: Farigiraf|def|1|[from] item: Electric Seed
|move|p2a: Zacian|Protect|p2a: Zacian
|-singleturn|p2a: Zacian|Protect
|move|p1b: Farigiraf|Psychic|p2b: Urshifu
|-supereffective|p2b: Urshifu
|-damage|p2b: Urshifu|4/100
|move|p2b: Urshifu|Close Combat|p1a: Miraidon
|-damage|p1a: Miraidon|32/100
|-unboost|p2b: Urshifu|def|1
|-unboost|p2b: Urshifu|spd|1
|
|-weather|none
|upkeep
|turn|9
|
|t:|1750799134
|move|p1b: Farigiraf|Psychic|p2b: Urshifu
|-supereffective|p2b: Urshifu
|-damage|p2b: Urshifu|0 fnt
|faint|p2b: Urshifu
|move|p2a: Zacian|Play Rough|p1a: Miraidon
|-supereffective|p1a: Miraidon
|-crit|p1a: Miraidon
|-damage|p1a: Miraidon|0 fnt
|faint|p1a: Miraidon
|
|upkeep
|
|t:|1750799140
|switch|p1a: Calyrex|Calyrex-Ice, L50, tera:Water|72/100
|-ability|p1a: Calyrex|As One
|-ability|p1a: Calyrex|Unnerve
|turn|10
|
|t:|1750799159
|move|p2a: Zacian|Protect|p2a: Zacian
|-singleturn|p2a: Zacian|Protect
|move|p1a: Calyrex|High Horsepower|p2a: Zacian
|-activate|p2a: Zacian|move: Protect
|move|p1b: Farigiraf|Psychic|p2a: Zacian
|-activate|p2a: Zacian|move: Protect
|
|-heal|p1a: Calyrex|78/100|[from] item: Leftovers
|-fieldend|move: Trick Room
|upkeep
|turn|11
|inactive|Monkeypolice180 has 30 seconds left.
|
|t:|1750799192
|-terastallize|p2a: Zacian|Dragon
|move|p1a: Calyrex|Protect|p1a: Calyrex
|-singleturn|p1a: Calyrex|Protect
|move|p2a: Zacian|Play Rough|p1a: Calyrex
|-activate|p1a: Calyrex|move: Protect
|move|p1b: Farigiraf|Trick Room|p1b: Farigiraf
|-fieldstart|move: Trick Room|[of] p1b: Farigiraf
|
|-heal|p1a: Calyrex|84/100|[from] item: Leftovers
|upkeep
|turn|12
|
|t:|1750799205
|move|p1b: Farigiraf|Helping Hand|p1a: Calyrex
|-singleturn|p1a: Calyrex|Helping Hand|[of] p1b: Farigiraf
|move|p1a: Calyrex|Glacial Lance|p2a: Zacian
|-supereffective|p2a: Zacian
|-damage|p2a: Zacian|0 fnt
|faint|p2a: Zacian
|
|win|leshoegg
|raw|leshoegg's rating: 1315 &rarr; <strong>1337</strong><br />(+22 for winning)
|raw|Monkeypolice180's rating: 1350 &rarr; <strong>1328</strong><br />(-22 for losing)
|l|☆Monkeypolice180
|player|p2|
|l|☆leshoegg
|player|p1|
