|j|☆TwoBrothersPizaria
|j|☆MakePertGreatAgain
|t:|1750713000
|gametype|doubles
|player|p1|TwoBrothersPizaria|roughneck-gen4|1045
|player|p2|MakePertGreatAgain|pokemonbreeder|1000
|teamsize|p1|6
|teamsize|p2|6
|gen|9
|tier|[Gen 9] VGC 2025 Reg I
|rated|
|rule|Species Clause: Limit one of each Pokémon
|rule|Item Clause: Limit 1 of each item
|clearpoke
|poke|p1|Trevenant, L50, F|
|poke|p1|Smeargle, L50, M|
|poke|p1|Hydrapple, L50, F|
|poke|p1|Staraptor, L50, F|
|poke|p1|Kyurem-Black, L50|
|poke|p1|Zamazenta-*, L50|
|poke|p2|Miraidon, L50|
|poke|p2|Urshifu-*, L50, F|
|poke|p2|Kyogre, L50|
|poke|p2|Amoonguss, L50, F|
|poke|p2|Landorus-Therian, L50, M|
|poke|p2|Tornadus, L50, M|
|teampreview|4
MakePertGreatAgain rejected open team sheets.
|inactive|Battle timer is ON: inactive players will automatically lose when time's up. (requested by TwoBrothersPizaria)
|
|t:|1750713087
|start
|switch|p1a: Ronaldo|Smeargle, L50, M|100/100
|switch|p1b: Ronaldo5|Staraptor, L50, F|100/100
|switch|p2a: ):|Tornadus, L50, M|100/100
|switch|p2b: OGREEEE|Kyogre, L50|100/100
|-weather|RainDance|[from] ability: Drizzle|[of] p2b: OGREEEE
|turn|1
|inactive|TwoBrothersPizaria has 30 seconds left.
|
|t:|1750713121
|move|p1a: Ronaldo|Fake Out|p2a: ):
|-damage|p2a: ):|96/100
|-enditem|p2a: ):|Eject Button
|
|t:|1750713131
|switch|p2a: Volvo|Miraidon, L50|100/100
|-fieldstart|move: Electric Terrain|[from] ability: Hadron Engine|[of] p2a: Volvo
|move|p1b: Ronaldo5|Double-Edge|p2b: OGREEEE
|-damage|p2b: OGREEEE|15/100
|-damage|p1b: Ronaldo5|67/100|[from] Recoil
|move|p2b: OGREEEE|Origin Pulse|p1b: Ronaldo5|[spread] p1a,p1b
|-crit|p1b: Ronaldo5
|-enditem|p1a: Ronaldo|Focus Sash
|-damage|p1a: Ronaldo|1/100
|-damage|p1b: Ronaldo5|0 fnt
|faint|p1b: Ronaldo5
|
|-weather|RainDance|[upkeep]
|-heal|p2b: OGREEEE|20/100|[from] item: Leftovers
|-ability|p1a: Ronaldo|Moody|boost
|-boost|p1a: Ronaldo|spa|2
|-unboost|p1a: Ronaldo|spe|1
|upkeep
|
|t:|1750713153
|switch|p1b: Ronaldo4|Hydrapple, L50, F|100/100
|turn|2
|inactive|MakePertGreatAgain has 30 seconds left.
|
|t:|1750713185
|move|p1a: Ronaldo|Wide Guard|p1a: Ronaldo
|-singleturn|p1a: Ronaldo|Wide Guard
|move|p2a: Volvo|Draco Meteor|p1b: Ronaldo4
|-supereffective|p1b: Ronaldo4
|-crit|p1b: Ronaldo4
|-damage|p1b: Ronaldo4|0 fnt
|-unboost|p2a: Volvo|spa|2
|faint|p1b: Ronaldo4
|move|p2b: OGREEEE|Origin Pulse|p1a: Ronaldo
|-activate|p1a: Ronaldo|move: Wide Guard
|
|-weather|RainDance|[upkeep]
|-heal|p2b: OGREEEE|26/100|[from] item: Leftovers
|-ability|p1a: Ronaldo|Moody|boost
|-boost|p1a: Ronaldo|spe|2
|-unboost|p1a: Ronaldo|spa|1
|upkeep
|
|t:|1750713204
|switch|p1b: Ronaldo2|Zamazenta-Crowned, L50|100/100
|-ability|p1b: Ronaldo2|Dauntless Shield|boost
|-boost|p1b: Ronaldo2|def|1
|turn|3
|
|t:|1750713223
|move|p2b: OGREEEE|Protect|p2b: OGREEEE
|-singleturn|p2b: OGREEEE|Protect
|move|p1a: Ronaldo|Spore|p2a: Volvo
|-activate|p2a: Volvo|move: Electric Terrain
|move|p2a: Volvo|Volt Switch|p1b: Ronaldo2
|-damage|p1b: Ronaldo2|82/100
|
|t:|1750713240
|switch|p2a: ):|Tornadus, L50, M|96/100|[from] Volt Switch
|move|p1b: Ronaldo2|Iron Defense|p1b: Ronaldo2
|-boost|p1b: Ronaldo2|def|2
|
|-weather|RainDance|[upkeep]
|-heal|p2b: OGREEEE|32/100|[from] item: Leftovers
|-ability|p1a: Ronaldo|Moody|boost
|-boost|p1a: Ronaldo|def|2
|-unboost|p1a: Ronaldo|spa|1
|upkeep
|turn|4
|
|t:|1750713259
|move|p2a: ):|Tailwind|p2a: ):
|-sidestart|p2: MakePertGreatAgain|move: Tailwind
|move|p2b: OGREEEE|Origin Pulse|p1a: Ronaldo|[spread] p1a,p1b
|-damage|p1a: Ronaldo|0 fnt
|-damage|p1b: Ronaldo2|35/100
|faint|p1a: Ronaldo
|move|p1b: Ronaldo2|Body Press|p2a: ):
|-resisted|p2a: ):
|-damage|p2a: ):|45/100
|
|-weather|RainDance|[upkeep]
|-heal|p2b: OGREEEE|38/100|[from] item: Leftovers
|upkeep
|turn|5
|-message|TwoBrothersPizaria forfeited.
|
|win|MakePertGreatAgain
|raw|TwoBrothersPizaria's rating: 1045 &rarr; <strong>1026</strong><br />(-19 for losing)
|raw|MakePertGreatAgain's rating: 1000 &rarr; <strong>1045</strong><br />(+45 for winning)
|l|☆TwoBrothersPizaria
|player|p1|
