|j|☆Smos aap
|j|☆sunnyforces
|t:|1750854756
|gametype|doubles
|player|p1|Smos aap|265|1174
|player|p2|sunnyforces|2|1132
|teamsize|p1|6
|teamsize|p2|6
|gen|9
|tier|[Gen 9] VGC 2025 Reg I
|rated|
|rule|Species Clause: Limit one of each Pokémon
|rule|Item Clause: Limit 1 of each item
|clearpoke
|poke|p1|Palkia, L50|
|poke|p1|Calyrex-Ice, L50|
|poke|p1|Amoonguss, L50, M|
|poke|p1|Iron Hands, L50|
|poke|p1|Torkoal, L50, M|
|poke|p1|Raging Bolt, L50|
|poke|p2|Calyrex-Shadow, L50|
|poke|p2|Indeedee-F, L50, F|
|poke|p2|Articuno-Galar, L50|
|poke|p2|Flutter Mane, L50|
|poke|p2|Landorus, L50, M|
|poke|p2|Chi-Yu, L50|
|teampreview|4
|inactive|Battle timer is ON: inactive players will automatically lose when time's up. (requested by sunnyforces)
|
|t:|1750854809
|start
|switch|p1a: Palkia|Palkia, L50|100/100
|switch|p1b: Amoonguss|Amoonguss, L50, M|100/100
|switch|p2a: Calyrex|Calyrex-Shadow, L50|100/100
|switch|p2b: Indeedee|Indeedee-F, L50, F|100/100
|-ability|p2a: Calyrex|As One
|-ability|p2a: Calyrex|Unnerve
|-fieldstart|move: Psychic Terrain|[from] ability: Psychic Surge|[of] p2b: Indeedee
|-enditem|p2b: Indeedee|Psychic Seed
|-boost|p2b: Indeedee|spd|1|[from] item: Psychic Seed
|-ability|p1a: Palkia|Pressure
|turn|1
|inactive|sunnyforces has 30 seconds left.
|
|t:|1750854836
|move|p2b: Indeedee|Follow Me|p2b: Indeedee
|-singleturn|p2b: Indeedee|move: Follow Me
|move|p2a: Calyrex|Nasty Plot|p2a: Calyrex
|-boost|p2a: Calyrex|spa|2
|move|p1b: Amoonguss|Spore|p2b: Indeedee
|-status|p2b: Indeedee|slp|[from] move: Spore
|move|p1a: Palkia|Trick Room|p1a: Palkia
|-fieldstart|move: Trick Room|[of] p1a: Palkia
|
|upkeep
|turn|2
|
|t:|1750854856
|move|p2a: Calyrex|Protect|p2a: Calyrex
|-singleturn|p2a: Calyrex|Protect
|cant|p2b: Indeedee|slp
|move|p1b: Amoonguss|Spore|p2a: Calyrex
|-activate|p2a: Calyrex|move: Protect
|move|p1a: Palkia|Spacial Rend|p2a: Calyrex
|-activate|p2a: Calyrex|move: Protect
|
|upkeep
|turn|3
|
|t:|1750854874
|cant|p2b: Indeedee|slp
|move|p1b: Amoonguss|Spore|p2a: Calyrex
|-status|p2a: Calyrex|slp|[from] move: Spore
|move|p1a: Palkia|Spacial Rend|p2a: Calyrex
|-damage|p2a: Calyrex|30/100 slp
|cant|p2a: Calyrex|slp
|
|upkeep
|turn|4
|
|t:|1750854889
|cant|p2b: Indeedee|slp
|move|p1b: Amoonguss|Pollen Puff|p2a: Calyrex
|-damage|p2a: Calyrex|10/100 slp
|move|p1a: Palkia|Spacial Rend|p2b: Indeedee
|-damage|p2b: Indeedee|54/100 slp
|cant|p2a: Calyrex|slp
|
|upkeep
|turn|5
|
|t:|1750854913
|-curestatus|p2b: Indeedee|slp|[msg]
|move|p2b: Indeedee|Protect|p2b: Indeedee
|-singleturn|p2b: Indeedee|Protect
|cant|p2a: Calyrex|slp
|move|p1b: Amoonguss|Pollen Puff|p2a: Calyrex
|-damage|p2a: Calyrex|0 fnt
|faint|p2a: Calyrex
|move|p1a: Palkia|Hydro Pump|p2b: Indeedee
|-activate|p2b: Indeedee|move: Protect
|
|-fieldend|move: Trick Room
|-fieldend|move: Psychic Terrain
|upkeep
|
|t:|1750854931
|switch|p2a: Flutter Mane|Flutter Mane, L50|100/100
|-enditem|p2a: Flutter Mane|Booster Energy
|-activate|p2a: Flutter Mane|ability: Protosynthesis|[fromitem]
|-start|p2a: Flutter Mane|protosynthesisspe
|turn|6
|
|t:|1750854944
|-terastallize|p2a: Flutter Mane|Fairy
|move|p2b: Indeedee|Helping Hand|p2a: Flutter Mane
|-singleturn|p2a: Flutter Mane|Helping Hand|[of] p2b: Indeedee
|move|p1b: Amoonguss|Rage Powder|p1b: Amoonguss
|-singleturn|p1b: Amoonguss|move: Rage Powder
|move|p2a: Flutter Mane|Dazzling Gleam|p1b: Amoonguss|[spread] p1a,p1b
|-supereffective|p1a: Palkia
|-resisted|p1b: Amoonguss
|-damage|p1a: Palkia|0 fnt
|-damage|p1b: Amoonguss|75/100
|faint|p1a: Palkia
|
|upkeep
|
|t:|1750854959
|switch|p1a: Calyrex|Calyrex-Ice, L50|100/100
|-ability|p1a: Calyrex|As One
|-ability|p1a: Calyrex|Unnerve
|turn|7
|
|t:|1750854975
|move|p2b: Indeedee|Helping Hand|p2a: Flutter Mane
|-singleturn|p2a: Flutter Mane|Helping Hand|[of] p2b: Indeedee
|move|p1a: Calyrex|Protect|p1a: Calyrex
|-singleturn|p1a: Calyrex|Protect
|move|p2a: Flutter Mane|Dazzling Gleam|p1b: Amoonguss|[spread] p1b
|-activate|p1a: Calyrex|move: Protect
|-resisted|p1b: Amoonguss
|-damage|p1b: Amoonguss|46/100
|move|p1b: Amoonguss|Spore|p2a: Flutter Mane
|-status|p2a: Flutter Mane|slp|[from] move: Spore
|
|upkeep
|turn|8
|inactive|sunnyforces has 30 seconds left.
|
|t:|1750855000
|cant|p2a: Flutter Mane|slp
|move|p2b: Indeedee|Protect|p2b: Indeedee
|-singleturn|p2b: Indeedee|Protect
|move|p1b: Amoonguss|Spore|p2b: Indeedee
|-activate|p2b: Indeedee|move: Protect
|move|p1a: Calyrex|Trick Room|p1a: Calyrex
|-fieldstart|move: Trick Room|[of] p1a: Calyrex
|
|upkeep
|turn|9
|
|t:|1750855016
|switch|p1b: Torkoal|Torkoal, L50, M|100/100
|-weather|SunnyDay|[from] ability: Drought|[of] p1b: Torkoal
|move|p2b: Indeedee|Follow Me|p2b: Indeedee
|-singleturn|p2b: Indeedee|move: Follow Me
|move|p1a: Calyrex|Glacial Lance|p2a: Flutter Mane|[spread] p2a,p2b
|-damage|p2a: Flutter Mane|0 fnt
|-damage|p2b: Indeedee|0 fnt
|faint|p2a: Flutter Mane
|-end|p2a: Flutter Mane|Protosynthesis|[silent]
|faint|p2b: Indeedee
|-ability|p1a: Calyrex|Chilling Neigh|boost
|-boost|p1a: Calyrex|atk|2
|
|-weather|SunnyDay|[upkeep]
|upkeep
|
|t:|1750855032
|switch|p2b: Landorus|Landorus, L50, M|100/100
|turn|10
|
|t:|1750855046
|move|p1b: Torkoal|Eruption|p2b: Landorus
|-damage|p2b: Landorus|0 fnt
|faint|p2b: Landorus
|
|win|Smos aap
|raw|Smos aap's rating: 1174 &rarr; <strong>1196</strong><br />(+22 for winning)
|raw|sunnyforces's rating: 1132 &rarr; <strong>1110</strong><br />(-22 for losing)
|l|☆Smos aap
|player|p1|
|l|☆sunnyforces
|player|p2|
