|j|☆Twheelz27
|j|☆nico_Kaiser
|t:|1750846364
|gametype|doubles
|player|p1|Twheelz27|102|1187
|player|p2|nico_Kaiser|pryce|1232
|teamsize|p1|6
|teamsize|p2|6
|gen|9
|tier|[Gen 9] VGC 2025 Reg I
|rated|
|rule|Species Clause: Limit one of each Pokémon
|rule|Item Clause: Limit 1 of each item
|clearpoke
|poke|p1|Kyogre, L50|
|poke|p1|Zacian-*, L50|
|poke|p1|Rillaboom, L50, F|
|poke|p1|Amoonguss, L50, M|
|poke|p1|Raging Bolt, L50|
|poke|p1|Tornadus, L50, M|
|poke|p2|Tornadus, L50, M|
|poke|p2|Zacian-*, L50|
|poke|p2|Eternatus, L50|
|poke|p2|Palafin, L50, M|
|poke|p2|Landorus, L50, M|
|poke|p2|Great Tusk, L50|
|teampreview|4
|inactive|Battle timer is ON: inactive players will automatically lose when time's up. (requested by nico_Kaiser)
|inactive|Twheelz27 has 60 seconds left.
|
|t:|1750846420
|start
|switch|p1a: Rillaboom|Rillaboom, L50, F|100/100
|switch|p1b: Amoonguss|Amoonguss, L50, M|100/100
|switch|p2a: Tornadus|Tornadus, L50, M|100/100
|switch|p2b: Palafin|Palafin, L50, M|100/100
|-fieldstart|move: Grassy Terrain|[from] ability: Grassy Surge|[of] p1a: Rillaboom
|turn|1
|
|t:|1750846435
|-terastallize|p2a: Tornadus|Flying
|move|p1a: Rillaboom|Grassy Glide|p2b: Palafin
|-supereffective|p2b: Palafin
|-crit|p2b: Palafin
|-enditem|p2b: Palafin|Focus Sash
|-damage|p2b: Palafin|1/100
|move|p2a: Tornadus|Bleakwind Storm|p1a: Rillaboom|[spread] p1a,p1b
|-supereffective|p1a: Rillaboom
|-supereffective|p1b: Amoonguss
|-damage|p1a: Rillaboom|13/100
|-damage|p1b: Amoonguss|0 fnt
|-unboost|p1a: Rillaboom|spe|1
|faint|p1b: Amoonguss
|move|p2b: Palafin|Flip Turn|p1a: Rillaboom
|-resisted|p1a: Rillaboom
|-damage|p1a: Rillaboom|2/100
|
|t:|1750846452
|detailschange|p2b: Palafin|Palafin-Hero, L50, M
|switch|p2b: Great Tusk|Great Tusk, L50|100/100|[from] Flip Turn
|-enditem|p2b: Great Tusk|Booster Energy
|-activate|p2b: Great Tusk|ability: Protosynthesis|[fromitem]
|-start|p2b: Great Tusk|protosynthesisatk
|
|-heal|p1a: Rillaboom|8/100|[from] Grassy Terrain
|upkeep
|
|t:|1750846460
|switch|p1b: Kyogre|Kyogre, L50|100/100
|-weather|RainDance|[from] ability: Drizzle|[of] p1b: Kyogre
|turn|2
|
|t:|1750846475
|move|p2a: Tornadus|Tailwind|p2a: Tornadus
|-sidestart|p2: nico_Kaiser|move: Tailwind
|move|p1a: Rillaboom|Grassy Glide|p2a: Tornadus
|-resisted|p2a: Tornadus
|-damage|p2a: Tornadus|70/100
|move|p2b: Great Tusk|Close Combat|p1b: Kyogre
|-damage|p1b: Kyogre|11/100
|-unboost|p2b: Great Tusk|def|1
|-unboost|p2b: Great Tusk|spd|1
|move|p1b: Kyogre|Water Spout|p2a: Tornadus|[spread] p2a,p2b
|-crit|p2a: Tornadus
|-supereffective|p2b: Great Tusk
|-damage|p2a: Tornadus|44/100
|-damage|p2b: Great Tusk|44/100
|
|-weather|RainDance|[upkeep]
|-heal|p2b: Great Tusk|49/100|[from] Grassy Terrain
|-heal|p1b: Kyogre|17/100|[from] Grassy Terrain
|-heal|p1a: Rillaboom|14/100|[from] Grassy Terrain
|upkeep
|turn|3
|
|t:|1750846499
|move|p1a: Rillaboom|Grassy Glide|p2b: Great Tusk
|-supereffective|p2b: Great Tusk
|-damage|p2b: Great Tusk|0 fnt
|faint|p2b: Great Tusk
|-end|p2b: Great Tusk|Protosynthesis|[silent]
|move|p2a: Tornadus|Icy Wind|p1b: Kyogre|[spread] p1a,p1b
|-supereffective|p1a: Rillaboom
|-resisted|p1b: Kyogre
|-damage|p1a: Rillaboom|0 fnt
|-damage|p1b: Kyogre|11/100
|-unboost|p1b: Kyogre|spe|1
|faint|p1a: Rillaboom
|move|p1b: Kyogre|Ice Beam|p2a: Tornadus
|-supereffective|p2a: Tornadus
|-damage|p2a: Tornadus|0 fnt
|faint|p2a: Tornadus
|
|-weather|RainDance|[upkeep]
|-heal|p1b: Kyogre|18/100|[from] Grassy Terrain
|upkeep
|
|t:|1750846514
|switch|p2a: Palafin|Palafin-Hero, L50, M|1/100
|switch|p2b: Zacian|Zacian-Crowned, L50|100/100
|switch|p1a: Zacian|Zacian-Crowned, L50|100/100
|-ability|p2b: Zacian|Intrepid Sword|boost
|-boost|p2b: Zacian|atk|1
|-activate|p2a: Palafin|ability: Zero to Hero
|-ability|p1a: Zacian|Intrepid Sword|boost
|-boost|p1a: Zacian|atk|1
|turn|4
|inactive|Twheelz27 has 30 seconds left.
|inactive|Twheelz27 has 20 seconds left.
|inactive|Twheelz27 has 15 seconds left.
|
|t:|1750846556
|move|p1a: Zacian|Protect|p1a: Zacian
|-singleturn|p1a: Zacian|Protect
|move|p1b: Kyogre|Protect|p1b: Kyogre
|-singleturn|p1b: Kyogre|Protect
|move|p2b: Zacian|Behemoth Blade|p1a: Zacian
|-activate|p1a: Zacian|move: Protect
|move|p2a: Palafin|Drain Punch|p1b: Kyogre
|-activate|p1b: Kyogre|move: Protect
|
|-weather|RainDance|[upkeep]
|-heal|p2a: Palafin|7/100|[from] Grassy Terrain
|-heal|p1b: Kyogre|24/100|[from] Grassy Terrain
|upkeep
|turn|5
|
|t:|1750846572
|move|p2b: Zacian|Behemoth Blade|p1a: Zacian
|-damage|p1a: Zacian|22/100
|move|p2a: Palafin|Drain Punch|p1b: Kyogre
|-damage|p1b: Kyogre|0 fnt
|-heal|p2a: Palafin|18/100|[from] drain|[of] p1b: Kyogre
|faint|p1b: Kyogre
|move|p1a: Zacian|Behemoth Blade|p2b: Zacian
|-damage|p2b: Zacian|21/100
|
|-weather|RainDance|[upkeep]
|-heal|p2b: Zacian|27/100|[from] Grassy Terrain
|-heal|p2a: Palafin|24/100|[from] Grassy Terrain
|-heal|p1a: Zacian|28/100|[from] Grassy Terrain
|-sideend|p2: nico_Kaiser|move: Tailwind
|-fieldend|move: Grassy Terrain
|upkeep
|turn|6
|-message|Twheelz27 forfeited.
|
|win|nico_Kaiser
|raw|Twheelz27's rating: 1187 &rarr; <strong>1165</strong><br />(-22 for losing)
|raw|nico_Kaiser's rating: 1232 &rarr; <strong>1254</strong><br />(+22 for winning)
|l|☆Twheelz27
|player|p1|
|l|☆nico_Kaiser
|player|p2|
