|j|☆zzmmzz
|j|☆atahualpamaia
|t:|1750806526
|gametype|doubles
|player|p1|zzmmzz|2|1091
|player|p2|atahualpamaia|veteran-gen4|1122
|teamsize|p1|6
|teamsize|p2|6
|gen|9
|tier|[Gen 9] VGC 2025 Reg I
|rated|
|rule|Species Clause: Limit one of each Pokémon
|rule|Item Clause: Limit 1 of each item
|clearpoke
|poke|p1|Volbeat, L50, M|
|poke|p1|Kyogre, L50|
|poke|p1|Lumineon, L50, F|
|poke|p1|Toxtricity, L50, M|
|poke|p1|Palkia-Origin, L50|
|poke|p1|Dusclops, L50, F|
|poke|p2|Zacian-*, L50|
|poke|p2|Kyogre, L50|
|poke|p2|Grimmsnarl, L50, M|
|poke|p2|Rillaboom, L50, M|
|poke|p2|Incineroar, L50, M|
|poke|p2|Whimsicott, L50, F|
|teampreview|4
|inactive|Battle timer is ON: inactive players will automatically lose when time's up. (requested by atahualpamaia)
|
|t:|1750806545
|start
|switch|p1a: Toxtricity|Toxtricity, L50, M|100/100
|switch|p1b: Volbeat|Volbeat, L50, M|100/100
|switch|p2a: Kyogre|Kyogre, L50|100/100
|switch|p2b: Whimsicott|Whimsicott, L50, F|100/100
|-weather|RainDance|[from] ability: Drizzle|[of] p2a: Kyogre
|turn|1
|inactive|zzmmzz has 30 seconds left.
|
|t:|1750806571
|move|p2b: Whimsicott|Tailwind|p2b: Whimsicott
|-sidestart|p2: atahualpamaia|move: Tailwind
|move|p1b: Volbeat|Tailwind|p1b: Volbeat
|-sidestart|p1: zzmmzz|move: Tailwind
|move|p1a: Toxtricity|Overdrive|p2a: Kyogre|[spread] p2a,p2b
|-supereffective|p2a: Kyogre
|-resisted|p2b: Whimsicott
|-damage|p2a: Kyogre|31/100
|-damage|p2b: Whimsicott|75/100
|-damage|p1a: Toxtricity|90/100|[from] item: Life Orb
|move|p2a: Kyogre|Water Spout|p1a: Toxtricity|[spread] p1a,p1b
|-damage|p1a: Toxtricity|46/100
|-damage|p1b: Volbeat|74/100
|
|-weather|RainDance|[upkeep]
|upkeep
|turn|2
|inactive|zzmmzz has 30 seconds left.
|inactive|atahualpamaia has 30 seconds left.
|
|t:|1750806602
|switch|p2a: Incineroar|Incineroar, L50, M|100/100
|-ability|p2a: Incineroar|Intimidate|boost
|-unboost|p1a: Toxtricity|atk|1
|-unboost|p1b: Volbeat|atk|1
|-terastallize|p1a: Toxtricity|Normal
|move|p1b: Volbeat|Helping Hand|p1a: Toxtricity
|-singleturn|p1a: Toxtricity|Helping Hand|[of] p1b: Volbeat
|move|p1a: Toxtricity|Boomburst|p2b: Whimsicott|[spread] p1b,p2a,p2b
|-damage|p1b: Volbeat|0 fnt
|-damage|p2a: Incineroar|2/100
|-damage|p2b: Whimsicott|0 fnt
|-enditem|p2a: Incineroar|Sitrus Berry|[eat]
|-heal|p2a: Incineroar|27/100|[from] item: Sitrus Berry
|faint|p1b: Volbeat
|faint|p2b: Whimsicott
|-damage|p1a: Toxtricity|36/100|[from] item: Life Orb
|
|-weather|RainDance|[upkeep]
|upkeep
|inactive|zzmmzz has 30 seconds left.
|
|t:|1750806631
|switch|p2b: Zacian|Zacian-Crowned, L50|100/100
|switch|p1b: Palkia|Palkia-Origin, L50|100/100
|-ability|p2b: Zacian|Intrepid Sword|boost
|-boost|p2b: Zacian|atk|1
|turn|3
|
|t:|1750806651
|move|p1b: Palkia|Protect|p1b: Palkia
|-singleturn|p1b: Palkia|Protect
|move|p2a: Incineroar|Fake Out|p1a: Toxtricity
|-damage|p1a: Toxtricity|19/100
|move|p2b: Zacian|Play Rough|p1b: Palkia
|-activate|p1b: Palkia|move: Protect
|cant|p1a: Toxtricity|flinch
|
|-weather|RainDance|[upkeep]
|upkeep
|turn|4
|
|t:|1750806668
|-terastallize|p2a: Incineroar|Ghost
|move|p2b: Zacian|Play Rough|p1b: Palkia|[miss]
|-miss|p2b: Zacian|p1b: Palkia
|move|p1b: Palkia|Thunder|p2b: Zacian
|-damage|p2b: Zacian|63/100
|move|p1a: Toxtricity|Boomburst|p2a: Incineroar|[spread] p2b
|-activate|p1b: Palkia|ability: Telepathy
|-immune|p2a: Incineroar
|-resisted|p2b: Zacian
|-damage|p2b: Zacian|29/100
|-damage|p1a: Toxtricity|9/100|[from] item: Life Orb
|move|p2a: Incineroar|Knock Off|p1a: Toxtricity
|-damage|p1a: Toxtricity|0 fnt
|-enditem|p1a: Toxtricity|Life Orb|[from] move: Knock Off|[of] p2a: Incineroar
|faint|p1a: Toxtricity
|
|-weather|RainDance|[upkeep]
|-sideend|p1: zzmmzz|move: Tailwind
|-sideend|p2: atahualpamaia|move: Tailwind
|upkeep
|
|t:|1750806683
|switch|p1a: Kyogre|Kyogre, L50|100/100
|turn|5
|
|t:|1750806701
|move|p2b: Zacian|Play Rough|p1a: Kyogre
|-damage|p1a: Kyogre|8/100
|move|p1b: Palkia|Thunder|p2b: Zacian
|-damage|p2b: Zacian|0 fnt
|faint|p2b: Zacian
|move|p1a: Kyogre|Origin Pulse|p2a: Incineroar
|-damage|p2a: Incineroar|0 fnt
|faint|p2a: Incineroar
|
|-weather|none
|upkeep
|-message|atahualpamaia forfeited.
|
|win|zzmmzz
|raw|zzmmzz's rating: 1091 &rarr; <strong>1120</strong><br />(+29 for winning)
|raw|atahualpamaia's rating: 1122 &rarr; <strong>1095</strong><br />(-27 for losing)
|l|☆atahualpamaia
|player|p2|
|l|☆zzmmzz
|player|p1|
