|j|☆tgoatman5
|j|☆Donkeep
|t:|1750835798
|gametype|doubles
|player|p1|tgoatman5|hugh|1171
|player|p2|Donkeep|fisherman-gen4|1201
|teamsize|p1|6
|teamsize|p2|6
|gen|9
|tier|[Gen 9] VGC 2025 Reg I
|rated|
|rule|Species Clause: Limit one of each Pokémon
|rule|Item Clause: Limit 1 of each item
|clearpoke
|poke|p1|Whimsicott, L50, M|
|poke|p1|Urshifu-*, L50, F|
|poke|p1|Ursaluna, L50, F|
|poke|p1|Miraidon, L50|
|poke|p1|Lunala, L50|
|poke|p1|Incineroar, L50, F|
|poke|p2|Inteleon, L50, F|
|poke|p2|Noivern, L50, F|
|poke|p2|Miraidon, L50|
|poke|p2|Iron Moth, L50|
|poke|p2|Weavile, L50, M|
|poke|p2|Groudon, L50|
|teampreview|4
|inactive|Battle timer is ON: inactive players will automatically lose when time's up. (requested by Donkeep)
tgoatman5 rejected open team sheets.
|inactive|tgoatman5 has 60 seconds left.
|inactive|Donkeep has 60 seconds left.
|
|t:|1750835833
|start
|switch|p1a: Miraidon|Miraidon, L50|100/100
|switch|p1b: Incineroar|Incineroar, L50, F|100/100
|switch|p2a: Groudon|Groudon, L50|100/100
|switch|p2b: Miraidon|Miraidon, L50|100/100
|-fieldstart|move: Electric Terrain|[from] ability: Hadron Engine|[of] p2b: Miraidon
|-activate|p1a: Miraidon|ability: Hadron Engine
|-ability|p1b: Incineroar|Intimidate|boost
|-unboost|p2a: Groudon|atk|1
|-unboost|p2b: Miraidon|atk|1
|-weather|SunnyDay|[from] ability: Drought|[of] p2a: Groudon
|turn|1
|inactive|tgoatman5 has 30 seconds left.
|inactive|tgoatman5 has 20 seconds left.
|
|t:|1750835872
|-terastallize|p2b: Miraidon|Electric
|move|p2a: Groudon|Protect|p2a: Groudon
|-singleturn|p2a: Groudon|Protect
|move|p1b: Incineroar|Fake Out|p2b: Miraidon
|-damage|p2b: Miraidon|90/100
|cant|p2b: Miraidon|flinch
|move|p1a: Miraidon|Draco Meteor|p2a: Groudon
|-activate|p2a: Groudon|move: Protect
|
|-weather|SunnyDay|[upkeep]
|upkeep
|turn|2
|inactive|tgoatman5 has 30 seconds left.
|inactive|Donkeep has 30 seconds left.
|inactive|tgoatman5 has 20 seconds left.
|
|t:|1750835911
|move|p2b: Miraidon|Dazzling Gleam|p1b: Incineroar|[spread] p1a,p1b
|-supereffective|p1a: Miraidon
|-crit|p1a: Miraidon
|-damage|p1a: Miraidon|42/100
|-damage|p1b: Incineroar|81/100
|move|p1a: Miraidon|Draco Meteor|p2a: Groudon|[miss]
|-miss|p1a: Miraidon|p2a: Groudon
|move|p1b: Incineroar|U-turn|p2a: Groudon
|-damage|p2a: Groudon|87/100
|
|t:|1750835920
|switch|p1b: Lunala|Lunala, L50|100/100|[from] U-turn
|-enditem|p1b: Lunala|Electric Seed
|-boost|p1b: Lunala|def|1|[from] item: Electric Seed
|move|p2a: Groudon|Bulk Up|p2a: Groudon
|-boost|p2a: Groudon|atk|1
|-boost|p2a: Groudon|def|1
|
|-weather|SunnyDay|[upkeep]
|-heal|p2a: Groudon|93/100|[from] item: Leftovers
|upkeep
|turn|3
|
|t:|1750835944
|move|p1b: Lunala|Wide Guard|p1b: Lunala
|-singleturn|p1b: Lunala|Wide Guard
|move|p2b: Miraidon|Parabolic Charge|p1a: Miraidon|[spread] 
|-activate|p1a: Miraidon|move: Wide Guard
|-activate|p1b: Lunala|move: Wide Guard
|-immune|p2a: Groudon
|move|p1a: Miraidon|Draco Meteor|p2a: Groudon
|-damage|p2a: Groudon|0 fnt
|-unboost|p1a: Miraidon|spa|2
|faint|p2a: Groudon
|
|-weather|SunnyDay|[upkeep]
|upkeep
|
|t:|1750835960
|switch|p2a: Noivern|Noivern, L50, F|100/100
|turn|4
|
|t:|1750835972
|move|p1b: Lunala|Wide Guard|p1b: Lunala
|-singleturn|p1b: Lunala|Wide Guard
|move|p2b: Miraidon|Electro Drift|p1b: Lunala
|-damage|p1b: Lunala|54/100
|move|p2a: Noivern|Tailwind|p2a: Noivern
|-sidestart|p2: Donkeep|move: Tailwind
|move|p1a: Miraidon|Draco Meteor|p2a: Noivern
|-supereffective|p2a: Noivern
|-enditem|p2a: Noivern|Focus Sash
|-damage|p2a: Noivern|1/100
|-unboost|p1a: Miraidon|spa|2
|
|-weather|SunnyDay|[upkeep]
|upkeep
|turn|5
|
|t:|1750835993
|switch|p1a: Ursaluna|Ursaluna, L50, F|100/100
|move|p2b: Miraidon|Electro Drift|p1b: Lunala
|-damage|p1b: Lunala|0 fnt
|faint|p1b: Lunala
|move|p2a: Noivern|Draco Meteor|p1a: Ursaluna
|-damage|p1a: Ursaluna|48/100
|-unboost|p2a: Noivern|spa|2
|
|-weather|none
|-fieldend|move: Electric Terrain
|-status|p1a: Ursaluna|brn|[from] item: Flame Orb
|upkeep
|
|t:|1750836005
|switch|p1b: Incineroar|Incineroar, L50, F|81/100
|-ability|p1b: Incineroar|Intimidate|boost
|-unboost|p2a: Noivern|atk|1
|-unboost|p2b: Miraidon|atk|1
|turn|6
|inactive|tgoatman5 has 30 seconds left.
|
|t:|1750836032
|move|p1b: Incineroar|Fake Out|p2a: Noivern
|-damage|p2a: Noivern|0 fnt
|faint|p2a: Noivern
|move|p2b: Miraidon|Draco Meteor|p1a: Ursaluna
|-damage|p1a: Ursaluna|0 fnt
|-unboost|p2b: Miraidon|spa|2
|faint|p1a: Ursaluna
|
|upkeep
|
|t:|1750836041
|switch|p2a: Inteleon|Inteleon, L50, F|100/100
|switch|p1a: Miraidon|Miraidon, L50|42/100
|-fieldstart|move: Electric Terrain|[from] ability: Hadron Engine|[of] p1a: Miraidon
|turn|7
|
|t:|1750836065
|move|p2b: Miraidon|Dazzling Gleam|p1b: Incineroar|[spread] p1a,p1b
|-supereffective|p1a: Miraidon
|-damage|p1a: Miraidon|22/100
|-damage|p1b: Incineroar|73/100
|move|p2a: Inteleon|Snipe Shot|p1b: Incineroar
|-supereffective|p1b: Incineroar
|-crit|p1b: Incineroar
|-damage|p1b: Incineroar|0 fnt
|faint|p1b: Incineroar
|move|p1a: Miraidon|Electro Drift|p2a: Inteleon
|-supereffective|p2a: Inteleon
|-damage|p2a: Inteleon|0 fnt
|faint|p2a: Inteleon
|
|-sideend|p2: Donkeep|move: Tailwind
|upkeep
|turn|8
|
|t:|1750836081
|-terastallize|p1a: Miraidon|Fairy
|move|p2b: Miraidon|Draco Meteor|p1a: Miraidon
|-immune|p1a: Miraidon
|move|p1a: Miraidon|Electro Drift|p2b: Miraidon
|-resisted|p2b: Miraidon
|-damage|p2b: Miraidon|35/100
|
|upkeep
|turn|9
|
|t:|1750836090
|move|p2b: Miraidon|Electro Drift|p1a: Miraidon
|-crit|p1a: Miraidon
|-damage|p1a: Miraidon|0 fnt
|faint|p1a: Miraidon
|
|win|Donkeep
|raw|tgoatman5's rating: 1171 &rarr; <strong>1148</strong><br />(-23 for losing)
|raw|Donkeep's rating: 1201 &rarr; <strong>1224</strong><br />(+23 for winning)
|l|☆tgoatman5
|player|p1|
|l|☆Donkeep
|player|p2|
