|j|☆calamity Jon
|j|☆syunx2
|t:|1750830436
|gametype|doubles
|player|p1|calamity Jon|2|1186
|player|p2|syunx2|marley|1235
|teamsize|p1|6
|teamsize|p2|6
|gen|9
|tier|[Gen 9] VGC 2025 Reg I
|rated|
|rule|Species Clause: Limit one of each Pokémon
|rule|Item Clause: Limit 1 of each item
|clearpoke
|poke|p1|Kyogre, L50|
|poke|p1|Ho-Oh, L50|
|poke|p1|Dusclops, L50, F|
|poke|p1|Raichu, L50, F|
|poke|p1|Hariyama, L50, M|
|poke|p1|Rhydon, L50, M|
|poke|p2|Chi-Yu, L50|
|poke|p2|Glimmora, L50, F|
|poke|p2|Calyrex-Shadow, L50|
|poke|p2|Zamazenta-*, L50|
|poke|p2|Raging Bolt, L50|
|poke|p2|Rillaboom, L50, F|
|teampreview|4
|inactive|Battle timer is ON: inactive players will automatically lose when time's up. (requested by syunx2)
|inactive|calamity Jon has 60 seconds left.
|inactive|calamity Jon has 30 seconds left.
|
|t:|1750830498
|start
|switch|p1a: Hariyama|Hariyama, L50, M|100/100
|switch|p1b: Dusclops|Dusclops, L50, F|100/100
|switch|p2a: Calyrex|Calyrex-Shadow, L50|100/100
|switch|p2b: Chi-Yu|Chi-Yu, L50|100/100
|-ability|p2a: Calyrex|As One
|-ability|p2a: Calyrex|Unnerve
|-ability|p2b: Chi-Yu|Beads of Ruin
|-item|p2a: Calyrex|Focus Sash|[from] ability: Frisk|[of] p1b: Dusclops
|-item|p2b: Chi-Yu|Choice Scarf|[from] ability: Frisk|[of] p1b: Dusclops
|turn|1
|inactive|syunx2 has 30 seconds left.
|
|t:|1750830524
|switch|p2b: Glimmora|Glimmora, L50, F|100/100
|-terastallize|p1b: Dusclops|Dark
|move|p1a: Hariyama|Wide Guard|p1a: Hariyama
|-singleturn|p1a: Hariyama|Wide Guard
|move|p2a: Calyrex|Psychic|p1a: Hariyama
|-supereffective|p1a: Hariyama
|-damage|p1a: Hariyama|7/100
|move|p1b: Dusclops|Trick Room|p1b: Dusclops
|-fieldstart|move: Trick Room|[of] p1b: Dusclops
|
|-status|p1a: Hariyama|brn|[from] item: Flame Orb
|upkeep
|turn|2
|
|t:|1750830546
|move|p2a: Calyrex|Protect|p2a: Calyrex
|-singleturn|p2a: Calyrex|Protect
|move|p1b: Dusclops|Night Shade|p2a: Calyrex
|-activate|p2a: Calyrex|move: Protect
|move|p1a: Hariyama|Close Combat|p2b: Glimmora
|-damage|p2b: Glimmora|21/100
|-unboost|p1a: Hariyama|def|1
|-unboost|p1a: Hariyama|spd|1
|-activate|p2b: Glimmora|ability: Toxic Debris
|-sidestart|p1: calamity Jon|move: Toxic Spikes
|-enditem|p2b: Glimmora|Red Card|[of] p1a: Hariyama
|drag|p1a: Ho-Oh|Ho-Oh, L50|100/100
|move|p2b: Glimmora|Mortal Spin|p1b: Dusclops|[spread] p1a,p1b
|-damage|p1a: Ho-Oh|96/100
|-damage|p1b: Dusclops|96/100
|-status|p1a: Ho-Oh|psn
|-status|p1b: Dusclops|psn
|
|-heal|p1b: Dusclops|100/100 psn|[from] item: Leftovers
|-damage|p1b: Dusclops|88/100 psn|[from] psn
|-damage|p1a: Ho-Oh|84/100 psn|[from] psn
|upkeep
|turn|3
|inactive|syunx2 has 30 seconds left.
|
|t:|1750830577
|switch|p2a: Chi-Yu|Chi-Yu, L50|100/100
|-ability|p2a: Chi-Yu|Beads of Ruin
|move|p1b: Dusclops|Night Shade|p2a: Chi-Yu
|-damage|p2a: Chi-Yu|62/100
|move|p1a: Ho-Oh|Sacred Fire|p2a: Chi-Yu
|-resisted|p2a: Chi-Yu
|-damage|p2a: Chi-Yu|19/100
|move|p2b: Glimmora|Power Gem|p1a: Ho-Oh
|-supereffective|p1a: Ho-Oh
|-damage|p1a: Ho-Oh|0 fnt
|faint|p1a: Ho-Oh
|
|-heal|p1b: Dusclops|94/100 psn|[from] item: Leftovers
|-damage|p1b: Dusclops|82/100 psn|[from] psn
|upkeep
|
|t:|1750830592
|switch|p1a: Hariyama|Hariyama, L50, M|7/100 brn
|turn|4
|
|t:|1750830605
|move|p2b: Glimmora|Spiky Shield|p2b: Glimmora
|-singleturn|p2b: Glimmora|move: Protect
|move|p1b: Dusclops|Night Shade|p2b: Glimmora
|-activate|p2b: Glimmora|move: Protect
|move|p1a: Hariyama|Close Combat|p2a: Chi-Yu
|-supereffective|p2a: Chi-Yu
|-damage|p2a: Chi-Yu|0 fnt
|-unboost|p1a: Hariyama|def|1
|-unboost|p1a: Hariyama|spd|1
|faint|p2a: Chi-Yu
|
|-heal|p1b: Dusclops|88/100 psn|[from] item: Leftovers
|-damage|p1b: Dusclops|76/100 psn|[from] psn
|-damage|p1a: Hariyama|1/100 brn|[from] brn
|upkeep
|
|t:|1750830615
|switch|p2a: Raging Bolt|Raging Bolt, L50|100/100
|turn|5
|
|t:|1750830637
|move|p2a: Raging Bolt|Thunderclap|p1a: Hariyama
|-damage|p1a: Hariyama|0 fnt
|faint|p1a: Hariyama
|move|p1b: Dusclops|Night Shade|p2b: Glimmora
|-damage|p2b: Glimmora|0 fnt
|faint|p2b: Glimmora
|
|-heal|p1b: Dusclops|82/100 psn|[from] item: Leftovers
|-damage|p1b: Dusclops|70/100 psn|[from] psn
|-fieldend|move: Trick Room
|upkeep
|
|t:|1750830642
|switch|p2b: Calyrex|Calyrex-Shadow, L50|100/100
|switch|p1a: Rhydon|Rhydon, L50, M|100/100
|-ability|p2b: Calyrex|As One
|-ability|p2b: Calyrex|Unnerve
|-status|p1a: Rhydon|psn
|turn|6
|
|t:|1750830654
|move|p2b: Calyrex|Protect|p2b: Calyrex
|-singleturn|p2b: Calyrex|Protect
|move|p2a: Raging Bolt|Draco Meteor|p1b: Dusclops|[miss]
|-miss|p2a: Raging Bolt|p1b: Dusclops
|move|p1a: Rhydon|High Horsepower|p2a: Raging Bolt
|-supereffective|p2a: Raging Bolt
|-damage|p2a: Raging Bolt|30/100
|move|p1b: Dusclops|Trick Room|p1b: Dusclops
|-fieldstart|move: Trick Room|[of] p1b: Dusclops
|
|-heal|p1b: Dusclops|76/100 psn|[from] item: Leftovers
|-damage|p1b: Dusclops|64/100 psn|[from] psn
|-damage|p1a: Rhydon|88/100 psn|[from] psn
|upkeep
|turn|7
|
|t:|1750830673
|move|p1b: Dusclops|Night Shade|p2b: Calyrex
|-damage|p2b: Calyrex|72/100
|move|p1a: Rhydon|High Horsepower|p2a: Raging Bolt
|-supereffective|p2a: Raging Bolt
|-damage|p2a: Raging Bolt|0 fnt
|faint|p2a: Raging Bolt
|-end|p2a: Raging Bolt|Protosynthesis|[silent]
|move|p2b: Calyrex|Astral Barrage|p1a: Rhydon|[spread] p1a,p1b
|-resisted|p1b: Dusclops
|-damage|p1a: Rhydon|47/100 psn
|-damage|p1b: Dusclops|42/100 psn
|
|-heal|p1b: Dusclops|48/100 psn|[from] item: Leftovers
|-damage|p1b: Dusclops|36/100 psn|[from] psn
|-damage|p1a: Rhydon|34/100 psn|[from] psn
|upkeep
|turn|8
|
|t:|1750830693
|move|p2b: Calyrex|Protect|p2b: Calyrex
|-singleturn|p2b: Calyrex|Protect
|move|p1b: Dusclops|Night Shade|p2b: Calyrex
|-activate|p2b: Calyrex|move: Protect
|move|p1a: Rhydon|High Horsepower|p2b: Calyrex
|-activate|p2b: Calyrex|move: Protect
|
|-heal|p1b: Dusclops|42/100 psn|[from] item: Leftovers
|-damage|p1b: Dusclops|30/100 psn|[from] psn
|-damage|p1a: Rhydon|22/100 psn|[from] psn
|upkeep
|turn|9
|
|t:|1750830709
|move|p1b: Dusclops|Night Shade|p2b: Calyrex
|-damage|p2b: Calyrex|43/100
|move|p1a: Rhydon|High Horsepower|p2b: Calyrex
|-damage|p2b: Calyrex|0 fnt
|faint|p2b: Calyrex
|
|win|calamity Jon
|raw|calamity Jon's rating: 1186 &rarr; <strong>1215</strong><br />(+29 for winning)
|raw|syunx2's rating: 1235 &rarr; <strong>1206</strong><br />(-29 for losing)
|l|☆syunx2
|player|p2|
|l|☆calamity Jon
|player|p1|
