|j|☆Jungle211
|j|☆brent0n__
|t:|1750816343
|gametype|doubles
|player|p1|Jungle211|hugh|1301
|player|p2|brent0n__|265|1338
|teamsize|p1|6
|teamsize|p2|6
|gen|9
|tier|[Gen 9] VGC 2025 Reg I
|rated|
|rule|Species Clause: Limit one of each Pokémon
|rule|Item Clause: Limit 1 of each item
|clearpoke
|poke|p1|Clefairy, L50, F|
|poke|p1|Zacian-*, L50|
|poke|p1|Perrserker, L50, M|
|poke|p1|Kyogre, L50|
|poke|p1|Chesnaught, L50, M|
|poke|p1|Incineroar, L50, M|
|poke|p2|Calyrex-Ice, L50|
|poke|p2|Miraidon, L50|
|poke|p2|Grimmsnarl, L50, M|
|poke|p2|Landorus, L50, M|
|poke|p2|Urshifu-*, L50, F|
|poke|p2|Incineroar, L50, M|
|teampreview|4
|inactive|Battle timer is ON: inactive players will automatically lose when time's up. (requested by brent0n__)
|inactive|brent0n__ has 60 seconds left.
|
|t:|1750816379
|start
|switch|p1a: Zacian|Zacian-Crowned, L50, shiny|100/100
|switch|p1b: Perrserker|Perrserker, L50, M|100/100
|switch|p2a: Grimmsnarl|Grimmsnarl, L50, M|100/100
|switch|p2b: Calyrex|Calyrex-Ice, L50|100/100
|-ability|p2b: Calyrex|As One
|-ability|p2b: Calyrex|Unnerve
|-ability|p1a: Zacian|Intrepid Sword|boost
|-boost|p1a: Zacian|atk|1
|turn|1
|
|t:|1750816398
|switch|p2a: Incineroar|Incineroar, L50, M|100/100
|-ability|p2a: Incineroar|Intimidate|boost
|-unboost|p1a: Zacian|atk|1
|-unboost|p1b: Perrserker|atk|1
|-terastallize|p2b: Calyrex|Water
|move|p1b: Perrserker|Fake Out|p2a: Incineroar
|-damage|p2a: Incineroar|94/100
|-damage|p1b: Perrserker|84/100|[from] item: Rocky Helmet|[of] p2a: Incineroar
|move|p1a: Zacian|Behemoth Blade|p2a: Incineroar
|-resisted|p2a: Incineroar
|-damage|p2a: Incineroar|64/100
|-damage|p1a: Zacian|84/100|[from] item: Rocky Helmet|[of] p2a: Incineroar
|move|p2b: Calyrex|Leech Seed|p1b: Perrserker|[miss]
|-miss|p2b: Calyrex|p1b: Perrserker
|
|upkeep
|turn|2
|inactive|brent0n__ has 30 seconds left.
|
|t:|1750816425
|switch|p1a: Kyogre|Kyogre, L50|100/100
|-weather|RainDance|[from] ability: Drizzle|[of] p1a: Kyogre
|switch|p1b: Clefairy|Clefairy, L50, F, shiny|100/100
|move|p2a: Incineroar|Fake Out|p1a: Kyogre
|-damage|p1a: Kyogre|91/100
|move|p2b: Calyrex|Trick Room|p2b: Calyrex
|-fieldstart|move: Trick Room|[of] p2b: Calyrex
|
|-weather|RainDance|[upkeep]
|upkeep
|turn|3
|
|t:|1750816440
|switch|p2a: Grimmsnarl|Grimmsnarl, L50, M|100/100
|move|p1b: Clefairy|After You|p1a: Kyogre
|-activate|p1a: Kyogre|move: After You
|move|p1a: Kyogre|Thunder|p2b: Calyrex
|-supereffective|p2b: Calyrex
|-damage|p2b: Calyrex|49/100
|move|p2b: Calyrex|Leech Seed|p1a: Kyogre
|-start|p1a: Kyogre|move: Leech Seed
|
|-weather|RainDance|[upkeep]
|-heal|p2b: Calyrex|55/100|[from] item: Leftovers
|-damage|p1a: Kyogre|79/100|[from] Leech Seed|[of] p2b: Calyrex
|-heal|p2b: Calyrex|65/100|[silent]
|upkeep
|turn|4
|inactive|Jungle211 has 30 seconds left.
|
|t:|1750816472
|move|p2b: Calyrex|Protect|p2b: Calyrex
|-singleturn|p2b: Calyrex|Protect
|move|p2a: Grimmsnarl|Light Screen|p2a: Grimmsnarl
|-sidestart|p2: brent0n__|move: Light Screen
|move|p1b: Clefairy|Life Dew||[still]|[spread] p1a,p1b
|-heal|p1a: Kyogre|100/100
|-fail|p1b: Clefairy|heal
|move|p1a: Kyogre|Thunder|p2b: Calyrex
|-activate|p2b: Calyrex|move: Protect
|
|-weather|RainDance|[upkeep]
|-heal|p2b: Calyrex|71/100|[from] item: Leftovers
|-damage|p1a: Kyogre|88/100|[from] Leech Seed|[of] p2b: Calyrex
|-heal|p2b: Calyrex|81/100|[silent]
|upkeep
|turn|5
|
|t:|1750816491
|switch|p2b: Incineroar|Incineroar, L50, M|64/100
|-ability|p2b: Incineroar|Intimidate|boost
|-unboost|p1a: Kyogre|atk|1
|-unboost|p1b: Clefairy|atk|1
|move|p1b: Clefairy|After You|p1a: Kyogre
|-activate|p1a: Kyogre|move: After You
|move|p1a: Kyogre|Thunder|p2b: Incineroar
|-damage|p2b: Incineroar|40/100
|-status|p2b: Incineroar|par
|move|p2a: Grimmsnarl|Spirit Break|p1a: Kyogre
|-damage|p1a: Kyogre|64/100
|-unboost|p1a: Kyogre|spa|1
|
|-weather|RainDance|[upkeep]
|-damage|p1a: Kyogre|52/100|[from] Leech Seed|[of] p2b: Incineroar
|-heal|p2b: Incineroar|50/100 par|[silent]
|upkeep
|turn|6
|inactive|brent0n__ has 30 seconds left.
|
|t:|1750816519
|switch|p1b: Perrserker|Perrserker, L50, M|84/100
|switch|p1a: Zacian|Zacian-Crowned, L50, shiny|84/100
|move|p2a: Grimmsnarl|Thunder Wave|p1b: Perrserker
|-status|p1b: Perrserker|par
|move|p2b: Incineroar|Knock Off|p1a: Zacian
|-resisted|p1a: Zacian
|-damage|p1a: Zacian|72/100
|
|-weather|none
|-fieldend|move: Trick Room
|upkeep
|turn|7
|inactive|Jungle211 has 30 seconds left.
|inactive|brent0n__ has 30 seconds left.
|inactive|Jungle211 has 20 seconds left.
|inactive|Jungle211 has 15 seconds left.
|inactive|brent0n__ has 20 seconds left.
|inactive|Jungle211 has 10 seconds left.
|inactive|brent0n__ has 15 seconds left.
|
|t:|1750816567
|-terastallize|p1a: Zacian|Ground
|move|p1b: Perrserker|Fake Out|p2a: Grimmsnarl
|-damage|p2a: Grimmsnarl|86/100
|cant|p2a: Grimmsnarl|flinch
|move|p1a: Zacian|Tera Blast|p2b: Incineroar|[anim] Tera Blast Ground
|-supereffective|p2b: Incineroar
|-damage|p2b: Incineroar|0 fnt
|faint|p2b: Incineroar
|
|upkeep
|
|t:|1750816578
|switch|p2b: Calyrex|Calyrex-Ice, L50, tera:Water|81/100
|-ability|p2b: Calyrex|As One
|-ability|p2b: Calyrex|Unnerve
|turn|8
|
|t:|1750816592
|move|p1a: Zacian|Protect|p1a: Zacian
|-singleturn|p1a: Zacian|Protect
|move|p2a: Grimmsnarl|Reflect|p2a: Grimmsnarl
|-sidestart|p2: brent0n__|Reflect
|move|p2b: Calyrex|Leech Seed|p1b: Perrserker
|-start|p1b: Perrserker|move: Leech Seed
|cant|p1b: Perrserker|par
|
|-heal|p2b: Calyrex|87/100|[from] item: Leftovers
|-damage|p1b: Perrserker|72/100 par|[from] Leech Seed|[of] p2b: Calyrex
|-heal|p2b: Calyrex|96/100|[silent]
|upkeep
|turn|9
|inactive|Jungle211 has 30 seconds left.
|
|t:|1750816621
|move|p1a: Zacian|Behemoth Blade|p2a: Grimmsnarl
|-supereffective|p2a: Grimmsnarl
|-damage|p2a: Grimmsnarl|0 fnt
|faint|p2a: Grimmsnarl
|move|p2b: Calyrex|Glacial Lance|p1a: Zacian|[spread] p1a,p1b
|-supereffective|p1a: Zacian
|-resisted|p1b: Perrserker
|-damage|p1a: Zacian|0 fnt
|-damage|p1b: Perrserker|40/100 par
|faint|p1a: Zacian
|-ability|p2b: Calyrex|Chilling Neigh|boost
|-boost|p2b: Calyrex|atk|1
|move|p1b: Perrserker|Close Combat|p2b: Calyrex
|-damage|p2b: Calyrex|80/100
|-unboost|p1b: Perrserker|def|1
|-unboost|p1b: Perrserker|spd|1
|
|-heal|p2b: Calyrex|86/100|[from] item: Leftovers
|-damage|p1b: Perrserker|28/100 par|[from] Leech Seed|[of] p2b: Calyrex
|-heal|p2b: Calyrex|94/100|[silent]
|upkeep
|inactive|Jungle211 has 30 seconds left.
|
|t:|1750816655
|switch|p1a: Kyogre|Kyogre, L50|52/100
|switch|p2a: Miraidon|Miraidon, L50|100/100
|-weather|RainDance|[from] ability: Drizzle|[of] p1a: Kyogre
|-fieldstart|move: Electric Terrain|[from] ability: Hadron Engine|[of] p2a: Miraidon
|turn|10
|
|t:|1750816677
|switch|p1b: Clefairy|Clefairy, L50, F, shiny|100/100
|move|p1a: Kyogre|Ice Beam|p2a: Miraidon
|-supereffective|p2a: Miraidon
|-damage|p2a: Miraidon|77/100
|move|p2a: Miraidon|Electro Drift|p1a: Kyogre
|-supereffective|p1a: Kyogre
|-damage|p1a: Kyogre|0 fnt
|faint|p1a: Kyogre
|move|p2b: Calyrex|Leech Seed|p1b: Clefairy
|-start|p1b: Clefairy|move: Leech Seed
|
|-weather|RainDance|[upkeep]
|-heal|p2b: Calyrex|99/100|[from] item: Leftovers
|-damage|p1b: Clefairy|88/100|[from] Leech Seed|[of] p2b: Calyrex
|-heal|p2b: Calyrex|100/100|[silent]
|upkeep
|
|t:|1750816684
|switch|p1a: Perrserker|Perrserker, L50, M|28/100 par
|turn|11
|-message|Jungle211 forfeited.
|
|win|brent0n__
|raw|Jungle211's rating: 1301 &rarr; <strong>1283</strong><br />(-18 for losing)
|raw|brent0n__'s rating: 1338 &rarr; <strong>1356</strong><br />(+18 for winning)
|l|☆Jungle211
|player|p1|
|l|☆brent0n__
|player|p2|
