|j|☆gackajink
|j|☆Brooklyn boy
|t:|1750851969
|gametype|doubles
|player|p1|gackajink|miku-flying|
|player|p2|Brooklyn boy|266|
|teamsize|p1|6
|teamsize|p2|6
|gen|9
|tier|[Gen 9] VGC 2025 Reg I
|rated|Tournament battle
|rule|Species Clause: Limit one of each Pokémon
|rule|Item Clause: Limit 1 of each item
|clearpoke
|poke|p1|Kyurem-White, L50|
|poke|p1|Ninetales-Alola, L50, F|
|poke|p1|Urshifu-*, L50, F|
|poke|p1|Farigiraf, L50, M|
|poke|p1|Miraidon, L50|
|poke|p1|Tornadus, L50, M|
|poke|p2|Miraidon, L50|
|poke|p2|Calyrex-Ice, L50|
|poke|p2|Incineroar, L50, F|
|poke|p2|Urshifu-*, L50, M|
|poke|p2|Farigiraf, L50, M|
|poke|p2|Landorus, L50, M|
|teampreview|4
|
|t:|1750851997
|start
|switch|p1a: Vulnicura|Farigiraf, L50, M|100/100
|switch|p1b: Aurora|Ninetales-Alola, L50, F, shiny|100/100
|switch|p2a: Miraidon|Miraidon, L50|100/100
|switch|p2b: Incineroar|Incineroar, L50, F|100/100
|-fieldstart|move: Electric Terrain|[from] ability: Hadron Engine|[of] p2a: Miraidon
|-enditem|p1a: Vulnicura|Electric Seed
|-boost|p1a: Vulnicura|def|1|[from] item: Electric Seed
|-weather|Snowscape|[from] ability: Snow Warning|[of] p1b: Aurora
|-ability|p2b: Incineroar|Intimidate|boost
|-unboost|p1a: Vulnicura|atk|1
|-unboost|p1b: Aurora|atk|1
|turn|1
|
|t:|1750852032
|-terastallize|p2a: Miraidon|Fairy
|move|p2a: Miraidon|Dazzling Gleam|p1b: Aurora|[spread] p1a,p1b
|-damage|p1a: Vulnicura|54/100
|-damage|p1b: Aurora|52/100
|move|p1b: Aurora|Aurora Veil|p1b: Aurora
|-sidestart|p1: gackajink|move: Aurora Veil
|move|p2b: Incineroar|U-turn|p1a: Vulnicura
|-supereffective|p1a: Vulnicura
|-damage|p1a: Vulnicura|37/100
|
|t:|1750852039
|switch|p2b: Calyrex|Calyrex-Ice, L50|100/100|[from] U-turn
|-ability|p2b: Calyrex|As One
|-ability|p2b: Calyrex|Unnerve
|move|p1a: Vulnicura|Imprison|p1a: Vulnicura
|-start|p1a: Vulnicura|move: Imprison
|
|-weather|Snowscape|[upkeep]
|upkeep
|turn|2
|
|t:|1750852075
|switch|p1b: Harmonia|Kyurem-White, L50, shiny|100/100
|-ability|p1b: Harmonia|Turboblaze
|move|p2a: Miraidon|Dazzling Gleam|p1b: Harmonia|[spread] p1a,p1b
|-supereffective|p1b: Harmonia
|-damage|p1a: Vulnicura|5/100
|-damage|p1b: Harmonia|52/100
|move|p1a: Vulnicura|Foul Play|p2b: Calyrex
|-supereffective|p2b: Calyrex
|-damage|p2b: Calyrex|69/100
|move|p2b: Calyrex|Glacial Lance|p1a: Vulnicura|[spread] p1a,p1b
|-damage|p1a: Vulnicura|0 fnt
|-damage|p1b: Harmonia|31/100
|faint|p1a: Vulnicura
|-ability|p2b: Calyrex|Chilling Neigh|boost
|-boost|p2b: Calyrex|atk|1
|
|-weather|Snowscape|[upkeep]
|-heal|p2b: Calyrex|75/100|[from] item: Leftovers
|upkeep
|
|t:|1750852093
|switch|p1a: Aurora|Ninetales-Alola, L50, F, shiny|52/100
|turn|3
|
|t:|1750852102
|-terastallize|p1b: Harmonia|Fire
|move|p1a: Aurora|Helping Hand|p1b: Harmonia
|-singleturn|p1b: Harmonia|Helping Hand|[of] p1a: Aurora
|move|p2a: Miraidon|Dazzling Gleam|p1b: Harmonia|[spread] p1a,p1b
|-resisted|p1b: Harmonia
|-damage|p1a: Aurora|17/100
|-damage|p1b: Harmonia|19/100
|move|p1b: Harmonia|Fusion Flare|p2b: Calyrex
|-supereffective|p2b: Calyrex
|-damage|p2b: Calyrex|0 fnt
|faint|p2b: Calyrex
|
|-weather|Snowscape|[upkeep]
|upkeep
|
|t:|1750852111
|switch|p2b: Urshifu|Urshifu-Rapid-Strike, L50, M|100/100
|turn|4
|
|t:|1750852131
|move|p2b: Urshifu|Surging Strikes|p1b: Harmonia
|-supereffective|p1b: Harmonia
|-crit|p1b: Harmonia
|-damage|p1b: Harmonia|0 fnt
|faint|p1b: Harmonia
|-hitcount|p1: Harmonia|1
|move|p2a: Miraidon|Dazzling Gleam|p1a: Aurora
|-damage|p1a: Aurora|0 fnt
|faint|p1a: Aurora
|
|-weather|Snowscape|[upkeep]
|upkeep
|
|t:|1750852139
|switch|p1a: Volta|Miraidon, L50|100/100
|-activate|p1a: Volta|ability: Hadron Engine
|turn|5
|j| yuirs gsb
|
|t:|1750852147
|switch|p2b: Incineroar|Incineroar, L50, F|100/100
|-ability|p2b: Incineroar|Intimidate|boost
|-unboost|p1a: Volta|atk|1
|move|p1a: Volta|Electro Drift|p2a: Miraidon
|-damage|p2a: Miraidon|7/100
|-damage|p1a: Volta|91/100|[from] item: Life Orb
|move|p2a: Miraidon|Dazzling Gleam|p1a: Volta
|-supereffective|p1a: Volta
|-damage|p1a: Volta|0 fnt
|faint|p1a: Volta
|
|win|Brooklyn boy
|n|☆gackajink|gackajink
|n|☆Brooklyn boy|brooklynboy
|n| yuirs gsb|yuirsgsb
