|j|☆6X_Infinite
|j|☆a130681
|t:|1750852845
|gametype|doubles
|player|p1|6X_Infinite|265|1372
|player|p2|a130681|ghetsis|1479
|teamsize|p1|6
|teamsize|p2|6
|gen|9
|tier|[Gen 9] VGC 2025 Reg I
|rated|
|rule|Species Clause: Limit one of each Pokémon
|rule|Item Clause: Limit 1 of each item
|clearpoke
|poke|p1|Calyrex-Shadow, L50|
|poke|p1|Zamazenta-*, L50|
|poke|p1|Indeedee-F, L50, F|
|poke|p1|Iron Hands, L50|
|poke|p1|Tornadus, L50, M|
|poke|p1|Incineroar, L50, M|
|poke|p2|Calyrex-Ice, L50|
|poke|p2|Kyogre, L50|
|poke|p2|Rillaboom, L50, F|
|poke|p2|Urshifu-*, L50, M|
|poke|p2|Raging Bolt, L50|
|poke|p2|Toedscruel, L50, F|
|teampreview|4
|inactive|Battle timer is ON: inactive players will automatically lose when time's up. (requested by 6X_Infinite)
|
|t:|1750852861
|start
|switch|p1a: Zamazenta|Zamazenta-Crowned, L50, shiny|100/100
|switch|p1b: Indeedee|Indeedee-F, L50, F, shiny|100/100
|switch|p2a: Calyrex|Calyrex-Ice, L50|100/100
|switch|p2b: Toedscruel|Toedscruel, L50, F|100/100
|-ability|p2a: Calyrex|As One
|-ability|p2a: Calyrex|Unnerve
|-ability|p1a: Zamazenta|Dauntless Shield|boost
|-boost|p1a: Zamazenta|def|1
|-fieldstart|move: Psychic Terrain|[from] ability: Psychic Surge|[of] p1b: Indeedee
|turn|1
|
|t:|1750852880
|move|p1a: Zamazenta|Protect|p1a: Zamazenta
|-singleturn|p1a: Zamazenta|Protect
|move|p2a: Calyrex|Protect|p2a: Calyrex
|-singleturn|p2a: Calyrex|Protect
|move|p1b: Indeedee|Imprison|p1b: Indeedee
|-start|p1b: Indeedee|move: Imprison
|move|p2b: Toedscruel|Spore|p1a: Zamazenta
|-activate|p1a: Zamazenta|move: Protect
|
|upkeep
|turn|2
|inactive|a130681 has 30 seconds left.
|
|t:|1750852916
|switch|p2a: Urshifu|Urshifu-Rapid-Strike, L50, M|100/100
|move|p1b: Indeedee|Follow Me|p1b: Indeedee
|-singleturn|p1b: Indeedee|move: Follow Me
|move|p1a: Zamazenta|Body Press|p2a: Urshifu
|-damage|p2a: Urshifu|31/100
|move|p2b: Toedscruel|Spore|p1b: Indeedee
|-status|p1b: Indeedee|slp|[from] move: Spore
|
|upkeep
|turn|3
|
|t:|1750852940
|move|p1a: Zamazenta|Protect|p1a: Zamazenta
|-singleturn|p1a: Zamazenta|Protect
|cant|p1b: Indeedee|slp
|move|p2b: Toedscruel|Rage Powder|p2b: Toedscruel
|-singleturn|p2b: Toedscruel|move: Rage Powder
|move|p2a: Urshifu|Surging Strikes|p1a: Zamazenta
|-crit|p1a: Zamazenta
|-damage|p1a: Zamazenta|80/100
|-crit|p1a: Zamazenta
|-damage|p1a: Zamazenta|62/100
|-crit|p1a: Zamazenta
|-damage|p1a: Zamazenta|45/100
|-hitcount|p1a: Zamazenta|3
|
|upkeep
|turn|4
|
|t:|1750852960
|-curestatus|p1b: Indeedee|slp|[msg]
|move|p1b: Indeedee|Follow Me|p1b: Indeedee
|-singleturn|p1b: Indeedee|move: Follow Me
|move|p2b: Toedscruel|Rage Powder|p2b: Toedscruel
|-singleturn|p2b: Toedscruel|move: Rage Powder
|move|p1a: Zamazenta|Body Press|p2b: Toedscruel
|-damage|p2b: Toedscruel|9/100
|move|p2a: Urshifu|Surging Strikes|p1b: Indeedee
|-crit|p1b: Indeedee
|-damage|p1b: Indeedee|67/100
|-damage|p2a: Urshifu|14/100|[from] item: Rocky Helmet|[of] p1b: Indeedee
|-crit|p1b: Indeedee
|-damage|p1b: Indeedee|30/100
|-damage|p2a: Urshifu|0 fnt|[from] item: Rocky Helmet|[of] p1b: Indeedee
|faint|p2a: Urshifu
|-hitcount|p1b: Indeedee|2
|
|upkeep
|
|t:|1750852976
|switch|p2a: Calyrex|Calyrex-Ice, L50|100/100
|-ability|p2a: Calyrex|As One
|-ability|p2a: Calyrex|Unnerve
|turn|5
|inactive|6X_Infinite has 30 seconds left.
|
|t:|1750853004
|move|p1b: Indeedee|Follow Me|p1b: Indeedee
|-singleturn|p1b: Indeedee|move: Follow Me
|move|p2b: Toedscruel|Rage Powder|p2b: Toedscruel
|-singleturn|p2b: Toedscruel|move: Rage Powder
|move|p1a: Zamazenta|Body Press|p2b: Toedscruel
|-damage|p2b: Toedscruel|0 fnt
|faint|p2b: Toedscruel
|move|p2a: Calyrex|Glacial Lance|p1a: Zamazenta|[spread] p1a,p1b
|-resisted|p1a: Zamazenta
|-damage|p1a: Zamazenta|33/100
|-damage|p1b: Indeedee|0 fnt
|faint|p1b: Indeedee
|-ability|p2a: Calyrex|Chilling Neigh|boost
|-boost|p2a: Calyrex|atk|1
|
|-fieldend|move: Psychic Terrain
|upkeep
|
|t:|1750853029
|switch|p2b: Kyogre|Kyogre, L50|100/100
|switch|p1b: Calyrex|Calyrex-Shadow, L50|100/100
|-ability|p1b: Calyrex|As One
|-ability|p1b: Calyrex|Unnerve
|-weather|RainDance|[from] ability: Drizzle|[of] p2b: Kyogre
|turn|6
|
|t:|1750853042
|-terastallize|p2a: Calyrex|Water
|move|p2b: Kyogre|Protect|p2b: Kyogre
|-singleturn|p2b: Kyogre|Protect
|move|p1a: Zamazenta|Wide Guard|p1a: Zamazenta
|-singleturn|p1a: Zamazenta|Wide Guard
|move|p1b: Calyrex|Astral Barrage|p2b: Kyogre|[spread] p2a
|-activate|p2b: Kyogre|move: Protect
|-damage|p2a: Calyrex|47/100
|-damage|p1b: Calyrex|91/100|[from] item: Life Orb
|move|p2a: Calyrex|Trick Room|p2a: Calyrex
|-fieldstart|move: Trick Room|[of] p2a: Calyrex
|
|-weather|RainDance|[upkeep]
|upkeep
|turn|7
|inactive|a130681 has 30 seconds left.
|inactive|a130681 has 20 seconds left.
|
|t:|1750853080
|switch|p1b: Iron Hands|Iron Hands, L50, shiny|100/100
|move|p2a: Calyrex|Protect|p2a: Calyrex
|-singleturn|p2a: Calyrex|Protect
|move|p1a: Zamazenta|Wide Guard|p1a: Zamazenta
|-singleturn|p1a: Zamazenta|Wide Guard
|move|p2b: Kyogre|Thunder|p1a: Zamazenta
|-damage|p1a: Zamazenta|0 fnt
|faint|p1a: Zamazenta
|
|-weather|RainDance|[upkeep]
|upkeep
|
|t:|1750853090
|switch|p1a: Calyrex|Calyrex-Shadow, L50|91/100
|-ability|p1a: Calyrex|As One
|-ability|p1a: Calyrex|Unnerve
|turn|8
|
|t:|1750853115
|-terastallize|p1a: Calyrex|Grass
|move|p1b: Iron Hands|Fake Out|p2a: Calyrex
|-damage|p2a: Calyrex|39/100
|cant|p2a: Calyrex|flinch
|move|p2b: Kyogre|Origin Pulse|p1b: Iron Hands|[spread] p1a,p1b
|-resisted|p1a: Calyrex
|-damage|p1a: Calyrex|41/100
|-damage|p1b: Iron Hands|50/100
|move|p1a: Calyrex|Astral Barrage|p2b: Kyogre|[spread] p2a,p2b
|-damage|p2a: Calyrex|0 fnt
|-damage|p2b: Kyogre|51/100
|faint|p2a: Calyrex
|-ability|p1a: Calyrex|Grim Neigh|boost
|-boost|p1a: Calyrex|spa|1
|-damage|p1a: Calyrex|32/100|[from] item: Life Orb
|
|-weather|RainDance|[upkeep]
|upkeep
|turn|9
|-message|a130681 forfeited.
|
|win|6X_Infinite
|raw|6X_Infinite's rating: 1372 &rarr; <strong>1398</strong><br />(+26 for winning)
|raw|a130681's rating: 1479 &rarr; <strong>1453</strong><br />(-26 for losing)
|l|☆a130681
|player|p2|
|l|☆6X_Infinite
|player|p1|
