|j|☆dragoonlong
|j|☆trudley59392
|t:|1750739809
|gametype|doubles
|player|p1|dragoonlong|1|1342
|player|p2|trudley59392|2|1423
|teamsize|p1|6
|teamsize|p2|6
|gen|9
|tier|[Gen 9] VGC 2025 Reg I
|rated|
|rule|Species Clause: Limit one of each Pokémon
|rule|Item Clause: Limit 1 of each item
|clearpoke
|poke|p1|Grimmsnarl, L50, M|
|poke|p1|Miraidon, L50|
|poke|p1|Incineroar, L50, F|
|poke|p1|Ditto, L50|
|poke|p1|Pawmot, L50, M|
|poke|p1|Ho-Oh, L50|
|poke|p2|Lunala, L50|
|poke|p2|Volcarona, L50, F|
|poke|p2|Rillaboom, L50, M|
|poke|p2|Dudunsparce-*, L50, M|
|poke|p2|Koraidon, L50|
|poke|p2|Grimmsnarl, L50, M|
|teampreview|4
|inactive|Battle timer is ON: inactive players will automatically lose when time's up. (requested by dragoonlong)
|
|t:|1750739834
|start
|switch|p1a: Incineroar|Incineroar, L50, F|100/100
|switch|p1b: Ho-Oh|Ho-Oh, L50|100/100
|switch|p2a: Lunala|Lunala, L50|100/100
|switch|p2b: Dudunsparce|Dudunsparce, L50, M|100/100
|-ability|p1a: Incineroar|Intimidate|boost
|-unboost|p2a: Lunala|atk|1
|-unboost|p2b: Dudunsparce|atk|1
|turn|1
|inactive|trudley59392 has 30 seconds left.
|inactive|dragoonlong has 30 seconds left.
|inactive|trudley59392 has 20 seconds left.
|
|t:|1750739872
|-terastallize|p2a: Lunala|Fairy
|move|p1a: Incineroar|Fake Out|p2b: Dudunsparce
|-damage|p2b: Dudunsparce|90/100
|move|p1b: Ho-Oh|Sacred Fire|p2a: Lunala
|-damage|p2a: Lunala|81/100
|-status|p2a: Lunala|brn
|move|p2a: Lunala|Moonblast|p1a: Incineroar
|-damage|p1a: Incineroar|35/100
|cant|p2b: Dudunsparce|flinch
|
|-damage|p2a: Lunala|75/100 brn|[from] brn
|upkeep
|turn|2
|
|t:|1750739886
|move|p1b: Ho-Oh|Sacred Fire|p2b: Dudunsparce
|-damage|p2b: Dudunsparce|40/100
|-status|p2b: Dudunsparce|brn
|move|p2a: Lunala|Moonblast|p1a: Incineroar
|-damage|p1a: Incineroar|0 fnt
|faint|p1a: Incineroar
|move|p2b: Dudunsparce|Agility|p2b: Dudunsparce
|-boost|p2b: Dudunsparce|spe|2
|
|-damage|p2b: Dudunsparce|34/100 brn|[from] brn
|-damage|p2a: Lunala|69/100 brn|[from] brn
|upkeep
|
|t:|1750739894
|switch|p1a: Miraidon|Miraidon, L50|100/100
|-fieldstart|move: Electric Terrain|[from] ability: Hadron Engine|[of] p1a: Miraidon
|turn|3
|
|t:|1750739902
|-terastallize|p1a: Miraidon|Electric
|move|p1b: Ho-Oh|Protect|p1b: Ho-Oh
|-singleturn|p1b: Ho-Oh|Protect
|move|p2b: Dudunsparce|Rock Slide|p1b: Ho-Oh|[spread] 
|-activate|p1b: Ho-Oh|move: Protect
|-miss|p2b: Dudunsparce|p1a: Miraidon
|move|p1a: Miraidon|Parabolic Charge|p2b: Dudunsparce|[spread] p2a,p2b
|-activate|p1b: Ho-Oh|move: Protect
|-damage|p2a: Lunala|22/100 brn
|-damage|p2b: Dudunsparce|0 fnt
|faint|p2b: Dudunsparce
|move|p2a: Lunala|Moonblast|p1a: Miraidon
|-damage|p1a: Miraidon|54/100
|
|-damage|p2a: Lunala|16/100 brn|[from] brn
|upkeep
|
|t:|1750739922
|switch|p2b: Rillaboom|Rillaboom, L50, M|100/100
|-fieldstart|move: Grassy Terrain|[from] ability: Grassy Surge|[of] p2b: Rillaboom
|turn|4
|
|t:|1750739929
|move|p2b: Rillaboom|Fake Out|p1a: Miraidon
|-damage|p1a: Miraidon|43/100
|cant|p1a: Miraidon|flinch
|move|p1b: Ho-Oh|Sacred Fire|p2b: Rillaboom
|-supereffective|p2b: Rillaboom
|-damage|p2b: Rillaboom|2/100
|move|p2a: Lunala|Moonblast|p1a: Miraidon
|-damage|p1a: Miraidon|1/100
|-unboost|p1a: Miraidon|spa|1
|
|-heal|p1a: Miraidon|7/100|[from] Grassy Terrain
|-heal|p2a: Lunala|22/100 brn|[from] Grassy Terrain
|-heal|p2b: Rillaboom|8/100|[from] Grassy Terrain
|-damage|p2a: Lunala|16/100 brn|[from] brn
|upkeep
|turn|5
|inactive|trudley59392 has 30 seconds left.
|
|t:|1750739960
|switch|p1a: Pawmot|Pawmot, L50, M|100/100
|move|p1b: Ho-Oh|Sacred Fire|p2b: Rillaboom
|-supereffective|p2b: Rillaboom
|-damage|p2b: Rillaboom|0 fnt
|faint|p2b: Rillaboom
|move|p2a: Lunala|Moonblast|p1a: Pawmot
|-supereffective|p1a: Pawmot
|-enditem|p1a: Pawmot|Focus Sash
|-damage|p1a: Pawmot|1/100
|
|-heal|p1a: Pawmot|7/100|[from] Grassy Terrain
|-heal|p2a: Lunala|22/100 brn|[from] Grassy Terrain
|-damage|p2a: Lunala|16/100 brn|[from] brn
|upkeep
|
|t:|1750739962
|switch|p2b: Koraidon|Koraidon, L50|100/100
|-weather|SunnyDay|[from] ability: Orichalcum Pulse|[of] p2b: Koraidon
|-activate|p2b: Koraidon|Orichalcum Pulse|[source]
|turn|6
|
|t:|1750739980
|move|p1a: Pawmot|Fake Out|p2b: Koraidon
|-damage|p2b: Koraidon|90/100
|cant|p2b: Koraidon|flinch
|move|p1b: Ho-Oh|Brave Bird|p2a: Lunala
|-damage|p2a: Lunala|0 fnt
|faint|p2a: Lunala
|-damage|p1b: Ho-Oh|94/100|[from] Recoil
|
|-weather|SunnyDay|[upkeep]
|-heal|p2b: Koraidon|96/100|[from] Grassy Terrain
|-heal|p1a: Pawmot|14/100|[from] Grassy Terrain
|upkeep
|turn|7
|
|t:|1750739997
|move|p2b: Koraidon|Dragon Claw|p1b: Ho-Oh
|-damage|p1b: Ho-Oh|25/100
|-damage|p2b: Koraidon|79/100|[from] item: Rocky Helmet|[of] p1b: Ho-Oh
|move|p1a: Pawmot|Revival Blessing|p1a: Pawmot
|-message|trudley59392 forfeited.
|
|win|dragoonlong
|raw|dragoonlong's rating: 1342 &rarr; <strong>1367</strong><br />(+25 for winning)
|raw|trudley59392's rating: 1423 &rarr; <strong>1398</strong><br />(-25 for losing)
|l|☆trudley59392
|player|p2|
|l|☆dragoonlong
|player|p1|
