|j|☆Lu(9rio
|j|☆dutchdutchVGC
|t:|1750868083
|gametype|doubles
|player|p1|Lu(9rio|266|1111
|player|p2|dutchdutchVGC|gentleman-gen4|1091
|teamsize|p1|6
|teamsize|p2|6
|gen|9
|tier|[Gen 9] VGC 2025 Reg I
|rated|
|rule|Species Clause: Limit one of each Pokémon
|rule|Item Clause: Limit 1 of each item
|clearpoke
|poke|p1|Murkrow, L50, M|
|poke|p1|Calyrex-Shadow, L50|
|poke|p1|Clodsire, L50, M|
|poke|p1|Amoonguss, L50, F|
|poke|p1|Incineroar, L50, F|
|poke|p1|Chien-Pao, L50|
|poke|p2|Groudon, L50|
|poke|p2|Flutter Mane, L50|
|poke|p2|Iron Bundle, L50|
|poke|p2|Arcanine-Hisui, L50, M|
|poke|p2|Farigiraf, L50, M|
|poke|p2|Tornadus-Therian, L50, M|
|teampreview|4
|
|t:|1750868113
|start
|switch|p1a: Calyrex|Calyrex-Shadow, L50|100/100
|switch|p1b: Murkrow|Murkrow, L50, M|100/100
|switch|p2a: Tornadus|Tornadus-Therian, L50, M|100/100
|switch|p2b: Groudon|Groudon, L50|100/100
|-ability|p1a: Calyrex|As One
|-ability|p1a: Calyrex|Unnerve
|-weather|SunnyDay|[from] ability: Drought|[of] p2b: Groudon
|turn|1
|
|t:|1750868154
|-terastallize|p2b: Groudon|Fire
|move|p1a: Calyrex|Protect|p1a: Calyrex
|-singleturn|p1a: Calyrex|Protect
|move|p1b: Murkrow|Taunt|p2a: Tornadus
|-start|p2a: Tornadus|move: Taunt
|cant|p2a: Tornadus|move: Taunt|Tailwind
|move|p2b: Groudon|Fire Punch|p1b: Murkrow
|-damage|p1b: Murkrow|34/100
|
|-weather|SunnyDay|[upkeep]
|upkeep
|turn|2
|inactive|Battle timer is ON: inactive players will automatically lose when time's up. (requested by dutchdutchVGC)
|
|t:|1750868214
|-terastallize|p1a: Calyrex|Ghost
|move|p1b: Murkrow|Sucker Punch|p1a: Calyrex
|-supereffective|p1a: Calyrex
|-damage|p1a: Calyrex|51/100
|-enditem|p1a: Calyrex|Weakness Policy
|-boost|p1a: Calyrex|atk|2|[from] item: Weakness Policy
|-boost|p1a: Calyrex|spa|2|[from] item: Weakness Policy
|move|p1a: Calyrex|Astral Barrage|p2a: Tornadus|[spread] p2a,p2b
|-damage|p2a: Tornadus|0 fnt
|-damage|p2b: Groudon|0 fnt
|faint|p2a: Tornadus
|faint|p2b: Groudon
|-ability|p1a: Calyrex|Grim Neigh|boost
|-boost|p1a: Calyrex|spa|2
|
|-weather|SunnyDay|[upkeep]
|upkeep
|
|t:|1750868228
|switch|p2a: Farigiraf|Farigiraf, L50, M|100/100
|switch|p2b: Flutter Mane|Flutter Mane, L50|100/100
|-activate|p2b: Flutter Mane|ability: Protosynthesis
|-start|p2b: Flutter Mane|protosynthesisspe
|turn|3
|inactive|Lu(9rio has 30 seconds left.
|
|t:|1750868259
|move|p2a: Farigiraf|Helping Hand|p2b: Flutter Mane
|-singleturn|p2b: Flutter Mane|Helping Hand|[of] p2a: Farigiraf
|move|p1a: Calyrex|Protect|p1a: Calyrex
|-singleturn|p1a: Calyrex|Protect
|move|p1b: Murkrow|Tailwind|p1b: Murkrow
|-sidestart|p1: Lu(9rio|move: Tailwind
|move|p2b: Flutter Mane|Shadow Ball|p1a: Calyrex
|-activate|p1a: Calyrex|move: Protect
|
|-weather|SunnyDay|[upkeep]
|upkeep
|turn|4
|inactive|Lu(9rio has 30 seconds left.
|inactive|Lu(9rio has 20 seconds left.
|inactive|Lu(9rio has 15 seconds left.
|
|t:|1750868299
|move|p2a: Farigiraf|Helping Hand|p2b: Flutter Mane
|-singleturn|p2b: Flutter Mane|Helping Hand|[of] p2a: Farigiraf
|move|p1b: Murkrow|Sucker Punch||[still]
|cant|p2a: Farigiraf|ability: Armor Tail|Sucker Punch|[of] p1b: Murkrow
|move|p1a: Calyrex|Astral Barrage|p2b: Flutter Mane|[spread] p2b
|-immune|p2a: Farigiraf
|-supereffective|p2b: Flutter Mane
|-enditem|p2b: Flutter Mane|Focus Sash
|-damage|p2b: Flutter Mane|1/100
|move|p2b: Flutter Mane|Shadow Ball|p1a: Calyrex
|-supereffective|p1a: Calyrex
|-damage|p1a: Calyrex|0 fnt
|faint|p1a: Calyrex
|
|-weather|SunnyDay|[upkeep]
|upkeep
|inactive|Lu(9rio has 30 seconds left.
|
|t:|1750868326
|switch|p1a: Chien-Pao|Chien-Pao, L50|100/100
|-ability|p1a: Chien-Pao|Sword of Ruin
|turn|5
|
|t:|1750868345
|switch|p1b: Incineroar|Incineroar, L50, F|100/100
|-ability|p1b: Incineroar|Intimidate|boost
|-unboost|p2a: Farigiraf|atk|1
|-unboost|p2b: Flutter Mane|atk|1
|move|p2a: Farigiraf|Helping Hand|p2b: Flutter Mane
|-singleturn|p2b: Flutter Mane|Helping Hand|[of] p2a: Farigiraf
|move|p1a: Chien-Pao|Ice Spinner|p2b: Flutter Mane
|-damage|p2b: Flutter Mane|0 fnt
|faint|p2b: Flutter Mane
|-end|p2b: Flutter Mane|Protosynthesis|[silent]
|
|-weather|none
|upkeep
|turn|6
|-message|dutchdutchVGC forfeited.
|
|win|Lu(9rio
|raw|Lu(9rio's rating: 1111 &rarr; <strong>1135</strong><br />(+24 for winning)
|raw|dutchdutchVGC's rating: 1091 &rarr; <strong>1069</strong><br />(-22 for losing)
|l|☆dutchdutchVGC
|player|p2|
|l|☆Lu(9rio
|player|p1|
