|j|☆s moNino
|j|☆Neil2911
|t:|1750843600
|gametype|doubles
|player|p1|s moNino|brendan-masters|1179
|player|p2|Neil2911|steven|1228
|teamsize|p1|6
|teamsize|p2|6
|gen|9
|tier|[Gen 9] VGC 2025 Reg I
|rated|
|rule|Species Clause: Limit one of each Pokémon
|rule|Item Clause: Limit 1 of each item
|clearpoke
|poke|p1|Whimsicott, L50, F|
|poke|p1|Lokix, L50, F|
|poke|p1|Chien-Pao, L50|
|poke|p1|Terapagos, L50, M|
|poke|p1|Miraidon, L50|
|poke|p1|Incineroar, L50, M|
|poke|p2|Solgaleo, L50|
|poke|p2|Iron Hands, L50|
|poke|p2|Miraidon, L50|
|poke|p2|Incineroar, L50, M|
|poke|p2|Urshifu-*, L50, F|
|poke|p2|Chien-Pao, L50|
|teampreview|4
|inactive|Battle timer is ON: inactive players will automatically lose when time's up. (requested by s moNino)
s moNino rejected open team sheets.
|
|t:|1750843630
|start
|switch|p1a: Whimsicott|Whimsicott, L50, F|100/100
|switch|p1b: Miraidon|Miraidon, L50|100/100
|switch|p2a: Miraidon|Miraidon, L50|100/100
|switch|p2b: Iron Hands|Iron Hands, L50|100/100
|-fieldstart|move: Electric Terrain|[from] ability: Hadron Engine|[of] p2a: Miraidon
|-activate|p2b: Iron Hands|ability: Quark Drive
|-start|p2b: Iron Hands|quarkdriveatk
|-activate|p1b: Miraidon|ability: Hadron Engine
|turn|1
|inactive|s moNino has 30 seconds left.
|
|t:|1750843667
|-terastallize|p1b: Miraidon|Electric
|move|p2b: Iron Hands|Fake Out|p1b: Miraidon
|-damage|p1b: Miraidon|83/100
|move|p1a: Whimsicott|Tailwind|p1a: Whimsicott
|-sidestart|p1: s moNino|move: Tailwind
|cant|p1b: Miraidon|flinch
|move|p2a: Miraidon|Volt Switch|p1a: Whimsicott
|-resisted|p1a: Whimsicott
|-damage|p1a: Whimsicott|40/100
|
|t:|1750843689
|switch|p2a: Solgaleo|Solgaleo, L50|100/100|[from] Volt Switch
|
|upkeep
|turn|2
|
|t:|1750843709
|move|p1a: Whimsicott|Encore|p2b: Iron Hands
|-start|p2b: Iron Hands|Encore
|move|p1b: Miraidon|Volt Switch|p2a: Solgaleo
|-damage|p2a: Solgaleo|7/100
|
|t:|1750843714
|switch|p1b: Lokix|Lokix, L50, F|100/100|[from] Volt Switch
|move|p2a: Solgaleo|Sunsteel Strike|p1a: Whimsicott
|-supereffective|p1a: Whimsicott
|-crit|p1a: Whimsicott
|-damage|p1a: Whimsicott|0 fnt
|faint|p1a: Whimsicott
|-damage|p2a: Solgaleo|0 fnt|[from] item: Life Orb
|faint|p2a: Solgaleo
|move|p2b: Iron Hands|Fake Out||[still]
|-hint|Fake Out only works on your first turn out.
|-fail|p2b: Iron Hands
|
|upkeep
|
|t:|1750843730
|switch|p1a: Miraidon|Miraidon, L50, tera:Electric|83/100
|switch|p2a: Urshifu|Urshifu-Rapid-Strike, L50, F|100/100
|-activate|p1a: Miraidon|ability: Hadron Engine
|turn|3
|inactive|Neil2911 has 30 seconds left.
|
|t:|1750843762
|-end|p2b: Iron Hands|Quark Drive|[silent]
|switch|p2b: Miraidon|Miraidon, L50|100/100
|-activate|p2b: Miraidon|ability: Hadron Engine
|move|p1a: Miraidon|Volt Switch|p2a: Urshifu
|-supereffective|p2a: Urshifu
|-damage|p2a: Urshifu|0 fnt
|faint|p2a: Urshifu
|
|t:|1750843768
|switch|p1a: Terapagos|Terapagos, L50, M|100/100|[from] Volt Switch
|-activate|p1a: Terapagos|ability: Tera Shift
|detailschange|p1a: Terapagos|Terapagos-Terastal, L50, M
|-heal|p1a: Terapagos|100/100|[silent]
|move|p1b: Lokix|U-turn|p2b: Miraidon
|-damage|p2b: Miraidon|58/100
|-damage|p1b: Lokix|91/100|[from] item: Life Orb
|
|t:|1750843770
|switch|p1b: Miraidon|Miraidon, L50, tera:Electric|83/100|[from] U-turn
|-activate|p1b: Miraidon|ability: Hadron Engine
|
|upkeep
|
|t:|1750843782
|switch|p2a: Iron Hands|Iron Hands, L50|100/100
|-activate|p2a: Iron Hands|ability: Quark Drive
|-start|p2a: Iron Hands|quarkdriveatk
|turn|4
|
|t:|1750843799
|move|p1a: Terapagos|Protect|p1a: Terapagos
|-singleturn|p1a: Terapagos|Protect
|move|p2a: Iron Hands|Fake Out|p1b: Miraidon
|-damage|p1b: Miraidon|65/100
|cant|p1b: Miraidon|flinch
|move|p2b: Miraidon|Electro Drift|p1a: Terapagos
|-activate|p1a: Terapagos|move: Protect
|
|-sideend|p1: s moNino|move: Tailwind
|upkeep
|turn|5
|
|t:|1750843820
|move|p2b: Miraidon|Electro Drift|p1a: Terapagos
|-activate|p1a: Terapagos|ability: Tera Shell
|-resisted|p1a: Terapagos
|-damage|p1a: Terapagos|44/100
|move|p1b: Miraidon|Volt Switch|p2b: Miraidon
|-resisted|p2b: Miraidon
|-damage|p2b: Miraidon|38/100
|
|t:|1750843824
|switch|p1b: Lokix|Lokix, L50, F|91/100|[from] Volt Switch
|move|p1a: Terapagos|Calm Mind|p1a: Terapagos
|-boost|p1a: Terapagos|spa|1
|-boost|p1a: Terapagos|spd|1
|move|p2a: Iron Hands|Drain Punch|p1a: Terapagos
|-supereffective|p1a: Terapagos
|-damage|p1a: Terapagos|0 fnt
|faint|p1a: Terapagos
|
|-fieldend|move: Electric Terrain
|-end|p2a: Iron Hands|Quark Drive
|upkeep
|
|t:|1750843828
|switch|p1a: Miraidon|Miraidon, L50, tera:Electric|65/100
|-fieldstart|move: Electric Terrain|[from] ability: Hadron Engine|[of] p1a: Miraidon
|-activate|p2a: Iron Hands|ability: Quark Drive
|-start|p2a: Iron Hands|quarkdriveatk
|turn|6
|inactive|Neil2911 has 30 seconds left.
|
|t:|1750843861
|move|p1b: Lokix|First Impression|p2b: Miraidon
|-damage|p2b: Miraidon|0 fnt
|faint|p2b: Miraidon
|-damage|p1b: Lokix|81/100|[from] item: Life Orb
|move|p1a: Miraidon|Electro Drift|p2a: Iron Hands
|-resisted|p2a: Iron Hands
|-damage|p2a: Iron Hands|56/100
|move|p2a: Iron Hands|Drain Punch|p1a: Miraidon
|-damage|p1a: Miraidon|15/100
|-heal|p2a: Iron Hands|76/100|[from] drain|[of] p1a: Miraidon
|
|upkeep
|turn|7
|
|t:|1750843882
|move|p1a: Miraidon|Draco Meteor|p2a: Iron Hands
|-damage|p2a: Iron Hands|19/100
|-unboost|p1a: Miraidon|spa|2
|move|p1b: Lokix|Leech Life|p2a: Iron Hands
|-resisted|p2a: Iron Hands
|-damage|p2a: Iron Hands|0 fnt
|-heal|p1b: Lokix|98/100|[from] drain|[of] p2a: Iron Hands
|faint|p2a: Iron Hands
|-end|p2a: Iron Hands|Quark Drive|[silent]
|-damage|p1b: Lokix|88/100|[from] item: Life Orb
|
|win|s moNino
|raw|s moNino's rating: 1179 &rarr; <strong>1208</strong><br />(+29 for winning)
|raw|Neil2911's rating: 1228 &rarr; <strong>1199</strong><br />(-29 for losing)
|l|☆Neil2911
|player|p2|
|l|☆s moNino
|player|p1|
