|j|☆pkmnboo
|j|☆liksem
|t:|1750878437
|gametype|doubles
|player|p1|pkmnboo|rood|1152
|player|p2|liksem|265|1145
|teamsize|p1|6
|teamsize|p2|6
|gen|9
|tier|[Gen 9] VGC 2025 Reg I
|rated|
|rule|Species Clause: Limit one of each Pokémon
|rule|Item Clause: Limit 1 of each item
|clearpoke
|poke|p1|Calyrex-Shadow, L50|
|poke|p1|Ogerpon, L50, F|
|poke|p1|Zacian-*, L50|
|poke|p1|Incineroar, L50, F|
|poke|p1|Rillaboom, L50, M|
|poke|p1|Urshifu-*, L50, M|
|poke|p2|Archaludon, L50, F|
|poke|p2|Kyurem-White, L50|
|poke|p2|Garchomp, L50, F|
|poke|p2|Murkrow, L50, F|
|poke|p2|Shiftry, L50, F|
|poke|p2|Zamazenta-*, L50|
|teampreview|4
|inactive|Battle timer is ON: inactive players will automatically lose when time's up. (requested by pkmnboo)
|inactive|liksem has 60 seconds left.
|
|t:|1750878494
|start
|switch|p1a: Calyrex|Calyrex-Shadow, L50|100/100
|switch|p1b: Incineroar|Incineroar, L50, F|100/100
|switch|p2a: Murkrow|Murkrow, L50, F|100/100
|switch|p2b: Shiftry|Shiftry, L50, F|100/100
|-ability|p1a: Calyrex|As One
|-ability|p1a: Calyrex|Unnerve
|-ability|p1b: Incineroar|Intimidate|boost
|-unboost|p2a: Murkrow|atk|1
|-fail|p2b: Shiftry|unboost|[from] item: Clear Amulet|[of] p2b: Shiftry
|turn|1
|inactive|liksem has 30 seconds left.
|
|t:|1750878527
|move|p2b: Shiftry|Fake Out|p1b: Incineroar
|-damage|p1b: Incineroar|91/100
|move|p2a: Murkrow|Tailwind|p2a: Murkrow
|-sidestart|p2: liksem|move: Tailwind
|-ability|p2b: Shiftry|Wind Rider|boost
|-boost|p2b: Shiftry|atk|1
|move|p1a: Calyrex|Encore|p2a: Murkrow
|-start|p2a: Murkrow|Encore
|cant|p1b: Incineroar|flinch
|
|upkeep
|turn|2
|
|t:|1750878547
|switch|p2a: Garchomp|Garchomp, L50, F|100/100
|move|p2b: Shiftry|Knock Off|p1a: Calyrex
|-supereffective|p1a: Calyrex
|-enditem|p1a: Calyrex|Focus Sash
|-damage|p1a: Calyrex|1/100
|move|p1a: Calyrex|Astral Barrage|p2a: Garchomp|[spread] p2a,p2b
|-resisted|p2b: Shiftry
|-damage|p2a: Garchomp|38/100
|-damage|p2b: Shiftry|58/100
|move|p1b: Incineroar|Flare Blitz|p2b: Shiftry
|-supereffective|p2b: Shiftry
|-crit|p2b: Shiftry
|-damage|p2b: Shiftry|0 fnt
|faint|p2b: Shiftry
|-damage|p1b: Incineroar|75/100|[from] Recoil
|
|upkeep
|
|t:|1750878567
|switch|p2b: Kyurem|Kyurem-White, L50|100/100
|-ability|p2b: Kyurem|Turboblaze
|turn|3
|
|t:|1750878586
|-terastallize|p1b: Incineroar|Bug
|move|p2b: Kyurem|Protect|p2b: Kyurem
|-singleturn|p2b: Kyurem|Protect
|move|p1a: Calyrex|Protect|p1a: Calyrex
|-singleturn|p1a: Calyrex|Protect
|move|p2a: Garchomp|Earthquake|p1b: Incineroar|[spread] p1b
|-activate|p2b: Kyurem|move: Protect
|-activate|p1a: Calyrex|move: Protect
|-resisted|p1b: Incineroar
|-damage|p1b: Incineroar|60/100
|cant|p1b: Incineroar|flinch
|
|upkeep
|turn|4
|inactive|pkmnboo has 30 seconds left.
|inactive|pkmnboo has 20 seconds left.
|c|☆pkmnboo|?
|inactive|pkmnboo has 15 seconds left.
|c|☆liksem|kings rock
|inactive|pkmnboo has 10 seconds left.
|
|t:|1750878636
|switch|p1b: Urshifu|Urshifu-Rapid-Strike, L50, M|100/100
|move|p2a: Garchomp|Earthquake|p1a: Calyrex|[spread] p2b,p1a,p1b
|-damage|p2b: Kyurem|66/100
|-damage|p1a: Calyrex|0 fnt
|-damage|p1b: Urshifu|61/100
|faint|p1a: Calyrex
|move|p2b: Kyurem|Fusion Flare|p1b: Urshifu
|-resisted|p1b: Urshifu
|-damage|p1b: Urshifu|18/100
|-damage|p2b: Kyurem|56/100|[from] item: Life Orb
|
|-sideend|p2: liksem|move: Tailwind
|upkeep
|
|t:|1750878643
|switch|p1a: Incineroar|Incineroar, L50, F, tera:Bug|60/100
|-ability|p1a: Incineroar|Intimidate|boost
|-unboost|p2a: Garchomp|atk|1
|-unboost|p2b: Kyurem|atk|1
|turn|5
|
|t:|1750878658
|switch|p2a: Murkrow|Murkrow, L50, F|100/100
|move|p2b: Kyurem|Protect|p2b: Kyurem
|-singleturn|p2b: Kyurem|Protect
|move|p1a: Incineroar|Fake Out|p2a: Murkrow
|-damage|p2a: Murkrow|90/100
|move|p1b: Urshifu|Close Combat|p2b: Kyurem
|-supereffective|p2b: Kyurem
|-damage|p2b: Kyurem|0 fnt
|-unboost|p1b: Urshifu|def|1
|-unboost|p1b: Urshifu|spd|1
|faint|p2b: Kyurem
|
|upkeep
|
|t:|1750878670
|switch|p2b: Garchomp|Garchomp, L50, F|38/100
|turn|6
|inactive|liksem has 30 seconds left.
|
|t:|1750878701
|move|p1a: Incineroar|Fake Out||[still]
|-hint|Fake Out only works on your first turn out.
|-fail|p1a: Incineroar
|move|p2a: Murkrow|Tailwind|p2a: Murkrow
|-sidestart|p2: liksem|move: Tailwind
|move|p2b: Garchomp|Earthquake|p1b: Urshifu|[spread] p1a,p1b
|-immune|p2a: Murkrow
|-resisted|p1a: Incineroar
|-damage|p1a: Incineroar|46/100
|-damage|p1b: Urshifu|0 fnt
|faint|p1b: Urshifu
|
|upkeep
|-message|pkmnboo forfeited.
|
|win|liksem
|raw|pkmnboo's rating: 1152 &rarr; <strong>1126</strong><br />(-26 for losing)
|raw|liksem's rating: 1145 &rarr; <strong>1171</strong><br />(+26 for winning)
|l|☆pkmnboo
|player|p1|
|l|☆liksem
|player|p2|
