|j|☆pythonpenguin
|j|☆Matty_1843
|t:|1750771087
|gametype|doubles
|player|p1|pythonpenguin|266|1082
|player|p2|Matty_1843|nate|1071
|teamsize|p1|6
|teamsize|p2|6
|gen|9
|tier|[Gen 9] VGC 2025 Reg I
|rated|
|rule|Species Clause: Limit one of each Pokémon
|rule|Item Clause: Limit 1 of each item
|clearpoke
|poke|p1|Brute Bonnet, L50|
|poke|p1|Flutter Mane, L50|
|poke|p1|Incineroar, L50, M|
|poke|p1|Koraidon, L50|
|poke|p1|Cresselia, L50, F|
|poke|p1|Groudon, L50|
|poke|p2|Calyrex-Shadow, L50|
|poke|p2|Indeedee-F, L50, F|
|poke|p2|Iron Valiant, L50|
|poke|p2|Kyurem-Black, L50|
|poke|p2|Flutter Mane, L50|
|poke|p2|Chien-Pao, L50|
|teampreview|4
|inactive|Battle timer is ON: inactive players will automatically lose when time's up. (requested by Matty_1843)
Matty_1843 has agreed to open team sheets.
|inactive|pythonpenguin has 60 seconds left.
|
|t:|1750771131
|start
|switch|p1a: Koraidon|Koraidon, L50|100/100
|switch|p1b: Flutter Mane|Flutter Mane, L50|100/100
|switch|p2a: Calyrex|Calyrex-Shadow, L50|100/100
|switch|p2b: Indeedee|Indeedee-F, L50, F|100/100
|-ability|p2a: Calyrex|As One
|-ability|p2a: Calyrex|Unnerve
|-weather|SunnyDay|[from] ability: Orichalcum Pulse|[of] p1a: Koraidon
|-activate|p1b: Flutter Mane|ability: Protosynthesis
|-start|p1b: Flutter Mane|protosynthesisspe
|-activate|p1a: Koraidon|Orichalcum Pulse|[source]
|-fieldstart|move: Psychic Terrain|[from] ability: Psychic Surge|[of] p2b: Indeedee
|turn|1
|inactive|pythonpenguin has 30 seconds left.
|inactive|pythonpenguin has 20 seconds left.
|inactive|pythonpenguin has 15 seconds left.
|
|t:|1750771174
|move|p2b: Indeedee|Helping Hand|p2a: Calyrex
|-singleturn|p2a: Calyrex|Helping Hand|[of] p2b: Indeedee
|move|p1b: Flutter Mane|Protect|p1b: Flutter Mane
|-singleturn|p1b: Flutter Mane|Protect
|move|p2a: Calyrex|Astral Barrage|p1a: Koraidon|[spread] p1a
|-activate|p1b: Flutter Mane|move: Protect
|-damage|p1a: Koraidon|12/100
|move|p1a: Koraidon|Close Combat|p2b: Indeedee
|-damage|p2b: Indeedee|0 fnt
|-unboost|p1a: Koraidon|def|1
|-unboost|p1a: Koraidon|spd|1
|faint|p2b: Indeedee
|-damage|p1a: Koraidon|2/100|[from] item: Life Orb
|
|-weather|SunnyDay|[upkeep]
|upkeep
|
|t:|1750771182
|switch|p2b: Flutter Mane|Flutter Mane, L50|100/100
|-activate|p2b: Flutter Mane|ability: Protosynthesis
|-start|p2b: Flutter Mane|protosynthesisspe
|turn|2
|inactive|pythonpenguin has 30 seconds left.
|inactive|pythonpenguin has 20 seconds left.
|inactive|pythonpenguin has 15 seconds left.
|
|t:|1750771223
|-terastallize|p1b: Flutter Mane|Fairy
|move|p1a: Koraidon|Protect|p1a: Koraidon
|-singleturn|p1a: Koraidon|Protect
|move|p2b: Flutter Mane|Icy Wind|p1b: Flutter Mane|[spread] p1b
|-activate|p1a: Koraidon|move: Protect
|-damage|p1b: Flutter Mane|86/100
|-unboost|p1b: Flutter Mane|spe|1
|move|p2a: Calyrex|Astral Barrage|p1b: Flutter Mane|[spread] p1b
|-activate|p1a: Koraidon|move: Protect
|-damage|p1b: Flutter Mane|31/100
|move|p1b: Flutter Mane|Shadow Ball|p2a: Calyrex
|-supereffective|p2a: Calyrex
|-enditem|p2a: Calyrex|Focus Sash
|-damage|p2a: Calyrex|1/100
|
|-weather|SunnyDay|[upkeep]
|upkeep
|turn|3
|inactive|pythonpenguin has 30 seconds left.
|inactive|pythonpenguin has 20 seconds left.
|inactive|pythonpenguin has 15 seconds left.
|inactive|pythonpenguin has 10 seconds left.
|
|t:|1750771271
|-end|p1b: Flutter Mane|Protosynthesis|[silent]
|switch|p1b: Brute Bonnet|Brute Bonnet, L50|100/100
|-activate|p1b: Brute Bonnet|ability: Protosynthesis
|-start|p1b: Brute Bonnet|protosynthesisspd
|move|p2b: Flutter Mane|Protect|p2b: Flutter Mane
|-singleturn|p2b: Flutter Mane|Protect
|move|p2a: Calyrex|Expanding Force|p1a: Koraidon|[spread] p1a
|-immune|p1b: Brute Bonnet
|-supereffective|p1a: Koraidon
|-damage|p1a: Koraidon|0 fnt
|faint|p1a: Koraidon
|-ability|p2a: Calyrex|Grim Neigh|boost
|-boost|p2a: Calyrex|spa|1
|
|-weather|SunnyDay|[upkeep]
|upkeep
|inactive|pythonpenguin has 30 seconds left.
|
|t:|1750771299
|switch|p1a: Flutter Mane|Flutter Mane, L50, tera:Fairy|31/100
|-activate|p1a: Flutter Mane|ability: Protosynthesis
|-start|p1a: Flutter Mane|protosynthesisspe
|turn|4
|inactive|pythonpenguin has 30 seconds left.
|
|t:|1750771329
|move|p2a: Calyrex|Protect|p2a: Calyrex
|-singleturn|p2a: Calyrex|Protect
|move|p1b: Brute Bonnet|Sucker Punch||[still]
|-fail|p1b: Brute Bonnet
|move|p2b: Flutter Mane|Icy Wind|p1b: Brute Bonnet|[spread] p1a,p1b
|-supereffective|p1b: Brute Bonnet
|-crit|p1b: Brute Bonnet
|-damage|p1a: Flutter Mane|14/100
|-damage|p1b: Brute Bonnet|74/100
|-unboost|p1a: Flutter Mane|spe|1
|-unboost|p1b: Brute Bonnet|spe|1
|move|p1a: Flutter Mane|Shadow Ball|p2b: Flutter Mane
|-supereffective|p2b: Flutter Mane
|-damage|p2b: Flutter Mane|11/100
|-unboost|p2b: Flutter Mane|spd|1
|
|-weather|SunnyDay|[upkeep]
|upkeep
|turn|5
|inactive|pythonpenguin has 30 seconds left.
|
|t:|1750771362
|move|p1a: Flutter Mane|Protect|p1a: Flutter Mane
|-singleturn|p1a: Flutter Mane|Protect
|move|p1b: Brute Bonnet|Sucker Punch|p2a: Calyrex
|-activate|p2a: Calyrex|move: Psychic Terrain
|move|p2b: Flutter Mane|Moonblast|p1b: Brute Bonnet
|-supereffective|p1b: Brute Bonnet
|-damage|p1b: Brute Bonnet|15/100
|move|p2a: Calyrex|Astral Barrage|p1a: Flutter Mane|[spread] p1b
|-activate|p1a: Flutter Mane|move: Protect
|-resisted|p1b: Brute Bonnet
|-damage|p1b: Brute Bonnet|0 fnt
|faint|p1b: Brute Bonnet
|-end|p1b: Brute Bonnet|Protosynthesis|[silent]
|-ability|p2a: Calyrex|Grim Neigh|boost
|-boost|p2a: Calyrex|spa|1
|
|-weather|none
|-end|p2b: Flutter Mane|Protosynthesis
|-end|p1a: Flutter Mane|Protosynthesis
|upkeep
|-enditem|p2b: Flutter Mane|Booster Energy
|-activate|p2b: Flutter Mane|ability: Protosynthesis|[fromitem]
|-start|p2b: Flutter Mane|protosynthesisspe
|
|t:|1750771383
|switch|p1b: Groudon|Groudon, L50|100/100
|-weather|SunnyDay|[from] ability: Drought|[of] p1b: Groudon
|-activate|p1a: Flutter Mane|ability: Protosynthesis
|-start|p1a: Flutter Mane|protosynthesisspa
|turn|6
|inactive|pythonpenguin has 30 seconds left.
|inactive|pythonpenguin has 20 seconds left.
|
|t:|1750771418
|move|p1b: Groudon|Protect|p1b: Groudon
|-singleturn|p1b: Groudon|Protect
|move|p2b: Flutter Mane|Shadow Ball|p1b: Groudon
|-activate|p1b: Groudon|move: Protect
|move|p2a: Calyrex|Expanding Force|p1a: Flutter Mane|[spread] p1a
|-activate|p1b: Groudon|move: Protect
|-damage|p1a: Flutter Mane|0 fnt
|faint|p1a: Flutter Mane
|-end|p1a: Flutter Mane|Protosynthesis|[silent]
|-ability|p2a: Calyrex|Grim Neigh|boost
|-boost|p2a: Calyrex|spa|1
|
|-weather|SunnyDay|[upkeep]
|upkeep
|turn|7
|
|t:|1750771437
|move|p2b: Flutter Mane|Moonblast|p1b: Groudon
|-damage|p1b: Groudon|45/100
|move|p2a: Calyrex|Expanding Force|p1b: Groudon
|-damage|p1b: Groudon|0 fnt
|faint|p1b: Groudon
|
|win|Matty_1843
|raw|pythonpenguin's rating: 1082 &rarr; <strong>1059</strong><br />(-23 for losing)
|raw|Matty_1843's rating: 1071 &rarr; <strong>1101</strong><br />(+30 for winning)
|l|☆pythonpenguin
|player|p1|
