|j|☆vitivato
|j|☆CadaverLuke
|t:|1750804187
|gametype|doubles
|player|p1|vitivato|alder|1140
|player|p2|CadaverLuke|266|1134
|teamsize|p1|6
|teamsize|p2|6
|gen|9
|tier|[Gen 9] VGC 2025 Reg I
|rated|
|rule|Species Clause: Limit one of each Pokémon
|rule|Item Clause: Limit 1 of each item
|clearpoke
|poke|p1|Miraidon, L50|
|poke|p1|Koraidon, L50|
|poke|p1|Flutter Mane, L50|
|poke|p1|Grimmsnarl, L50, M|
|poke|p1|Incineroar, L50, F|
|poke|p1|Volcarona, L50, M|
|poke|p2|Cetitan, L50, F|
|poke|p2|Ninetales-Alola, L50, M|
|poke|p2|Indeedee-F, L50, F|
|poke|p2|Abomasnow, L50, F|
|poke|p2|Sableye, L50, M|
|poke|p2|Calyrex-Shadow, L50|
|teampreview|4
|
|t:|1750804218
|start
|switch|p1a: Grimmsnarl|Grimmsnarl, L50, M|100/100
|switch|p1b: Volcarona|Volcarona, L50, M|100/100
|switch|p2a: Sableye|Sableye, L50, M|100/100
|switch|p2b: Calyrex|Calyrex-Shadow, L50|100/100
|-ability|p2b: Calyrex|As One
|-ability|p2b: Calyrex|Unnerve
|turn|1
|inactive|Battle timer is ON: inactive players will automatically lose when time's up. (requested by vitivato)
|
|t:|1750804249
|-terastallize|p2b: Calyrex|Ghost
|move|p2a: Sableye|Helping Hand|p2b: Calyrex
|-singleturn|p2b: Calyrex|Helping Hand|[of] p2a: Sableye
|move|p1a: Grimmsnarl|Light Screen|p1a: Grimmsnarl
|-sidestart|p1: vitivato|move: Light Screen
|move|p2b: Calyrex|Astral Barrage|p1b: Volcarona|[spread] p1a,p1b
|-resisted|p1a: Grimmsnarl
|-crit|p1a: Grimmsnarl
|-damage|p1a: Grimmsnarl|0 fnt
|-damage|p1b: Volcarona|0 fnt
|faint|p1a: Grimmsnarl
|faint|p1b: Volcarona
|-ability|p2b: Calyrex|Grim Neigh|boost
|-boost|p2b: Calyrex|spa|2
|
|upkeep
|
|t:|1750804272
|switch|p1b: Koraidon|Koraidon, L50|100/100
|switch|p1a: Incineroar|Incineroar, L50, F|100/100
|-weather|SunnyDay|[from] ability: Orichalcum Pulse|[of] p1b: Koraidon
|-activate|p1b: Koraidon|Orichalcum Pulse|[source]
|-ability|p1a: Incineroar|Intimidate|boost
|-unboost|p2a: Sableye|atk|1
|-unboost|p2b: Calyrex|atk|1
|turn|2
|inactive|CadaverLuke has 30 seconds left.
|
|t:|1750804301
|move|p2a: Sableye|Helping Hand|p2b: Calyrex
|-singleturn|p2b: Calyrex|Helping Hand|[of] p2a: Sableye
|move|p1b: Koraidon|Protect|p1b: Koraidon
|-singleturn|p1b: Koraidon|Protect
|move|p2b: Calyrex|Astral Barrage|p1a: Incineroar|[spread] p1a
|-activate|p1b: Koraidon|move: Protect
|-resisted|p1a: Incineroar
|-damage|p1a: Incineroar|44/100
|move|p1a: Incineroar|Knock Off|p2b: Calyrex
|-supereffective|p2b: Calyrex
|-damage|p2b: Calyrex|8/100
|-enditem|p2b: Calyrex|Choice Specs|[from] move: Knock Off|[of] p1a: Incineroar
|
|-weather|SunnyDay|[upkeep]
|upkeep
|turn|3
|inactive|vitivato has 30 seconds left.
|inactive|vitivato has 20 seconds left.
|
|t:|1750804337
|-terastallize|p1b: Koraidon|Fire
|move|p2a: Sableye|Helping Hand|p2b: Calyrex
|-singleturn|p2b: Calyrex|Helping Hand|[of] p2a: Sableye
|move|p1b: Koraidon|Scale Shot|p2b: Calyrex
|-damage|p2b: Calyrex|0 fnt
|faint|p2b: Calyrex
|-hitcount|p2: Calyrex|1
|-unboost|p1b: Koraidon|def|1
|-boost|p1b: Koraidon|spe|1
|move|p1a: Incineroar|Knock Off|p2a: Sableye
|-damage|p2a: Sableye|55/100
|-enditem|p2a: Sableye|Eject Button|[from] move: Knock Off|[of] p1a: Incineroar
|
|-weather|SunnyDay|[upkeep]
|upkeep
|
|t:|1750804352
|switch|p2b: Ninetales|Ninetales-Alola, L50, M|100/100
|-weather|Snowscape|[from] ability: Snow Warning|[of] p2b: Ninetales
|turn|4
|
|t:|1750804372
|switch|p2a: Cetitan|Cetitan, L50, F|100/100
|move|p1b: Koraidon|Flare Blitz|p2b: Ninetales
|-supereffective|p2b: Ninetales
|-enditem|p2b: Ninetales|Focus Sash
|-damage|p2b: Ninetales|1/100
|-damage|p1b: Koraidon|73/100|[from] Recoil
|move|p2b: Ninetales|Aurora Veil|p2b: Ninetales
|-sidestart|p2: CadaverLuke|move: Aurora Veil
|move|p1a: Incineroar|Knock Off|p2a: Cetitan
|-damage|p2a: Cetitan|85/100
|-enditem|p2a: Cetitan|Loaded Dice|[from] move: Knock Off|[of] p1a: Incineroar
|
|-weather|Snowscape|[upkeep]
|upkeep
|turn|5
|inactive|vitivato has 30 seconds left.
|inactive|CadaverLuke has 30 seconds left.
|inactive|CadaverLuke has 20 seconds left.
|inactive|CadaverLuke has 15 seconds left.
|
|t:|1750804415
|move|p2b: Ninetales|Helping Hand|p2a: Cetitan
|-singleturn|p2a: Cetitan|Helping Hand|[of] p2b: Ninetales
|move|p1b: Koraidon|Collision Course|p2a: Cetitan
|-supereffective|p2a: Cetitan
|-damage|p2a: Cetitan|24/100
|move|p2a: Cetitan|Earthquake|p1a: Incineroar|[spread] p2b,p1a,p1b
|-supereffective|p1a: Incineroar
|-supereffective|p1b: Koraidon
|-damage|p2b: Ninetales|0 fnt
|-damage|p1a: Incineroar|0 fnt
|-damage|p1b: Koraidon|0 fnt
|faint|p2b: Ninetales
|faint|p1a: Incineroar
|faint|p1b: Koraidon
|
|win|CadaverLuke
|raw|vitivato's rating: 1140 &rarr; <strong>1115</strong><br />(-25 for losing)
|raw|CadaverLuke's rating: 1134 &rarr; <strong>1159</strong><br />(+25 for winning)
|c|☆CadaverLuke|gg close
|l|☆vitivato
|player|p1|
|l|☆CadaverLuke
|player|p2|
