|j|☆juho021227
|j|☆lordofthebagels89
|t:|1750856477
|gametype|doubles
|player|p1|juho021227|2|1235
|player|p2|lordofthebagels89|lucian|1310
|teamsize|p1|6
|teamsize|p2|6
|gen|9
|tier|[Gen 9] VGC 2025 Reg I
|rated|
|rule|Species Clause: Limit one of each Pokémon
|rule|Item Clause: Limit 1 of each item
|clearpoke
|poke|p1|Terapagos, L50, M|
|poke|p1|Zacian-*, L50|
|poke|p1|Electivire, L50, F|
|poke|p1|Pelipper, L50, F|
|poke|p1|Landorus, L50, M|
|poke|p1|Urshifu-*, L50, M|
|poke|p2|Ho-Oh, L50|
|poke|p2|Miraidon, L50|
|poke|p2|Iron Hands, L50|
|poke|p2|Amoonguss, L50, F|
|poke|p2|Urshifu-*, L50, M|
|poke|p2|Iron Bundle, L50|
|teampreview|4
|inactive|Battle timer is ON: inactive players will automatically lose when time's up. (requested by juho021227)
|inactive|lordofthebagels89 has 60 seconds left.
|
|t:|1750856519
|start
|switch|p1a: Terapagos|Terapagos, L50, M|100/100
|switch|p1b: Electivire|Electivire, L50, F|100/100
|switch|p2a: Serpent|Miraidon, L50|100/100
|switch|p2b: Santa|Iron Bundle, L50|100/100
|-activate|p1a: Terapagos|ability: Tera Shift
|detailschange|p1a: Terapagos|Terapagos-Terastal, L50, M
|-heal|p1a: Terapagos|100/100|[silent]
|-fieldstart|move: Electric Terrain|[from] ability: Hadron Engine|[of] p2a: Serpent
|-activate|p2b: Santa|ability: Quark Drive
|-start|p2b: Santa|quarkdrivespe
|turn|1
|inactive|juho021227 has 30 seconds left.
|
|t:|1750856544
|move|p1b: Electivire|Follow Me|p1b: Electivire
|-singleturn|p1b: Electivire|move: Follow Me
|move|p2b: Santa|Taunt|p1b: Electivire
|-start|p1b: Electivire|move: Taunt
|-enditem|p1b: Electivire|Mental Herb
|-end|p1b: Electivire|move: Taunt
|move|p2a: Serpent|Dazzling Gleam|p1b: Electivire|[spread] p1a,p1b
|-activate|p1a: Terapagos|ability: Tera Shell
|-resisted|p1a: Terapagos
|-damage|p1a: Terapagos|83/100
|-damage|p1b: Electivire|57/100
|move|p1a: Terapagos|Meteor Beam||[still]
|-prepare|p1a: Terapagos|Meteor Beam
|-boost|p1a: Terapagos|spa|1
|-enditem|p1a: Terapagos|Power Herb
|-anim|p1a: Terapagos|Meteor Beam|p2b: Santa
|-supereffective|p2b: Santa
|-enditem|p2b: Santa|Focus Sash
|-damage|p2b: Santa|1/100
|
|upkeep
|turn|2
|
|t:|1750856568
|move|p1b: Electivire|Feint|p2b: Santa
|-damage|p2b: Santa|0 fnt
|faint|p2b: Santa
|-end|p2b: Santa|Quark Drive|[silent]
|move|p2a: Serpent|Dazzling Gleam|p1a: Terapagos|[spread] p1a,p1b
|-damage|p1a: Terapagos|47/100
|-damage|p1b: Electivire|8/100
|move|p1a: Terapagos|Earth Power|p2a: Serpent
|-supereffective|p2a: Serpent
|-damage|p2a: Serpent|23/100
|
|upkeep
|
|t:|1750856584
|switch|p2b: The Terminator|Iron Hands, L50, shiny|100/100
|-activate|p2b: The Terminator|ability: Quark Drive
|-start|p2b: The Terminator|quarkdriveatk
|turn|3
|inactive|juho021227 has 30 seconds left.
|
|t:|1750856615
|switch|p2a: Birb|Ho-Oh, L50, shiny|100/100
|switch|p1b: Pelipper|Pelipper, L50, F|100/100
|-weather|RainDance|[from] ability: Drizzle|[of] p1b: Pelipper
|move|p1a: Terapagos|Protect|p1a: Terapagos
|-singleturn|p1a: Terapagos|Protect
|move|p2b: The Terminator|Fake Out|p1b: Pelipper
|-damage|p1b: Pelipper|79/100
|
|-weather|RainDance|[upkeep]
|upkeep
|turn|4
|inactive|juho021227 has 30 seconds left.
|inactive|lordofthebagels89 has 30 seconds left.
|inactive|juho021227 has 20 seconds left.
|inactive|juho021227 has 15 seconds left.
|inactive|juho021227 has 10 seconds left.
|
|t:|1750856662
|switch|p1a: Zacian|Zacian-Crowned, L50|100/100
|-ability|p1a: Zacian|Intrepid Sword|boost
|-boost|p1a: Zacian|atk|1
|-terastallize|p2a: Birb|Grass
|move|p2a: Birb|Brave Bird|p1a: Zacian
|-resisted|p1a: Zacian
|-damage|p1a: Zacian|74/100
|-damage|p2a: Birb|93/100|[from] Recoil
|move|p1b: Pelipper|Hydro Pump|p2a: Birb|[miss]
|-miss|p1b: Pelipper|p2a: Birb
|move|p2b: The Terminator|Wild Charge|p1b: Pelipper
|-supereffective|p1b: Pelipper
|-damage|p1b: Pelipper|0 fnt
|faint|p1b: Pelipper
|-damage|p2b: The Terminator|87/100|[from] Recoil
|
|-weather|RainDance|[upkeep]
|upkeep
|inactive|juho021227 has 30 seconds left.
|
|t:|1750856687
|switch|p1b: Terapagos|Terapagos-Terastal, L50, M|47/100
|turn|5
|
|t:|1750856703
|move|p1b: Terapagos|Protect|p1b: Terapagos
|-singleturn|p1b: Terapagos|Protect
|move|p1a: Zacian|Play Rough|p2b: The Terminator
|-supereffective|p2b: The Terminator
|-damage|p2b: The Terminator|0 fnt
|faint|p2b: The Terminator
|-end|p2b: The Terminator|Quark Drive|[silent]
|move|p2a: Birb|Brave Bird|p1b: Terapagos
|-activate|p1b: Terapagos|move: Protect
|
|-weather|RainDance|[upkeep]
|-fieldend|move: Electric Terrain
|upkeep
|
|t:|1750856709
|switch|p2b: Serpent|Miraidon, L50|23/100
|-fieldstart|move: Electric Terrain|[from] ability: Hadron Engine|[of] p2b: Serpent
|turn|6
|inactive|juho021227 has 30 seconds left.
|c|☆lordofthebagels89|GG
|
|t:|1750856742
|-terastallize|p1b: Terapagos|Stellar
|detailschange|p1b: Terapagos|Terapagos-Stellar, L50, M, tera:Stellar
|-heal|p1b: Terapagos|60/100|[silent]
|-ability|p1b: Terapagos|Teraform Zero
|-weather|none
|-fieldend|move: Electric Terrain
|move|p1a: Zacian|Play Rough|p2b: Serpent
|-supereffective|p2b: Serpent
|-damage|p2b: Serpent|0 fnt
|faint|p2b: Serpent
|move|p1b: Terapagos|Tera Starstorm|p2a: Birb
|-supereffective|p2a: Birb
|-damage|p2a: Birb|32/100
|-enditem|p2a: Birb|Sitrus Berry|[eat]
|-heal|p2a: Birb|57/100|[from] item: Sitrus Berry
|move|p2a: Birb|Brave Bird|p1b: Terapagos
|-damage|p1b: Terapagos|23/100
|-damage|p2a: Birb|42/100|[from] Recoil
|
|upkeep
|turn|7
|
|t:|1750856764
|move|p1a: Zacian|Behemoth Blade|p2a: Birb
|-damage|p2a: Birb|0 fnt
|faint|p2a: Birb
|
|win|juho021227
|raw|juho021227's rating: 1235 &rarr; <strong>1265</strong><br />(+30 for winning)
|raw|lordofthebagels89's rating: 1310 &rarr; <strong>1286</strong><br />(-24 for losing)
|l|☆lordofthebagels89
|player|p2|
|l|☆juho021227
|player|p1|
