|j|☆amolefoche
|j|☆Slim Killer
|t:|1750845053
|gametype|doubles
|player|p1|amolefoche|wallace|1242
|player|p2|Slim Killer|ethan|1229
|teamsize|p1|6
|teamsize|p2|6
|gen|9
|tier|[Gen 9] VGC 2025 Reg I
|rated|
|rule|Species Clause: Limit one of each Pokémon
|rule|Item Clause: Limit 1 of each item
|clearpoke
|poke|p1|Koraidon, L50|
|poke|p1|Reshiram, L50|
|poke|p1|Flutter Mane, L50|
|poke|p1|Raging Bolt, L50|
|poke|p1|Venusaur, L50, F|
|poke|p1|Whimsicott, L50, M|
|poke|p2|Miraidon, L50|
|poke|p2|Groudon, L50|
|poke|p2|Whimsicott, L50, M|
|poke|p2|Urshifu-*, L50, F|
|poke|p2|Farigiraf, L50, M|
|poke|p2|Pelipper, L50, F|
|teampreview|4
|inactive|Battle timer is ON: inactive players will automatically lose when time's up. (requested by Slim Killer)
|inactive|Slim Killer has 60 seconds left.
|
|t:|1750845089
|start
|switch|p1a: Reshiram|Reshiram, L50|100/100
|switch|p1b: Whimsicott|Whimsicott, L50, M|100/100
|switch|p2a: Miraidon|Miraidon, L50|100/100
|switch|p2b: Whimsicott|Whimsicott, L50, M|100/100
|-fieldstart|move: Electric Terrain|[from] ability: Hadron Engine|[of] p2a: Miraidon
|-ability|p1a: Reshiram|Turboblaze
|turn|1
|
|t:|1750845112
|-terastallize|p1a: Reshiram|Fire
|move|p1b: Whimsicott|Tailwind|p1b: Whimsicott
|-sidestart|p1: amolefoche|move: Tailwind
|move|p2b: Whimsicott|Light Screen|p2b: Whimsicott
|-sidestart|p2: Slim Killer|move: Light Screen
|move|p1a: Reshiram|Heat Wave|p2a: Miraidon|[spread] p2a,p2b
|-resisted|p2a: Miraidon
|-supereffective|p2b: Whimsicott
|-damage|p2a: Miraidon|80/100
|-damage|p2b: Whimsicott|0 fnt
|faint|p2b: Whimsicott
|-damage|p1a: Reshiram|91/100|[from] item: Life Orb
|move|p2a: Miraidon|Volt Switch|p1a: Reshiram
|-damage|p1a: Reshiram|19/100
|-damage|p2a: Miraidon|70/100|[from] item: Life Orb
|
|t:|1750845122
|switch|p2a: Pelipper|Pelipper, L50, F|100/100|[from] Volt Switch
|-weather|RainDance|[from] ability: Drizzle|[of] p2a: Pelipper
|
|-weather|RainDance|[upkeep]
|upkeep
|
|t:|1750845127
|switch|p2b: Miraidon|Miraidon, L50|70/100
|-activate|p2b: Miraidon|ability: Hadron Engine
|turn|2
|
|t:|1750845141
|switch|p1a: Koraidon|Koraidon, L50|100/100
|-weather|SunnyDay|[from] ability: Orichalcum Pulse|[of] p1a: Koraidon
|-activate|p1a: Koraidon|Orichalcum Pulse|[source]
|move|p1b: Whimsicott|Moonblast|p2b: Miraidon
|-supereffective|p2b: Miraidon
|-damage|p2b: Miraidon|38/100
|move|p2b: Miraidon|Volt Switch|p1a: Koraidon
|-resisted|p1a: Koraidon
|-damage|p1a: Koraidon|54/100
|-damage|p2b: Miraidon|28/100|[from] item: Life Orb
|
|t:|1750845148
|switch|p2b: Groudon|Groudon, L50|100/100|[from] Volt Switch
|move|p2a: Pelipper|Hurricane|p1b: Whimsicott
|-supereffective|p1b: Whimsicott
|-damage|p1b: Whimsicott|0 fnt
|faint|p1b: Whimsicott
|
|-weather|SunnyDay|[upkeep]
|upkeep
|
|t:|1750845153
|switch|p1b: Flutter Mane|Flutter Mane, L50|100/100
|-activate|p1b: Flutter Mane|ability: Protosynthesis
|-start|p1b: Flutter Mane|protosynthesisspe
|turn|3
|
|t:|1750845166
|move|p1b: Flutter Mane|Icy Wind|p2b: Groudon|[spread] p2a,p2b
|-supereffective|p2b: Groudon
|-damage|p2a: Pelipper|89/100
|-damage|p2b: Groudon|84/100
|-unboost|p2a: Pelipper|spe|1
|-unboost|p2b: Groudon|spe|1
|move|p1a: Koraidon|Swords Dance|p1a: Koraidon
|-boost|p1a: Koraidon|atk|2
|move|p2b: Groudon|Swords Dance|p2b: Groudon
|-boost|p2b: Groudon|atk|2
|move|p2a: Pelipper|Icy Wind|p1b: Flutter Mane|[spread] p1a,p1b
|-supereffective|p1a: Koraidon
|-damage|p1a: Koraidon|36/100
|-damage|p1b: Flutter Mane|90/100
|-unboost|p1b: Flutter Mane|spe|1
|
|-weather|SunnyDay|[upkeep]
|-heal|p2b: Groudon|89/100|[from] item: Leftovers
|upkeep
|turn|4
|
|t:|1750845183
|move|p2a: Pelipper|Wide Guard|p2a: Pelipper
|-singleturn|p2a: Pelipper|Wide Guard
|move|p1a: Koraidon|Close Combat|p2b: Groudon
|-damage|p2b: Groudon|0 fnt
|-unboost|p1a: Koraidon|def|1
|-unboost|p1a: Koraidon|spd|1
|faint|p2b: Groudon
|move|p1b: Flutter Mane|Moonblast|p2a: Pelipper
|-damage|p2a: Pelipper|51/100
|-unboost|p2a: Pelipper|spa|1
|
|-weather|SunnyDay|[upkeep]
|-sideend|p1: amolefoche|move: Tailwind
|upkeep
|
|t:|1750845189
|switch|p2b: Miraidon|Miraidon, L50|28/100
|-activate|p2b: Miraidon|ability: Hadron Engine
|turn|5
|inactive|Slim Killer has 30 seconds left.
|
|t:|1750845216
|move|p1a: Koraidon|Protect|p1a: Koraidon
|-singleturn|p1a: Koraidon|Protect
|move|p2a: Pelipper|Wide Guard|p2a: Pelipper
|-singleturn|p2a: Pelipper|Wide Guard
|move|p2b: Miraidon|Discharge|p1b: Flutter Mane|[spread] p1b
|-activate|p2a: Pelipper|move: Wide Guard
|-activate|p1a: Koraidon|move: Protect
|-damage|p1b: Flutter Mane|17/100
|-damage|p2b: Miraidon|18/100|[from] item: Life Orb
|move|p1b: Flutter Mane|Icy Wind|p2a: Pelipper|[spread] 
|-activate|p2a: Pelipper|move: Wide Guard
|-activate|p2b: Miraidon|move: Wide Guard
|
|-weather|SunnyDay|[upkeep]
|-sideend|p2: Slim Killer|move: Light Screen
|-fieldend|move: Electric Terrain
|upkeep
|turn|6
|inactive|Slim Killer has 30 seconds left.
|
|t:|1750845245
|-terastallize|p2b: Miraidon|Electric
|move|p2b: Miraidon|Volt Switch|p1b: Flutter Mane
|-damage|p1b: Flutter Mane|0 fnt
|faint|p1b: Flutter Mane
|-end|p1b: Flutter Mane|Protosynthesis|[silent]
|-damage|p2b: Miraidon|8/100|[from] item: Life Orb
|move|p1a: Koraidon|Close Combat|p2b: Miraidon
|-damage|p2b: Miraidon|0 fnt
|-unboost|p1a: Koraidon|def|1
|-unboost|p1a: Koraidon|spd|1
|faint|p2b: Miraidon
|move|p2a: Pelipper|Icy Wind|p1a: Koraidon
|-supereffective|p1a: Koraidon
|-damage|p1a: Koraidon|4/100
|
|-weather|none
|upkeep
|
|t:|1750845248
|switch|p1b: Reshiram|Reshiram, L50, tera:Fire|19/100
|-ability|p1b: Reshiram|Turboblaze
|turn|7
|-message|Slim Killer forfeited.
|
|win|amolefoche
|raw|amolefoche's rating: 1242 &rarr; <strong>1266</strong><br />(+24 for winning)
|raw|Slim Killer's rating: 1229 &rarr; <strong>1205</strong><br />(-24 for losing)
