|j|☆Aki nakaha
|j|☆Vitaaum1
|t:|1750846011
|gametype|doubles
|player|p1|Aki nakaha|lucas|1353
|player|p2|Vitaaum1|266|1380
|teamsize|p1|6
|teamsize|p2|6
|gen|9
|tier|[Gen 9] VGC 2025 Reg I
|rated|
|rule|Species Clause: Limit one of each Pokémon
|rule|Item Clause: Limit 1 of each item
|clearpoke
|poke|p1|Chi-Yu, L50|
|poke|p1|Tornadus, L50, M|
|poke|p1|Kyogre, L50|
|poke|p1|Eternatus, L50|
|poke|p1|Rillaboom, L50, F|
|poke|p1|Farigiraf, L50, F|
|poke|p2|Miraidon, L50|
|poke|p2|Zamazenta-*, L50|
|poke|p2|Iron Valiant, L50|
|poke|p2|Kingambit, L50, M|
|poke|p2|Iron Bundle, L50|
|poke|p2|Farigiraf, L50, M|
|teampreview|4
|inactive|Battle timer is ON: inactive players will automatically lose when time's up. (requested by Aki nakaha)
|inactive|Aki nakaha has 60 seconds left.
|
|t:|1750846048
|start
|switch|p1a: Tornadus|Tornadus, L50, M|100/100
|switch|p1b: Eternatus|Eternatus, L50|100/100
|switch|p2a: Iron Valiant|Iron Valiant, L50|100/100
|switch|p2b: Akai|Kingambit, L50, M|100/100
|-ability|p1b: Eternatus|Pressure
|-enditem|p2a: Iron Valiant|Booster Energy
|-activate|p2a: Iron Valiant|ability: Quark Drive|[fromitem]
|-start|p2a: Iron Valiant|quarkdrivespe
|turn|1
|
|t:|1750846066
|-terastallize|p2a: Iron Valiant|Steel
|move|p2a: Iron Valiant|Coaching|p2b: Akai
|-boost|p2b: Akai|atk|1
|-boost|p2b: Akai|def|1
|move|p1b: Eternatus|Sludge Bomb|p2a: Iron Valiant
|-immune|p2a: Iron Valiant
|move|p1a: Tornadus|Brick Break|p2b: Akai
|-supereffective|p2b: Akai
|-damage|p2b: Akai|54/100
|move|p2b: Akai|Low Kick|p1b: Eternatus
|-resisted|p1b: Eternatus
|-damage|p1b: Eternatus|73/100
|
|upkeep
|turn|2
|inactive|Vitaaum1 has 30 seconds left.
|inactive|Aki nakaha has 30 seconds left.
|
|t:|1750846099
|move|p2b: Akai|Sucker Punch|p1b: Eternatus
|-crit|p1b: Eternatus
|-damage|p1b: Eternatus|0 fnt
|faint|p1b: Eternatus
|move|p2a: Iron Valiant|Close Combat|p1a: Tornadus
|-resisted|p1a: Tornadus
|-damage|p1a: Tornadus|54/100
|-unboost|p2a: Iron Valiant|def|1
|-unboost|p2a: Iron Valiant|spd|1
|move|p1a: Tornadus|Brick Break|p2b: Akai
|-supereffective|p2b: Akai
|-damage|p2b: Akai|4/100
|
|upkeep
|
|t:|1750846108
|switch|p1b: Chi-Yu|Chi-Yu, L50|100/100
|-ability|p1b: Chi-Yu|Beads of Ruin
|turn|3
|
|t:|1750846117
|move|p1a: Tornadus|Tailwind|p1a: Tornadus
|-sidestart|p1: Aki nakaha|move: Tailwind
|move|p2b: Akai|Sucker Punch||[still]
|-fail|p2b: Akai
|move|p1b: Chi-Yu|Burning Jealousy|p2a: Iron Valiant|[spread] p2a,p2b
|-supereffective|p2a: Iron Valiant
|-supereffective|p2b: Akai
|-damage|p2a: Iron Valiant|0 fnt
|-damage|p2b: Akai|0 fnt
|faint|p2a: Iron Valiant
|-end|p2a: Iron Valiant|Quark Drive|[silent]
|faint|p2b: Akai
|
|upkeep
|
|t:|1750846130
|switch|p2a: Iron Bundle|Iron Bundle, L50|100/100
|switch|p2b: Miraidon|Miraidon, L50|100/100
|-fieldstart|move: Electric Terrain|[from] ability: Hadron Engine|[of] p2b: Miraidon
|-activate|p2a: Iron Bundle|ability: Quark Drive
|-start|p2a: Iron Bundle|quarkdrivespe
|turn|4
|
|t:|1750846154
|move|p1a: Tornadus|Brick Break|p2a: Iron Bundle
|-supereffective|p2a: Iron Bundle
|-damage|p2a: Iron Bundle|41/100
|move|p1b: Chi-Yu|Snarl|p2b: Miraidon|[spread] p2a,p2b
|-damage|p2a: Iron Bundle|0 fnt
|-damage|p2b: Miraidon|73/100
|-unboost|p2b: Miraidon|spa|1
|faint|p2a: Iron Bundle
|-end|p2a: Iron Bundle|Quark Drive|[silent]
|move|p2b: Miraidon|Electro Drift|p1b: Chi-Yu
|-damage|p1b: Chi-Yu|0 fnt
|faint|p1b: Chi-Yu
|
|upkeep
|
|t:|1750846159
|switch|p1b: Kyogre|Kyogre, L50|100/100
|-weather|RainDance|[from] ability: Drizzle|[of] p1b: Kyogre
|turn|5
|-message|Vitaaum1 forfeited.
|
|win|Aki nakaha
|raw|Aki nakaha's rating: 1353 &rarr; <strong>1375</strong><br />(+22 for winning)
|raw|Vitaaum1's rating: 1380 &rarr; <strong>1358</strong><br />(-22 for losing)
|l|☆Vitaaum1
|player|p2|
