|j|☆Dragonite2387
|j|☆Fjsjfjsj
|t:|1750811324
|gametype|doubles
|player|p1|Dragonite2387|169|1117
|player|p2|Fjsjfjsj|gambler|1072
|teamsize|p1|6
|teamsize|p2|6
|gen|9
|tier|[Gen 9] VGC 2025 Reg I
|rated|
|rule|Species Clause: Limit one of each Pokémon
|rule|Item Clause: Limit 1 of each item
|clearpoke
|poke|p1|Incineroar, L50, F|
|poke|p1|Miraidon, L50|
|poke|p1|Koraidon, L50|
|poke|p1|Gothitelle, L50, M|
|poke|p1|Scream Tail, L50|
|poke|p1|Amoonguss, L50, M|
|poke|p2|Smeargle, L50, M|
|poke|p2|Coalossal, L50, M|
|poke|p2|Flamigo, L50, M|
|poke|p2|Annihilape, L50, M|
|poke|p2|Torkoal, L50, M|
|poke|p2|Farigiraf, L50, M|
|teampreview|4
|inactive|Battle timer is ON: inactive players will automatically lose when time's up. (requested by Fjsjfjsj)
|
|t:|1750811343
|start
|switch|p1a: Miraidon|Miraidon, L50|100/100
|switch|p1b: Koraidon|Koraidon, L50|100/100
|switch|p2a: Michelangelo|Smeargle, L50, M, shiny|100/100
|switch|p2b: Eruptodon|Coalossal, L50, M|100/100
|-fieldstart|move: Electric Terrain|[from] ability: Hadron Engine|[of] p1a: Miraidon
|-weather|SunnyDay|[from] ability: Orichalcum Pulse|[of] p1b: Koraidon
|-activate|p1b: Koraidon|Orichalcum Pulse|[source]
|turn|1
|inactive|Dragonite2387 has 30 seconds left.
|inactive|Dragonite2387 has 20 seconds left.
|
|t:|1750811379
|move|p2a: Michelangelo|Water Shuriken|p2b: Eruptodon
|-supereffective|p2b: Eruptodon
|-damage|p2b: Eruptodon|99/100
|-ability|p2b: Eruptodon|Steam Engine|boost
|-boost|p2b: Eruptodon|spe|6
|-enditem|p2b: Eruptodon|Weakness Policy
|-boost|p2b: Eruptodon|atk|2|[from] item: Weakness Policy
|-boost|p2b: Eruptodon|spa|2|[from] item: Weakness Policy
|-supereffective|p2b: Eruptodon
|-damage|p2b: Eruptodon|99/100
|-supereffective|p2b: Eruptodon
|-damage|p2b: Eruptodon|99/100
|-hitcount|p2b: Eruptodon|3
|move|p2b: Eruptodon|Earth Power|p1a: Miraidon
|-supereffective|p1a: Miraidon
|-damage|p1a: Miraidon|7/100
|move|p1a: Miraidon|Electro Drift|p2a: Michelangelo
|-enditem|p2a: Michelangelo|Focus Sash
|-damage|p2a: Michelangelo|1/100
|move|p1b: Koraidon|Close Combat|p2b: Eruptodon
|-supereffective|p2b: Eruptodon
|-damage|p2b: Eruptodon|0 fnt
|-unboost|p1b: Koraidon|def|1
|-unboost|p1b: Koraidon|spd|1
|faint|p2b: Eruptodon
|-damage|p1b: Koraidon|91/100|[from] item: Life Orb
|
|-weather|SunnyDay|[upkeep]
|-ability|p2a: Michelangelo|Moody|boost
|-boost|p2a: Michelangelo|spd|2
|-unboost|p2a: Michelangelo|atk|1
|upkeep
|
|t:|1750811404
|switch|p2b: Melman|Farigiraf, L50, M|100/100
|turn|2
|
|t:|1750811417
|-terastallize|p2b: Melman|Fairy
|move|p1a: Miraidon|Protect|p1a: Miraidon
|-singleturn|p1a: Miraidon|Protect
|move|p1b: Koraidon|Close Combat|p2b: Melman
|-resisted|p2b: Melman
|-damage|p2b: Melman|31/100
|-unboost|p1b: Koraidon|def|1
|-unboost|p1b: Koraidon|spd|1
|-damage|p1b: Koraidon|81/100|[from] item: Life Orb
|move|p2a: Michelangelo|Endeavor|p1b: Koraidon
|-damage|p1b: Koraidon|1/100
|move|p2b: Melman|Trick Room|p2b: Melman
|-fieldstart|move: Trick Room|[of] p2b: Melman
|
|-weather|SunnyDay|[upkeep]
|-ability|p2a: Michelangelo|Moody|boost
|-boost|p2a: Michelangelo|spe|2
|-unboost|p2a: Michelangelo|spd|1
|upkeep
|turn|3
|inactive|Dragonite2387 has 30 seconds left.
|inactive|Dragonite2387 has 20 seconds left.
|inactive|Dragonite2387 has 15 seconds left.
|inactive|Dragonite2387 has 10 seconds left.
|inactive|Dragonite2387 has 5 seconds left.
|
|t:|1750811469
|switch|p1a: Gothitelle|Gothitelle, L50, M|100/100
|move|p1b: Koraidon|Protect|p1b: Koraidon
|-singleturn|p1b: Koraidon|Protect
|move|p2a: Michelangelo|Water Shuriken|p1b: Koraidon
|-activate|p1b: Koraidon|move: Protect
|move|p2b: Melman|Hyper Voice|p1b: Koraidon|[spread] p1a
|-activate|p1b: Koraidon|move: Protect
|-damage|p1a: Gothitelle|71/100
|-enditem|p2b: Melman|Throat Spray
|-boost|p2b: Melman|spa|1|[from] item: Throat Spray
|
|-weather|SunnyDay|[upkeep]
|-heal|p1a: Gothitelle|77/100|[from] item: Leftovers
|-ability|p2a: Michelangelo|Moody|boost
|-boost|p2a: Michelangelo|spa|2
|-unboost|p2a: Michelangelo|spe|1
|upkeep
|turn|4
|inactive|Dragonite2387 has 30 seconds left.
|inactive|Fjsjfjsj has 30 seconds left.
|inactive|Dragonite2387 has 20 seconds left.
|
|t:|1750811508
|switch|p1b: Scream Tail|Scream Tail, L50|100/100
|-activate|p1b: Scream Tail|ability: Protosynthesis
|-start|p1b: Scream Tail|protosynthesisspe
|move|p1a: Gothitelle|Fake Out||[still]
|cant|p2b: Melman|ability: Armor Tail|Fake Out|[of] p1a: Gothitelle
|move|p2b: Melman|Hyper Voice|p1a: Gothitelle|[spread] p1a,p1b
|-damage|p1a: Gothitelle|38/100
|-damage|p1b: Scream Tail|65/100
|move|p2a: Michelangelo|Endeavor|p1b: Scream Tail
|-damage|p1b: Scream Tail|1/100
|
|-weather|SunnyDay|[upkeep]
|-heal|p1a: Gothitelle|44/100|[from] item: Leftovers
|-ability|p2a: Michelangelo|Moody|boost
|-boost|p2a: Michelangelo|spd|2
|-unboost|p2a: Michelangelo|atk|1
|upkeep
|turn|5
|-message|Dragonite2387 forfeited.
|
|win|Fjsjfjsj
|raw|Dragonite2387's rating: 1117 &rarr; <strong>1090</strong><br />(-27 for losing)
|raw|Fjsjfjsj's rating: 1095 &rarr; <strong>1122</strong><br />(+27 for winning)
|l|☆Dragonite2387
|player|p1|
|l|☆Fjsjfjsj
|player|p2|
