|j|☆Troller313
|j|☆kleiton.nono
|t:|1750858929
|gametype|doubles
|player|p1|Troller313|lucas-gen4pt|1293
|player|p2|kleiton.nono|266|1298
|teamsize|p1|6
|teamsize|p2|6
|gen|9
|tier|[Gen 9] VGC 2025 Reg I
|rated|
|rule|Species Clause: Limit one of each Pokémon
|rule|Item Clause: Limit 1 of each item
|clearpoke
|poke|p1|Rhydon, L50, F|
|poke|p1|Ho-Oh, L50|
|poke|p1|Suicune, L50|
|poke|p1|Grimmsnarl, L50, M|
|poke|p1|Eternatus, L50|
|poke|p1|Ogerpon-Wellspring, L50, F|
|poke|p2|Calyrex-Shadow, L50|
|poke|p2|Zamazenta-*, L50|
|poke|p2|Urshifu-*, L50, F|
|poke|p2|Rillaboom, L50, M|
|poke|p2|Tornadus, L50, M|
|poke|p2|Chien-Pao, L50|
|teampreview|4
|
|t:|1750858953
|start
|switch|p1a: Suicune|Suicune, L50|100/100
|switch|p1b: Ho-Oh|Ho-Oh, L50|100/100
|switch|p2a: Zamazenta|Zamazenta-Crowned, L50|100/100
|switch|p2b: Calyrex|Calyrex-Shadow, L50|100/100
|-ability|p2b: Calyrex|As One
|-ability|p2b: Calyrex|Unnerve
|-ability|p2a: Zamazenta|Dauntless Shield|boost
|-boost|p2a: Zamazenta|def|1
|turn|1
|inactive|Battle timer is ON: inactive players will automatically lose when time's up. (requested by Troller313)
|inactive|kleiton.nono has 60 seconds left.
|inactive|kleiton.nono has 30 seconds left.
|l|☆kleiton.nono
|inactive|kleiton.nono disconnected and has a minute to reconnect!
|player|p2|
|inactive|kleiton.nono has 20 seconds left.
|j|☆kleiton.nono
|inactive|kleiton.nono reconnected and has 20 seconds left.
|player|p2|kleiton.nono|266|
|inactive|kleiton.nono has 15 seconds left.
|
|t:|1750859085
|-terastallize|p2b: Calyrex|Ghost
|move|p2a: Zamazenta|Protect|p2a: Zamazenta
|-singleturn|p2a: Zamazenta|Protect
|move|p2b: Calyrex|Astral Barrage|p1b: Ho-Oh|[spread] p1a,p1b
|-damage|p1a: Suicune|65/100
|-damage|p1b: Ho-Oh|55/100
|move|p1a: Suicune|Snarl|p2a: Zamazenta|[spread] p2b
|-activate|p2a: Zamazenta|move: Protect
|-supereffective|p2b: Calyrex
|-damage|p2b: Calyrex|83/100
|-unboost|p2b: Calyrex|spa|1
|move|p1b: Ho-Oh|Sacred Fire|p2b: Calyrex
|-damage|p2b: Calyrex|36/100
|-status|p2b: Calyrex|brn
|
|-heal|p1b: Ho-Oh|62/100|[from] item: Leftovers
|-damage|p2b: Calyrex|29/100 brn|[from] brn
|upkeep
|turn|2
|inactive|Troller313 has 30 seconds left.
|inactive|Troller313 has 20 seconds left.
|inactive|Troller313 has 15 seconds left.
|
|t:|1750859128
|switch|p1a: Eternatus|Eternatus, L50|100/100
|-ability|p1a: Eternatus|Pressure
|move|p2b: Calyrex|Astral Barrage|p1b: Ho-Oh|[spread] p1a,p1b
|-damage|p1a: Eternatus|66/100
|-damage|p1b: Ho-Oh|32/100
|move|p2a: Zamazenta|Body Press|p1a: Eternatus
|-resisted|p1a: Eternatus
|-crit|p1a: Eternatus
|-damage|p1a: Eternatus|29/100
|move|p1b: Ho-Oh|Sacred Fire|p2b: Calyrex
|-damage|p2b: Calyrex|0 fnt
|faint|p2b: Calyrex
|
|-heal|p1a: Eternatus|35/100|[from] item: Black Sludge
|-heal|p1b: Ho-Oh|38/100|[from] item: Leftovers
|upkeep
|inactive|kleiton.nono has 30 seconds left.
|
|t:|1750859160
|switch|p2b: Urshifu|Urshifu-Rapid-Strike, L50, F|100/100
|turn|3
|
|t:|1750859173
|switch|p1b: Suicune|Suicune, L50|65/100
|move|p2a: Zamazenta|Body Press|p1a: Eternatus
|-resisted|p1a: Eternatus
|-damage|p1a: Eternatus|11/100
|move|p1a: Eternatus|Dynamax Cannon|p2b: Urshifu
|-damage|p2b: Urshifu|35/100
|move|p2b: Urshifu|Surging Strikes|p1b: Suicune
|-resisted|p1b: Suicune
|-crit|p1b: Suicune
|-damage|p1b: Suicune|57/100
|-resisted|p1b: Suicune
|-crit|p1b: Suicune
|-damage|p1b: Suicune|49/100
|-resisted|p1b: Suicune
|-crit|p1b: Suicune
|-damage|p1b: Suicune|41/100
|-hitcount|p1b: Suicune|3
|
|-heal|p1a: Eternatus|17/100|[from] item: Black Sludge
|upkeep
|turn|4
|inactive|Troller313 has 30 seconds left.
|inactive|Troller313 has 20 seconds left.
|inactive|Troller313 has 15 seconds left.
|
|t:|1750859214
|move|p2a: Zamazenta|Body Press|p1b: Suicune
|-damage|p1b: Suicune|0 fnt
|faint|p1b: Suicune
|move|p1a: Eternatus|Dynamax Cannon|p2b: Urshifu
|-damage|p2b: Urshifu|0 fnt
|faint|p2b: Urshifu
|
|-heal|p1a: Eternatus|23/100|[from] item: Black Sludge
|upkeep
|
|t:|1750859227
|switch|p2b: Rillaboom|Rillaboom, L50, M|100/100
|switch|p1b: Grimmsnarl|Grimmsnarl, L50, M|100/100
|-fieldstart|move: Grassy Terrain|[from] ability: Grassy Surge|[of] p2b: Rillaboom
|turn|5
|
|t:|1750859240
|switch|p1a: Ho-Oh|Ho-Oh, L50|71/100
|move|p2b: Rillaboom|Fake Out|p1a: Ho-Oh
|-damage|p1a: Ho-Oh|61/100
|move|p1b: Grimmsnarl|Reflect|p1b: Grimmsnarl
|-sidestart|p1: Troller313|Reflect
|move|p2a: Zamazenta|Behemoth Bash|p1b: Grimmsnarl
|-supereffective|p1b: Grimmsnarl
|-damage|p1b: Grimmsnarl|54/100
|
|-heal|p1a: Ho-Oh|67/100|[from] item: Leftovers
|-heal|p1b: Grimmsnarl|60/100|[from] Grassy Terrain
|upkeep
|turn|6
|inactive|Troller313 has 30 seconds left.
|inactive|Troller313 has 20 seconds left.
|
|t:|1750859275
|move|p1b: Grimmsnarl|Sucker Punch|p2b: Rillaboom
|-damage|p2b: Rillaboom|76/100
|move|p2a: Zamazenta|Behemoth Bash|p1b: Grimmsnarl
|-supereffective|p1b: Grimmsnarl
|-damage|p1b: Grimmsnarl|10/100
|move|p1a: Ho-Oh|Substitute|p1a: Ho-Oh
|-start|p1a: Ho-Oh|Substitute
|-damage|p1a: Ho-Oh|42/100
|move|p2b: Rillaboom|Wood Hammer|p1b: Grimmsnarl
|-damage|p1b: Grimmsnarl|0 fnt
|faint|p1b: Grimmsnarl
|-damage|p2b: Rillaboom|73/100|[from] Recoil
|
|-heal|p1a: Ho-Oh|49/100|[from] item: Leftovers
|-heal|p2b: Rillaboom|79/100|[from] Grassy Terrain
|upkeep
|
|t:|1750859293
|switch|p1b: Eternatus|Eternatus, L50|23/100
|-ability|p1b: Eternatus|Pressure
|turn|7
|
|t:|1750859305
|move|p2a: Zamazenta|Body Press|p1b: Eternatus
|-resisted|p1b: Eternatus
|-damage|p1b: Eternatus|7/100
|move|p1b: Eternatus|Sludge Bomb|p2b: Rillaboom
|-supereffective|p2b: Rillaboom
|-damage|p2b: Rillaboom|29/100
|move|p1a: Ho-Oh|Sacred Fire|p2a: Zamazenta
|-supereffective|p2a: Zamazenta
|-damage|p2a: Zamazenta|58/100
|-status|p2a: Zamazenta|brn
|move|p2b: Rillaboom|Wood Hammer|p1a: Ho-Oh
|-resisted|p1a: Ho-Oh
|-activate|p1a: Ho-Oh|move: Substitute|[damage]
|-damage|p2b: Rillaboom|26/100|[from] Recoil|[of] p1a: Ho-Oh
|
|-heal|p2a: Zamazenta|64/100 brn|[from] Grassy Terrain
|-heal|p1b: Eternatus|13/100|[from] Grassy Terrain
|-heal|p1b: Eternatus|20/100|[from] item: Black Sludge
|-heal|p1a: Ho-Oh|55/100|[from] item: Leftovers
|-heal|p2b: Rillaboom|31/100|[from] Grassy Terrain
|-damage|p2a: Zamazenta|58/100 brn|[from] brn
|upkeep
|turn|8
|inactive|Troller313 has 30 seconds left.
|
|t:|1750859331
|move|p2b: Rillaboom|Grassy Glide|p1b: Eternatus
|-resisted|p1b: Eternatus
|-damage|p1b: Eternatus|15/100
|move|p2a: Zamazenta|Body Press|p1b: Eternatus
|-resisted|p1b: Eternatus
|-damage|p1b: Eternatus|8/100
|move|p1b: Eternatus|Sludge Bomb|p2b: Rillaboom
|-supereffective|p2b: Rillaboom
|-damage|p2b: Rillaboom|0 fnt
|faint|p2b: Rillaboom
|move|p1a: Ho-Oh|Sacred Fire|p2a: Zamazenta
|-supereffective|p2a: Zamazenta
|-crit|p2a: Zamazenta
|-damage|p2a: Zamazenta|0 fnt
|faint|p2a: Zamazenta
|
|win|Troller313
|raw|Troller313's rating: 1293 &rarr; <strong>1318</strong><br />(+25 for winning)
|raw|kleiton.nono's rating: 1298 &rarr; <strong>1273</strong><br />(-25 for losing)
|l|☆Troller313
|player|p1|
|l|☆kleiton.nono
|player|p2|
