|j|☆Dizy88775
|j|☆aidsbep
|t:|1750798983
|gametype|doubles
|player|p1|Dizy88775|hiker-gen4|1214
|player|p2|aidsbep|101|1134
|teamsize|p1|6
|teamsize|p2|6
|gen|9
|tier|[Gen 9] VGC 2025 Reg I
|rated|
|rule|Species Clause: Limit one of each Pokémon
|rule|Item Clause: Limit 1 of each item
|clearpoke
|poke|p1|Rampardos, L50, F|
|poke|p1|Lunala, L50|
|poke|p1|Indeedee-F, L50, F|
|poke|p1|Torkoal, L50, M|
|poke|p1|Ursaluna-Bloodmoon, L50, M|
|poke|p1|Groudon, L50|
|poke|p2|Koraidon, L50|
|poke|p2|Scovillain, L50, M|
|poke|p2|Miraidon, L50|
|poke|p2|Chesnaught, L50, F|
|poke|p2|Clefairy, L50, F|
|poke|p2|Indeedee-F, L50, F|
|teampreview|4
|inactive|Battle timer is ON: inactive players will automatically lose when time's up. (requested by Dizy88775)
|
|t:|1750798993
|start
|switch|p1a: Indeedee|Indeedee-F, L50, F|100/100
|switch|p1b: Lunala|Lunala, L50, shiny|100/100
|switch|p2a: Koraidon|Koraidon, L50|100/100
|switch|p2b: Scovillain|Scovillain, L50, M|100/100
|-weather|SunnyDay|[from] ability: Orichalcum Pulse|[of] p2a: Koraidon
|-activate|p2a: Koraidon|Orichalcum Pulse|[source]
|-fieldstart|move: Psychic Terrain|[from] ability: Psychic Surge|[of] p1a: Indeedee
|turn|1
|
|t:|1750799013
|move|p1a: Indeedee|Follow Me|p1a: Indeedee
|-singleturn|p1a: Indeedee|move: Follow Me
|move|p2b: Scovillain|Spicy Extract|p1a: Indeedee
|-boost|p1a: Indeedee|atk|2
|-unboost|p1a: Indeedee|def|2
|move|p2a: Koraidon|Flare Blitz|p1a: Indeedee
|-damage|p1a: Indeedee|0 fnt
|faint|p1a: Indeedee
|-damage|p2a: Koraidon|68/100|[from] Recoil
|move|p1b: Lunala|Trick Room|p1b: Lunala
|-fieldstart|move: Trick Room|[of] p1b: Lunala
|
|-weather|SunnyDay|[upkeep]
|upkeep
|
|t:|1750799027
|switch|p1a: Rampardos|Rampardos, L50, F|100/100
|turn|2
|
|t:|1750799034
|-terastallize|p1a: Rampardos|Stellar
|move|p2a: Koraidon|Protect|p2a: Koraidon
|-singleturn|p2a: Koraidon|Protect
|move|p2b: Scovillain|Protect|p2b: Scovillain
|-singleturn|p2b: Scovillain|Protect
|move|p1a: Rampardos|Rock Slide|p2b: Scovillain|[spread] 
|-activate|p2a: Koraidon|move: Protect
|-activate|p2b: Scovillain|move: Protect
|move|p1b: Lunala|Expanding Force|p2b: Scovillain|[spread] 
|-activate|p2a: Koraidon|move: Protect
|-activate|p2b: Scovillain|move: Protect
|
|-weather|SunnyDay|[upkeep]
|upkeep
|turn|3
|inactive|aidsbep has 30 seconds left.
|
|t:|1750799069
|switch|p2a: Miraidon|Miraidon, L50|100/100
|-fieldstart|move: Electric Terrain|[from] ability: Hadron Engine|[of] p2a: Miraidon
|move|p1a: Rampardos|Rock Slide|p2a: Miraidon|[spread] p2a,p2b
|-supereffective|p2b: Scovillain
|-damage|p2a: Miraidon|19/100
|-enditem|p2b: Scovillain|Focus Sash
|-damage|p2b: Scovillain|1/100
|move|p1b: Lunala|Expanding Force|p2a: Miraidon
|-damage|p2a: Miraidon|0 fnt
|faint|p2a: Miraidon
|move|p2b: Scovillain|Overheat|p1b: Lunala
|-damage|p1b: Lunala|68/100
|-unboost|p2b: Scovillain|spa|2
|
|-weather|SunnyDay|[upkeep]
|-heal|p1b: Lunala|74/100|[from] item: Leftovers
|upkeep
|
|t:|1750799082
|switch|p2a: Clefairy|Clefairy, L50, F|100/100
|turn|4
|
|t:|1750799098
|move|p2a: Clefairy|Protect|p2a: Clefairy
|-singleturn|p2a: Clefairy|Protect
|move|p1a: Rampardos|Rock Slide|p2a: Clefairy|[spread] p2b
|-activate|p2a: Clefairy|move: Protect
|-supereffective|p2b: Scovillain
|-damage|p2b: Scovillain|0 fnt
|faint|p2b: Scovillain
|move|p1b: Lunala|Expanding Force|p2a: Clefairy
|-activate|p2a: Clefairy|move: Protect
|
|-weather|SunnyDay|[upkeep]
|-heal|p1b: Lunala|80/100|[from] item: Leftovers
|upkeep
|
|t:|1750799103
|switch|p2b: Koraidon|Koraidon, L50|68/100
|-activate|p2b: Koraidon|ability: Orichalcum Pulse
|turn|5
|
|t:|1750799116
|-terastallize|p2b: Koraidon|Fire
|move|p2a: Clefairy|After You|p2b: Koraidon
|-activate|p2b: Koraidon|move: After You
|move|p2b: Koraidon|Collision Course|p1a: Rampardos
|-supereffective|p1a: Rampardos
|-damage|p1a: Rampardos|0 fnt
|faint|p1a: Rampardos
|move|p1b: Lunala|Trick Room|p1b: Lunala
|-fieldend|move: Trick Room
|
|-weather|none
|-heal|p1b: Lunala|87/100|[from] item: Leftovers
|upkeep
|
|t:|1750799124
|switch|p1a: Groudon|Groudon, L50|100/100
|-weather|SunnyDay|[from] ability: Drought|[of] p1a: Groudon
|turn|6
|
|t:|1750799135
|move|p2b: Koraidon|Flare Blitz|p1a: Groudon
|-damage|p1a: Groudon|9/100
|-damage|p2b: Koraidon|36/100|[from] Recoil
|move|p1a: Groudon|Precipice Blades|p2a: Clefairy|[spread] p2a,p2b
|-supereffective|p2b: Koraidon
|-damage|p2a: Clefairy|62/100
|-damage|p2b: Koraidon|0 fnt
|faint|p2b: Koraidon
|move|p2a: Clefairy|Life Dew|p2a: Clefairy
|-heal|p2a: Clefairy|86/100
|move|p1b: Lunala|Trick Room|p1b: Lunala
|-fieldstart|move: Trick Room|[of] p1b: Lunala
|
|-weather|SunnyDay|[upkeep]
|-heal|p1b: Lunala|93/100|[from] item: Leftovers
|upkeep
|turn|7
|-message|aidsbep forfeited.
|
|win|Dizy88775
|raw|Dizy88775's rating: 1214 &rarr; <strong>1231</strong><br />(+17 for winning)
|raw|aidsbep's rating: 1106 &rarr; <strong>1089</strong><br />(-17 for losing)
|l|☆aidsbep
|player|p2|
|l|☆Dizy88775
|player|p1|
