|j|☆klanes1209
|j|☆yinyangchu
|t:|1750752510
|gametype|doubles
|player|p1|klanes1209|170|1249
|player|p2|yinyangchu|169|1293
|teamsize|p1|6
|teamsize|p2|6
|gen|9
|tier|[Gen 9] VGC 2025 Reg I
|rated|
|rule|Species Clause: Limit one of each Pokémon
|rule|Item Clause: Limit 1 of each item
|clearpoke
|poke|p1|Calyrex-Shadow, L50|
|poke|p1|Zamazenta-*, L50|
|poke|p1|Chien-Pao, L50|
|poke|p1|Rillaboom, L50, M|
|poke|p1|Tornadus, L50, M|
|poke|p1|Smeargle, L50, F|
|poke|p2|Rillaboom, L50, M|
|poke|p2|Alcremie, L50, F|
|poke|p2|Incineroar, L50, M|
|poke|p2|Terapagos, L50, M|
|poke|p2|Scream Tail, L50|
|poke|p2|Zamazenta-*, L50|
|teampreview|4
|
|t:|1750752548
|start
|switch|p1a: Zamazenta|Zamazenta-Crowned, L50|100/100
|switch|p1b: Smeargle|Smeargle, L50, F|100/100
|switch|p2a: Incineroar|Incineroar, L50, M|100/100
|switch|p2b: Alcremie|Alcremie, L50, F|100/100
|-ability|p1a: Zamazenta|Dauntless Shield|boost
|-boost|p1a: Zamazenta|def|1
|-ability|p2a: Incineroar|Intimidate|boost
|-unboost|p1a: Zamazenta|atk|1
|-unboost|p1b: Smeargle|atk|1
|turn|1
|
|t:|1750752598
|switch|p2b: Zamazenta|Zamazenta-Crowned, L50|100/100
|-ability|p2b: Zamazenta|Dauntless Shield|boost
|-boost|p2b: Zamazenta|def|1
|move|p1b: Smeargle|Fake Out|p2a: Incineroar
|-damage|p2a: Incineroar|97/100
|cant|p2a: Incineroar|flinch
|move|p1a: Zamazenta|Heavy Slam|p2b: Zamazenta
|-resisted|p2b: Zamazenta
|-damage|p2b: Zamazenta|98/100
|
|-ability|p1b: Smeargle|Moody|boost
|-boost|p1b: Smeargle|spe|2
|-unboost|p1b: Smeargle|atk|1
|upkeep
|turn|2
|
|t:|1750752622
|move|p2b: Zamazenta|Protect|p2b: Zamazenta
|-singleturn|p2b: Zamazenta|Protect
|move|p1b: Smeargle|Spore|p2b: Zamazenta
|-activate|p2b: Zamazenta|move: Protect
|move|p1a: Zamazenta|Body Press|p2a: Incineroar
|-supereffective|p2a: Incineroar
|-enditem|p2a: Incineroar|Chople Berry|[eat]
|-enditem|p2a: Incineroar|Chople Berry|[weaken]
|-damage|p2a: Incineroar|21/100
|move|p2a: Incineroar|Taunt|p1b: Smeargle
|-start|p1b: Smeargle|move: Taunt
|
|-ability|p1b: Smeargle|Moody|boost
|-boost|p1b: Smeargle|spd|2
|-unboost|p1b: Smeargle|spe|1
|upkeep
|turn|3
|
|t:|1750752662
|switch|p1b: Rillaboom|Rillaboom, L50, M|100/100
|-fieldstart|move: Grassy Terrain|[from] ability: Grassy Surge|[of] p1b: Rillaboom
|switch|p2a: Alcremie|Alcremie, L50, F|100/100
|-terastallize|p2b: Zamazenta|Dragon
|move|p1a: Zamazenta|Body Press|p2b: Zamazenta
|-damage|p2b: Zamazenta|71/100
|move|p2b: Zamazenta|Body Press|p1a: Zamazenta
|-supereffective|p1a: Zamazenta
|-damage|p1a: Zamazenta|47/100
|
|-heal|p1a: Zamazenta|53/100|[from] Grassy Terrain
|-heal|p2b: Zamazenta|78/100|[from] Grassy Terrain
|upkeep
|turn|4
|
|t:|1750752726
|switch|p2a: Terapagos|Terapagos, L50, M|100/100
|-activate|p2a: Terapagos|ability: Tera Shift
|detailschange|p2a: Terapagos|Terapagos-Terastal, L50, M
|-heal|p2a: Terapagos|100/100|[silent]
|move|p2b: Zamazenta|Protect|p2b: Zamazenta
|-singleturn|p2b: Zamazenta|Protect
|move|p1b: Rillaboom|Fake Out|p2b: Zamazenta
|-activate|p2b: Zamazenta|move: Protect
|move|p1a: Zamazenta|Body Press|p2a: Terapagos
|-activate|p2a: Terapagos|ability: Tera Shell
|-resisted|p2a: Terapagos
|-damage|p2a: Terapagos|75/100
|
|-heal|p1a: Zamazenta|59/100|[from] Grassy Terrain
|-heal|p2b: Zamazenta|84/100|[from] Grassy Terrain
|-heal|p2a: Terapagos|82/100|[from] Grassy Terrain
|-heal|p2a: Terapagos|88/100|[from] item: Leftovers
|upkeep
|turn|5
|inactive|Battle timer is ON: inactive players will automatically lose when time's up. (requested by yinyangchu)
|
|t:|1750752773
|switch|p1a: Calyrex|Calyrex-Shadow, L50|100/100
|-ability|p1a: Calyrex|As One
|-ability|p1a: Calyrex|Unnerve
|switch|p1b: Smeargle|Smeargle, L50, F|100/100
|move|p2a: Terapagos|Protect|p2a: Terapagos
|-singleturn|p2a: Terapagos|Protect
|move|p2b: Zamazenta|Body Press|p1a: Calyrex
|-immune|p1a: Calyrex
|
|-heal|p2b: Zamazenta|90/100|[from] Grassy Terrain
|-heal|p2a: Terapagos|94/100|[from] Grassy Terrain
|-heal|p2a: Terapagos|100/100|[from] item: Leftovers
|-ability|p1b: Smeargle|Moody|boost
|-boost|p1b: Smeargle|spa|2
|-unboost|p1b: Smeargle|def|1
|upkeep
|turn|6
|inactive|klanes1209 has 30 seconds left.
|inactive|klanes1209 has 20 seconds left.
|
|t:|1750752811
|move|p1a: Calyrex|Nasty Plot|p1a: Calyrex
|-boost|p1a: Calyrex|spa|2
|move|p2b: Zamazenta|Body Press|p1b: Smeargle
|-supereffective|p1b: Smeargle
|-enditem|p1b: Smeargle|Focus Sash
|-damage|p1b: Smeargle|1/100
|move|p1b: Smeargle|Spore|p2a: Terapagos
|-status|p2a: Terapagos|slp|[from] move: Spore
|cant|p2a: Terapagos|slp
|
|-heal|p2b: Zamazenta|96/100|[from] Grassy Terrain
|-heal|p1b: Smeargle|7/100|[from] Grassy Terrain
|-ability|p1b: Smeargle|Moody|boost
|-boost|p1b: Smeargle|atk|2
|-unboost|p1b: Smeargle|spe|1
|upkeep
|turn|7
|inactive|klanes1209 has 30 seconds left.
|inactive|yinyangchu has 30 seconds left.
|inactive|yinyangchu has 20 seconds left.
|inactive|klanes1209 has 20 seconds left.
|inactive|klanes1209 has 15 seconds left.
|inactive|klanes1209 has 10 seconds left.
|
|t:|1750752863
|move|p1a: Calyrex|Psychic|p2a: Terapagos
|-activate|p2a: Terapagos|ability: Tera Shell
|-resisted|p2a: Terapagos
|-damage|p2a: Terapagos|62/100 slp
|move|p2b: Zamazenta|Body Press|p1b: Smeargle
|-supereffective|p1b: Smeargle
|-damage|p1b: Smeargle|0 fnt
|faint|p1b: Smeargle
|cant|p2a: Terapagos|slp
|
|-heal|p2b: Zamazenta|100/100|[from] Grassy Terrain
|-heal|p2a: Terapagos|69/100 slp|[from] Grassy Terrain
|-heal|p2a: Terapagos|75/100 slp|[from] item: Leftovers
|-fieldend|move: Grassy Terrain
|upkeep
|
|t:|1750752878
|switch|p1b: Zamazenta|Zamazenta-Crowned, L50|59/100
|turn|8
|
|t:|1750752888
|-curestatus|p2a: Terapagos|slp|[msg]
|move|p2a: Terapagos|Protect|p2a: Terapagos
|-singleturn|p2a: Terapagos|Protect
|move|p1a: Calyrex|Psychic|p2b: Zamazenta
|-damage|p2b: Zamazenta|31/100
|-unboost|p2b: Zamazenta|spd|1
|move|p1b: Zamazenta|Body Press|p2a: Terapagos
|-activate|p2a: Terapagos|move: Protect
|move|p2b: Zamazenta|Body Press|p1b: Zamazenta
|-supereffective|p1b: Zamazenta
|-damage|p1b: Zamazenta|0 fnt
|faint|p1b: Zamazenta
|
|-heal|p2a: Terapagos|81/100|[from] item: Leftovers
|upkeep
|
|t:|1750752906
|switch|p1b: Rillaboom|Rillaboom, L50, M|100/100
|-fieldstart|move: Grassy Terrain|[from] ability: Grassy Surge|[of] p1b: Rillaboom
|turn|9
|inactive|klanes1209 has 30 seconds left.
|
|t:|1750752940
|switch|p2a: Incineroar|Incineroar, L50, M|21/100
|-ability|p2a: Incineroar|Intimidate|boost
|-unboost|p1a: Calyrex|atk|1
|-unboost|p1b: Rillaboom|atk|1
|move|p2b: Zamazenta|Protect|p2b: Zamazenta
|-singleturn|p2b: Zamazenta|Protect
|move|p1b: Rillaboom|Fake Out|p2a: Incineroar
|-damage|p2a: Incineroar|11/100
|move|p1a: Calyrex|Astral Barrage|p2b: Zamazenta|[spread] p2a
|-activate|p2b: Zamazenta|move: Protect
|-resisted|p2a: Incineroar
|-damage|p2a: Incineroar|0 fnt
|faint|p2a: Incineroar
|-ability|p1a: Calyrex|Grim Neigh|boost
|-boost|p1a: Calyrex|spa|1
|
|-heal|p2b: Zamazenta|37/100|[from] Grassy Terrain
|upkeep
|
|t:|1750752962
|switch|p2a: Alcremie|Alcremie, L50, F|100/100
|turn|10
|
|t:|1750752972
|switch|p2b: Terapagos|Terapagos-Terastal, L50, M|81/100
|move|p1b: Rillaboom|Grassy Glide|p2a: Alcremie
|-damage|p2a: Alcremie|74/100
|move|p1a: Calyrex|Astral Barrage|p2a: Alcremie|[spread] p2a
|-immune|p2b: Terapagos
|-damage|p2a: Alcremie|0 fnt
|faint|p2a: Alcremie
|-ability|p1a: Calyrex|Grim Neigh|boost
|-boost|p1a: Calyrex|spa|1
|
|-heal|p2b: Terapagos|87/100|[from] Grassy Terrain
|-heal|p2b: Terapagos|94/100|[from] item: Leftovers
|upkeep
|
|t:|1750752983
|switch|p2a: Zamazenta|Zamazenta-Crowned, L50, tera:Dragon|37/100
|turn|11
|
|t:|1750753000
|move|p2a: Zamazenta|Protect|p2a: Zamazenta
|-singleturn|p2a: Zamazenta|Protect
|move|p2b: Terapagos|Protect|p2b: Terapagos
|-singleturn|p2b: Terapagos|Protect
|move|p1b: Rillaboom|Grassy Glide|p2b: Terapagos
|-activate|p2b: Terapagos|move: Protect
|move|p1a: Calyrex|Psychic|p2a: Zamazenta
|-activate|p2a: Zamazenta|move: Protect
|
|-heal|p2a: Zamazenta|44/100|[from] Grassy Terrain
|-heal|p2b: Terapagos|99/100|[from] Grassy Terrain
|-heal|p2b: Terapagos|100/100|[from] item: Leftovers
|upkeep
|turn|12
|
|t:|1750753017
|move|p1b: Rillaboom|Grassy Glide|p2b: Terapagos
|-activate|p2b: Terapagos|ability: Tera Shell
|-resisted|p2b: Terapagos
|-damage|p2b: Terapagos|93/100
|move|p1a: Calyrex|Psychic|p2b: Terapagos
|-damage|p2b: Terapagos|0 fnt
|faint|p2b: Terapagos
|-ability|p1a: Calyrex|Grim Neigh|boost
|-boost|p1a: Calyrex|spa|1
|move|p2a: Zamazenta|Behemoth Bash|p1a: Calyrex
|-damage|p1a: Calyrex|59/100
|
|-heal|p1a: Calyrex|65/100|[from] Grassy Terrain
|-heal|p2a: Zamazenta|50/100|[from] Grassy Terrain
|upkeep
|turn|13
|-message|yinyangchu forfeited.
|
|win|klanes1209
|raw|klanes1209's rating: 1249 &rarr; <strong>1277</strong><br />(+28 for winning)
|raw|yinyangchu's rating: 1293 &rarr; <strong>1265</strong><br />(-28 for losing)
|l|☆yinyangchu
|player|p2|
|l|☆klanes1209
|player|p1|
