|j|☆MalteseShark
|j|☆Tykrim33
|t:|1750772040
|gametype|doubles
|player|p1|MalteseShark|169|1512
|player|p2|Tykrim33|101|1549
|teamsize|p1|6
|teamsize|p2|6
|gen|9
|tier|[Gen 9] VGC 2025 Reg I
|rated|
|rule|Species Clause: Limit one of each Pokémon
|rule|Item Clause: Limit 1 of each item
|clearpoke
|poke|p1|Miraidon, L50|
|poke|p1|Calyrex-Ice, L50|
|poke|p1|Amoonguss, L50, M|
|poke|p1|Flutter Mane, L50|
|poke|p1|Garchomp, L50, F|
|poke|p1|Ogerpon-Wellspring, L50, F|
|poke|p2|Calyrex-Shadow, L50|
|poke|p2|Koraidon, L50|
|poke|p2|Incineroar, L50, F|
|poke|p2|Iron Treads, L50|
|poke|p2|Amoonguss, L50, M|
|poke|p2|Walking Wake, L50|
|teampreview|4
|inactive|Battle timer is ON: inactive players will automatically lose when time's up. (requested by Tykrim33)
|inactive|MalteseShark has 60 seconds left.
|
|t:|1750772122
|start
|switch|p1a: Calyrex|Calyrex-Ice, L50|100/100
|switch|p1b: Amoonguss|Amoonguss, L50, M|100/100
|switch|p2a: Iron Treads|Iron Treads, L50|100/100
|switch|p2b: Incineroar|Incineroar, L50, F|100/100
|-ability|p1a: Calyrex|As One
|-ability|p1a: Calyrex|Unnerve
|-ability|p2b: Incineroar|Intimidate|boost
|-fail|p1a: Calyrex|unboost|[from] item: Clear Amulet|[of] p1a: Calyrex
|-unboost|p1b: Amoonguss|atk|1
|turn|1
|inactive|Tykrim33 has 30 seconds left.
|
|t:|1750772153
|move|p1a: Calyrex|Protect|p1a: Calyrex
|-singleturn|p1a: Calyrex|Protect
|move|p1b: Amoonguss|Protect|p1b: Amoonguss
|-singleturn|p1b: Amoonguss|Protect
|move|p2b: Incineroar|Fake Out|p1b: Amoonguss
|-activate|p1b: Amoonguss|move: Protect
|move|p2a: Iron Treads|Knock Off|p1a: Calyrex
|-activate|p1a: Calyrex|move: Protect
|
|upkeep
|turn|2
|inactive|MalteseShark has 30 seconds left.
|
|t:|1750772182
|-end|p2a: Iron Treads|Quark Drive|[silent]
|switch|p2a: Amoonguss|Amoonguss, L50, M|100/100
|-terastallize|p1a: Calyrex|Fire
|move|p2b: Incineroar|Will-O-Wisp|p1a: Calyrex
|-immune|p1a: Calyrex
|move|p1a: Calyrex|Glacial Lance|p2a: Amoonguss|[spread] p2a,p2b
|-supereffective|p2a: Amoonguss
|-resisted|p2b: Incineroar
|-damage|p2a: Amoonguss|5/100
|-damage|p2b: Incineroar|80/100
|move|p1b: Amoonguss|Spore|p2a: Amoonguss
|-immune|p2a: Amoonguss
|
|upkeep
|turn|3
|
|t:|1750772199
|switch|p2a: Iron Treads|Iron Treads, L50|100/100
|move|p1b: Amoonguss|Rage Powder|p1b: Amoonguss
|-singleturn|p1b: Amoonguss|move: Rage Powder
|move|p2b: Incineroar|Knock Off|p1a: Calyrex
|-damage|p1a: Calyrex|79/100
|-enditem|p1a: Calyrex|Clear Amulet|[from] move: Knock Off|[of] p2b: Incineroar
|move|p1a: Calyrex|Glacial Lance|p2a: Iron Treads|[spread] p2a,p2b
|-resisted|p2b: Incineroar
|-damage|p2a: Iron Treads|44/100
|-damage|p2b: Incineroar|59/100
|
|upkeep
|turn|4
|
|t:|1750772218
|move|p2a: Iron Treads|Protect|p2a: Iron Treads
|-singleturn|p2a: Iron Treads|Protect
|move|p1a: Calyrex|Protect|p1a: Calyrex
|-singleturn|p1a: Calyrex|Protect
|move|p2b: Incineroar|Parting Shot|p1a: Calyrex
|-activate|p1a: Calyrex|move: Protect
|move|p1b: Amoonguss|Spore|p2b: Incineroar
|-activate|p2b: Incineroar|item: Safety Goggles|Spore
|
|upkeep
|turn|5
|inactive|MalteseShark has 30 seconds left.
|
|t:|1750772247
|move|p1b: Amoonguss|Rage Powder|p1b: Amoonguss
|-singleturn|p1b: Amoonguss|move: Rage Powder
|move|p2a: Iron Treads|High Horsepower|p1b: Amoonguss
|-damage|p1b: Amoonguss|52/100
|-damage|p2a: Iron Treads|28/100|[from] item: Rocky Helmet|[of] p1b: Amoonguss
|-damage|p2a: Iron Treads|19/100|[from] item: Life Orb
|move|p2b: Incineroar|Parting Shot|p1a: Calyrex
|-unboost|p1a: Calyrex|atk|1
|-unboost|p1a: Calyrex|spa|1
|
|t:|1750772257
|switch|p2b: Amoonguss|Amoonguss, L50, M|38/100|[from] Parting Shot
|move|p1a: Calyrex|Glacial Lance|p2a: Iron Treads|[spread] p2a,p2b
|-supereffective|p2b: Amoonguss
|-damage|p2a: Iron Treads|0 fnt
|-damage|p2b: Amoonguss|0 fnt
|faint|p2a: Iron Treads
|-end|p2a: Iron Treads|Quark Drive|[silent]
|faint|p2b: Amoonguss
|-ability|p1a: Calyrex|Chilling Neigh|boost
|-boost|p1a: Calyrex|atk|2
|
|upkeep
|
|t:|1750772263
|switch|p2a: Calyrex|Calyrex-Shadow, L50|100/100
|switch|p2b: Incineroar|Incineroar, L50, F|59/100
|-ability|p2a: Calyrex|As One
|-ability|p2a: Calyrex|Unnerve
|-ability|p2b: Incineroar|Intimidate|boost
|-unboost|p1a: Calyrex|atk|1
|-unboost|p1b: Amoonguss|atk|1
|turn|6
|
|t:|1750772286
|move|p1a: Calyrex|Protect|p1a: Calyrex
|-singleturn|p1a: Calyrex|Protect
|move|p1b: Amoonguss|Protect|p1b: Amoonguss
|-singleturn|p1b: Amoonguss|Protect
|move|p2b: Incineroar|Fake Out|p1b: Amoonguss
|-activate|p1b: Amoonguss|move: Protect
|move|p2a: Calyrex|Nasty Plot|p2a: Calyrex
|-boost|p2a: Calyrex|spa|2
|
|upkeep
|turn|7
|inactive|MalteseShark has 30 seconds left.
|
|t:|1750772315
|-terastallize|p2a: Calyrex|Ghost
|move|p1b: Amoonguss|Rage Powder|p1b: Amoonguss
|-singleturn|p1b: Amoonguss|move: Rage Powder
|move|p2a: Calyrex|Astral Barrage|p1b: Amoonguss|[spread] p1a,p1b
|-damage|p1a: Calyrex|0 fnt
|-damage|p1b: Amoonguss|0 fnt
|faint|p1a: Calyrex
|faint|p1b: Amoonguss
|-ability|p2a: Calyrex|Grim Neigh|boost
|-boost|p2a: Calyrex|spa|2
|move|p2b: Incineroar|Knock Off|p1: Calyrex|[notarget]
|-fail|p2b: Incineroar
|
|upkeep
|
|t:|1750772326
|switch|p1a: Flutter Mane|Flutter Mane, L50|100/100
|switch|p1b: Miraidon|Miraidon, L50|100/100
|-fieldstart|move: Electric Terrain|[from] ability: Hadron Engine|[of] p1b: Miraidon
|turn|8
|
|t:|1750772336
|move|p1b: Miraidon|Protect|p1b: Miraidon
|-singleturn|p1b: Miraidon|Protect
|move|p2a: Calyrex|Astral Barrage|p1b: Miraidon|[spread] p1a
|-activate|p1b: Miraidon|move: Protect
|-supereffective|p1a: Flutter Mane
|-damage|p1a: Flutter Mane|0 fnt
|faint|p1a: Flutter Mane
|-end|p1a: Flutter Mane|Protosynthesis|[silent]
|-ability|p2a: Calyrex|Grim Neigh|boost
|-boost|p2a: Calyrex|spa|1
|move|p2b: Incineroar|Knock Off|p1b: Miraidon
|-activate|p1b: Miraidon|move: Protect
|
|upkeep
|turn|9
|-message|MalteseShark forfeited.
|
|win|Tykrim33
|raw|MalteseShark's rating: 1512 &rarr; <strong>1494</strong><br />(-18 for losing)
|raw|Tykrim33's rating: 1549 &rarr; <strong>1567</strong><br />(+18 for winning)
|l|☆MalteseShark
|player|p1|
|l|☆Tykrim33
|player|p2|
