|j|☆GodofSOHAI
|j|☆phupho
|t:|1750858366
|gametype|doubles
|player|p1|GodofSOHAI|266|1191
|player|p2|phupho|supernerd|1233
|teamsize|p1|6
|teamsize|p2|6
|gen|9
|tier|[Gen 9] VGC 2025 Reg I
|rated|
|rule|Species Clause: Limit one of each Pokémon
|rule|Item Clause: Limit 1 of each item
|clearpoke
|poke|p1|Ho-Oh, L50|
|poke|p1|Calyrex-Ice, L50|
|poke|p1|Overqwil, L50, M|
|poke|p1|Ting-Lu, L50|
|poke|p1|Rillaboom, L50, M|
|poke|p1|Ogerpon-Wellspring, L50, F|
|poke|p2|Calyrex-Ice, L50|
|poke|p2|Ho-Oh, L50|
|poke|p2|Rillaboom, L50, M|
|poke|p2|Qwilfish-Hisui, L50, F|
|poke|p2|Ogerpon-Wellspring, L50, F|
|poke|p2|Grimmsnarl, L50, M|
|teampreview|4
|inactive|Battle timer is ON: inactive players will automatically lose when time's up. (requested by phupho)
|inactive|phupho has 60 seconds left.
|
|t:|1750858414
|start
|switch|p1a: Ho-Oh|Ho-Oh, L50|100/100
|switch|p1b: Overqwil|Overqwil, L50, M|100/100
|switch|p2a: Qwilfish|Qwilfish-Hisui, L50, F|100/100
|switch|p2b: Grimmsnarl|Grimmsnarl, L50, M|100/100
|-ability|p2a: Qwilfish|Intimidate|boost
|-unboost|p1a: Ho-Oh|atk|1
|-unboost|p1b: Overqwil|atk|1
|-ability|p1b: Overqwil|Intimidate|boost
|-unboost|p2a: Qwilfish|atk|1
|-unboost|p2b: Grimmsnarl|atk|1
|turn|1
|
|t:|1750858437
|move|p2b: Grimmsnarl|Fake Out|p1b: Overqwil
|-damage|p1b: Overqwil|94/100
|move|p1a: Ho-Oh|Sacred Fire|p2b: Grimmsnarl
|-damage|p2b: Grimmsnarl|74/100
|-status|p2b: Grimmsnarl|brn
|move|p2a: Qwilfish|Toxic Spikes|p1b: Overqwil
|-sidestart|p1: GodofSOHAI|move: Toxic Spikes
|cant|p1b: Overqwil|flinch
|
|-heal|p1b: Overqwil|99/100|[from] item: Black Sludge
|-damage|p2b: Grimmsnarl|68/100 brn|[from] brn
|upkeep
|turn|2
|
|t:|1750858458
|move|p2b: Grimmsnarl|Reflect|p2b: Grimmsnarl
|-sidestart|p2: phupho|Reflect
|move|p1a: Ho-Oh|Sacred Fire|p2b: Grimmsnarl
|-damage|p2b: Grimmsnarl|50/100 brn
|move|p1b: Overqwil|Barb Barrage|p2b: Grimmsnarl
|-supereffective|p2b: Grimmsnarl
|-damage|p2b: Grimmsnarl|32/100 brn
|move|p2a: Qwilfish|Toxic Spikes|p1a: Ho-Oh
|-sidestart|p1: GodofSOHAI|move: Toxic Spikes
|
|-heal|p1b: Overqwil|100/100|[from] item: Black Sludge
|-damage|p2b: Grimmsnarl|26/100 brn|[from] brn
|upkeep
|turn|3
|
|t:|1750858475
|switch|p2b: Ho-Oh|Ho-Oh, L50|100/100
|move|p1a: Ho-Oh|Sacred Fire|p2b: Ho-Oh
|-resisted|p2b: Ho-Oh
|-damage|p2b: Ho-Oh|92/100
|move|p2a: Qwilfish|Barb Barrage|p1a: Ho-Oh
|-damage|p1a: Ho-Oh|91/100
|-status|p1a: Ho-Oh|psn
|move|p1b: Overqwil|Toxic Spikes|p2a: Qwilfish
|-sidestart|p2: phupho|move: Toxic Spikes
|
|-damage|p1a: Ho-Oh|78/100 psn|[from] psn
|upkeep
|turn|4
|
|t:|1750858498
|move|p1b: Overqwil|Protect|p1b: Overqwil
|-singleturn|p1b: Overqwil|Protect
|move|p2b: Ho-Oh|Sacred Fire|p1b: Overqwil
|-activate|p1b: Overqwil|move: Protect
|move|p2a: Qwilfish|Barb Barrage|p1a: Ho-Oh
|-damage|p1a: Ho-Oh|62/100 psn
|move|p1a: Ho-Oh|Whirlwind|p2b: Ho-Oh
|drag|p2b: Grimmsnarl|Grimmsnarl, L50, M|26/100 brn
|
|-damage|p1a: Ho-Oh|49/100 psn|[from] psn
|-damage|p2b: Grimmsnarl|20/100 brn|[from] brn
|upkeep
|turn|5
|
|t:|1750858518
|switch|p2a: Ho-Oh|Ho-Oh, L50|100/100
|move|p2b: Grimmsnarl|Fake Out|p1a: Ho-Oh
|-damage|p1a: Ho-Oh|46/100 psn
|-damage|p2b: Grimmsnarl|4/100 brn|[from] item: Rocky Helmet|[of] p1a: Ho-Oh
|cant|p1a: Ho-Oh|flinch
|move|p1b: Overqwil|Toxic Spikes|p2b: Grimmsnarl
|-sidestart|p2: phupho|move: Toxic Spikes
|
|-damage|p1a: Ho-Oh|34/100 psn|[from] psn
|-damage|p2b: Grimmsnarl|0 fnt|[from] brn
|faint|p2b: Grimmsnarl
|upkeep
|
|t:|1750858534
|switch|p2b: Qwilfish|Qwilfish-Hisui, L50, F|100/100
|-sideend|p2: phupho|move: Toxic Spikes|[of] p2b: Qwilfish
|-ability|p2b: Qwilfish|Intimidate|boost
|-unboost|p1a: Ho-Oh|atk|1
|-unboost|p1b: Overqwil|atk|1
|turn|6
|
|t:|1750858550
|move|p1a: Ho-Oh|Life Dew||[still]|[spread] p1a,p1b
|-heal|p1a: Ho-Oh|59/100 psn
|-fail|p1b: Overqwil|heal
|move|p2a: Ho-Oh|Sacred Fire|p1b: Overqwil
|-damage|p1b: Overqwil|59/100
|-status|p1b: Overqwil|brn
|move|p2b: Qwilfish|Barb Barrage|p1a: Ho-Oh
|-damage|p1a: Ho-Oh|32/100 psn
|move|p1b: Overqwil|Barb Barrage|p2a: Ho-Oh
|-damage|p2a: Ho-Oh|97/100
|
|-heal|p1b: Overqwil|66/100 brn|[from] item: Black Sludge
|-damage|p1a: Ho-Oh|20/100 psn|[from] psn
|-damage|p1b: Overqwil|59/100 brn|[from] brn
|upkeep
|turn|7
|inactive|phupho has 30 seconds left.
|
|t:|1750858582
|move|p1a: Ho-Oh|Life Dew|p1a: Ho-Oh|[spread] p1a,p1b
|-heal|p1a: Ho-Oh|45/100 psn
|-heal|p1b: Overqwil|84/100 brn
|move|p2a: Ho-Oh|Sacred Fire|p1b: Overqwil
|-damage|p1b: Overqwil|45/100 brn
|move|p2b: Qwilfish|Barb Barrage|p1a: Ho-Oh
|-damage|p1a: Ho-Oh|16/100 psn
|move|p1b: Overqwil|Barb Barrage|p2a: Ho-Oh
|-damage|p2a: Ho-Oh|93/100
|
|-heal|p1b: Overqwil|51/100 brn|[from] item: Black Sludge
|-damage|p1a: Ho-Oh|4/100 psn|[from] psn
|-damage|p1b: Overqwil|45/100 brn|[from] brn
|upkeep
|turn|8
|inactive|GodofSOHAI has 30 seconds left.
|
|t:|1750858613
|move|p1a: Ho-Oh|Life Dew|p1a: Ho-Oh|[spread] p1a,p1b
|-heal|p1a: Ho-Oh|29/100 psn
|-heal|p1b: Overqwil|70/100 brn
|move|p2a: Ho-Oh|Sacred Fire|p1b: Overqwil
|-damage|p1b: Overqwil|32/100 brn
|move|p1b: Overqwil|Barb Barrage|p2a: Ho-Oh
|-damage|p2a: Ho-Oh|89/100
|move|p2b: Qwilfish|Barb Barrage|p1a: Ho-Oh
|-damage|p1a: Ho-Oh|2/100 psn
|
|-heal|p1b: Overqwil|39/100 brn|[from] item: Black Sludge
|-damage|p1a: Ho-Oh|0 fnt|[from] psn
|faint|p1a: Ho-Oh
|-damage|p1b: Overqwil|32/100 brn|[from] brn
|upkeep
|
|t:|1750858630
|switch|p1a: Calyrex|Calyrex-Ice, L50|100/100
|-ability|p1a: Calyrex|As One
|-ability|p1a: Calyrex|Unnerve
|-status|p1a: Calyrex|tox
|turn|9
|
|t:|1750858645
|-terastallize|p1a: Calyrex|Water
|move|p1b: Overqwil|Barb Barrage|p2a: Ho-Oh
|-damage|p2a: Ho-Oh|85/100
|move|p2b: Qwilfish|Barb Barrage|p1b: Overqwil
|-resisted|p1b: Overqwil
|-damage|p1b: Overqwil|22/100 brn
|move|p1a: Calyrex|Leech Seed|p2b: Qwilfish
|-start|p2b: Qwilfish|move: Leech Seed
|move|p2a: Ho-Oh|Whirlwind|p1a: Calyrex
|drag|p1a: Rillaboom|Rillaboom, L50, M|100/100
|-status|p1a: Rillaboom|tox
|-fieldstart|move: Grassy Terrain|[from] ability: Grassy Surge|[of] p1a: Rillaboom
|
|-heal|p1b: Overqwil|29/100 brn|[from] Grassy Terrain
|-heal|p1b: Overqwil|35/100 brn|[from] item: Black Sludge
|-damage|p2b: Qwilfish|88/100|[from] Leech Seed|[of] p1a: Rillaboom
|-damage|p1a: Rillaboom|95/100 tox|[from] psn
|-damage|p1b: Overqwil|29/100 brn|[from] brn
|-sideend|p2: phupho|Reflect
|upkeep
|turn|10
|l|☆GodofSOHAI
|inactive|GodofSOHAI disconnected and has a minute to reconnect!
|player|p1|
|inactive|GodofSOHAI has 30 seconds left.
|j|☆GodofSOHAI
|inactive|GodofSOHAI reconnected and has 30 seconds left.
|player|p1|GodofSOHAI|266|
|inactive|GodofSOHAI has 20 seconds left.
|inactive|GodofSOHAI has 15 seconds left.
|inactive|GodofSOHAI has 10 seconds left.
|inactive|GodofSOHAI has 5 seconds left.
|
|t:|1750858697
|switch|p2b: Calyrex|Calyrex-Ice, L50|100/100
|-ability|p2b: Calyrex|As One
|-ability|p2b: Calyrex|Unnerve
|move|p1a: Rillaboom|Fake Out|p2a: Ho-Oh
|-damage|p2a: Ho-Oh|71/100
|move|p2a: Ho-Oh|Sacred Fire|p1a: Rillaboom
|-supereffective|p1a: Rillaboom
|-damage|p1a: Rillaboom|21/100 tox
|move|p1b: Overqwil|Barb Barrage|p2a: Ho-Oh
|-damage|p2a: Ho-Oh|66/100
|
|-heal|p1a: Rillaboom|27/100 tox|[from] Grassy Terrain
|-heal|p1b: Overqwil|35/100 brn|[from] Grassy Terrain
|-heal|p1b: Overqwil|41/100 brn|[from] item: Black Sludge
|-damage|p1a: Rillaboom|15/100 tox|[from] psn
|-damage|p1b: Overqwil|35/100 brn|[from] brn
|upkeep
|turn|11
|
|t:|1750858721
|move|p1a: Rillaboom|High Horsepower|p2b: Calyrex
|-damage|p2b: Calyrex|83/100
|move|p2a: Ho-Oh|Life Dew|p2a: Ho-Oh|[spread] p2a,p2b
|-heal|p2a: Ho-Oh|91/100
|-heal|p2b: Calyrex|100/100
|move|p1b: Overqwil|Barb Barrage|p2a: Ho-Oh
|-damage|p2a: Ho-Oh|85/100
|move|p2b: Calyrex|Leech Seed|p1b: Overqwil
|-start|p1b: Overqwil|move: Leech Seed
|
|-heal|p1a: Rillaboom|21/100 tox|[from] Grassy Terrain
|-heal|p1b: Overqwil|41/100 brn|[from] Grassy Terrain
|-heal|p1b: Overqwil|47/100 brn|[from] item: Black Sludge
|-damage|p1b: Overqwil|35/100 brn|[from] Leech Seed|[of] p2b: Calyrex
|-damage|p1a: Rillaboom|4/100 tox|[from] psn
|-damage|p1b: Overqwil|29/100 brn|[from] brn
|upkeep
|turn|12
|-message|GodofSOHAI forfeited.
|
|win|phupho
|raw|GodofSOHAI's rating: 1191 &rarr; <strong>1169</strong><br />(-22 for losing)
|raw|phupho's rating: 1233 &rarr; <strong>1255</strong><br />(+22 for winning)
|l|☆GodofSOHAI
|player|p1|
|l|☆phupho
|player|p2|
