|j|☆raezan
|j|☆qingyunyunyun
|t:|1750840257
|gametype|doubles
|player|p1|raezan|hugh|1617
|player|p2|qingyunyunyun|rosa|1591
|teamsize|p1|6
|teamsize|p2|6
|gen|9
|tier|[Gen 9] VGC 2025 Reg I
|rated|
|rule|Species Clause: Limit one of each Pokémon
|rule|Item Clause: Limit 1 of each item
|clearpoke
|poke|p1|Incineroar, L50, M|
|poke|p1|Indeedee-F, L50, F|
|poke|p1|Calyrex-Shadow, L50|
|poke|p1|Brute Bonnet, L50|
|poke|p1|Koraidon, L50|
|poke|p1|Scovillain, L50, F|
|poke|p2|Kyogre, L50|
|poke|p2|Whimsicott, L50, M|
|poke|p2|Urshifu-*, L50, F|
|poke|p2|Calyrex-Shadow, L50|
|poke|p2|Rillaboom, L50, M|
|poke|p2|Pelipper, L50, M|
|teampreview|4
|inactive|Battle timer is ON: inactive players will automatically lose when time's up. (requested by qingyunyunyun)
|
|t:|1750840288
|start
|switch|p1a: Calyrex|Calyrex-Shadow, L50|100/100
|switch|p1b: Brute Bonnet|Brute Bonnet, L50|100/100
|switch|p2a: Kyogre|Kyogre, L50, shiny|100/100
|switch|p2b: Whimsicott|Whimsicott, L50, M|100/100
|-ability|p1a: Calyrex|As One
|-ability|p1a: Calyrex|Unnerve
|-weather|RainDance|[from] ability: Drizzle|[of] p2a: Kyogre
|turn|1
|
|t:|1750840310
|move|p1a: Calyrex|Protect|p1a: Calyrex
|-singleturn|p1a: Calyrex|Protect
|move|p2b: Whimsicott|Tailwind|p2b: Whimsicott
|-sidestart|p2: qingyunyunyun|move: Tailwind
|move|p1b: Brute Bonnet|Sucker Punch|p2a: Kyogre
|-damage|p2a: Kyogre|68/100
|move|p2a: Kyogre|Origin Pulse|p1a: Calyrex|[spread] p1b
|-activate|p1a: Calyrex|move: Protect
|-resisted|p1b: Brute Bonnet
|-damage|p1b: Brute Bonnet|58/100
|
|-weather|RainDance|[upkeep]
|upkeep
|turn|2
|
|t:|1750840322
|-terastallize|p1a: Calyrex|Dark
|move|p2b: Whimsicott|Misty Terrain|p2b: Whimsicott
|-fieldstart|move: Misty Terrain
|move|p1b: Brute Bonnet|Sucker Punch|p2a: Kyogre
|-damage|p2a: Kyogre|34/100
|move|p2a: Kyogre|Origin Pulse|p1a: Calyrex|[spread] p1a,p1b
|-resisted|p1b: Brute Bonnet
|-damage|p1a: Calyrex|9/100
|-damage|p1b: Brute Bonnet|16/100
|move|p1a: Calyrex|Astral Barrage|p2b: Whimsicott|[spread] p2a,p2b
|-damage|p2a: Kyogre|0 fnt
|-damage|p2b: Whimsicott|13/100
|faint|p2a: Kyogre
|-ability|p1a: Calyrex|Grim Neigh|boost
|-boost|p1a: Calyrex|spa|1
|-enditem|p2b: Whimsicott|Eject Button
|-damage|p1a: Calyrex|0 fnt|[from] item: Life Orb
|faint|p1a: Calyrex
|
|t:|1750840335
|switch|p2b: Urshifu|Urshifu, L50, F|100/100
|
|-weather|RainDance|[upkeep]
|upkeep
|
|t:|1750840346
|switch|p1a: Incineroar|Incineroar, L50, M|100/100
|switch|p2a: Pelipper|Pelipper, L50, M|100/100
|-ability|p1a: Incineroar|Intimidate|boost
|-unboost|p2a: Pelipper|atk|1
|-unboost|p2b: Urshifu|atk|1
|turn|3
|
|t:|1750840359
|switch|p2b: Whimsicott|Whimsicott, L50, M|13/100
|-end|p1b: Brute Bonnet|Protosynthesis|[silent]
|switch|p1b: Koraidon|Koraidon, L50|100/100
|-weather|SunnyDay|[from] ability: Orichalcum Pulse|[of] p1b: Koraidon
|-activate|p1b: Koraidon|Orichalcum Pulse|[source]
|move|p2a: Pelipper|Hydro Pump|p1a: Incineroar
|-supereffective|p1a: Incineroar
|-damage|p1a: Incineroar|71/100
|move|p1a: Incineroar|Knock Off|p2a: Pelipper
|-damage|p2a: Pelipper|54/100
|-enditem|p2a: Pelipper|Ability Shield|[from] move: Knock Off|[of] p1a: Incineroar
|
|-weather|SunnyDay|[upkeep]
|upkeep
|turn|4
|inactive|qingyunyunyun has 30 seconds left.
|inactive|qingyunyunyun has 20 seconds left.
|inactive|qingyunyunyun has 15 seconds left.
|inactive|qingyunyunyun has 10 seconds left.
|
|t:|1750840408
|switch|p2b: Urshifu|Urshifu, L50, F|100/100
|move|p1b: Koraidon|Protect|p1b: Koraidon
|-singleturn|p1b: Koraidon|Protect
|move|p2a: Pelipper|Hurricane|p1b: Koraidon
|-activate|p1b: Koraidon|move: Protect
|move|p1a: Incineroar|U-turn|p2b: Urshifu
|-damage|p2b: Urshifu|78/100
|
|t:|1750840417
|switch|p1a: Brute Bonnet|Brute Bonnet, L50|16/100|[from] U-turn
|-activate|p1a: Brute Bonnet|ability: Protosynthesis
|-start|p1a: Brute Bonnet|protosynthesisdef
|
|-weather|SunnyDay|[upkeep]
|-sideend|p2: qingyunyunyun|move: Tailwind
|upkeep
|turn|5
|inactive|qingyunyunyun has 30 seconds left.
|
|t:|1750840449
|switch|p2a: Whimsicott|Whimsicott, L50, M|13/100
|-terastallize|p2b: Urshifu|Poison
|move|p1b: Koraidon|Flame Charge|p2b: Urshifu
|-damage|p2b: Urshifu|39/100
|-boost|p1b: Koraidon|spe|1
|move|p2b: Urshifu|Wicked Blow|p1a: Brute Bonnet
|-resisted|p1a: Brute Bonnet
|-crit|p1a: Brute Bonnet
|-damage|p1a: Brute Bonnet|0 fnt
|faint|p1a: Brute Bonnet
|-end|p1a: Brute Bonnet|Protosynthesis|[silent]
|
|-weather|SunnyDay|[upkeep]
|upkeep
|
|t:|1750840458
|switch|p1a: Incineroar|Incineroar, L50, M|71/100
|-ability|p1a: Incineroar|Intimidate|boost
|-unboost|p2a: Whimsicott|atk|1
|-unboost|p2b: Urshifu|atk|1
|turn|6
|
|t:|1750840474
|switch|p2b: Pelipper|Pelipper, L50, M|54/100
|-weather|RainDance|[from] ability: Drizzle|[of] p2b: Pelipper
|move|p1a: Incineroar|Fake Out|p2a: Whimsicott
|-damage|p2a: Whimsicott|0 fnt
|faint|p2a: Whimsicott
|move|p1b: Koraidon|Flame Charge|p2b: Pelipper
|-resisted|p2b: Pelipper
|-damage|p2b: Pelipper|48/100
|-boost|p1b: Koraidon|spe|1
|
|-weather|RainDance|[upkeep]
|-fieldend|Misty Terrain
|upkeep
|
|t:|1750840482
|switch|p2a: Urshifu|Urshifu, L50, F, tera:Poison|39/100
|turn|7
|
|t:|1750840497
|move|p1b: Koraidon|Close Combat|p2b: Pelipper
|-resisted|p2b: Pelipper
|-damage|p2b: Pelipper|12/100
|-unboost|p1b: Koraidon|def|1
|-unboost|p1b: Koraidon|spd|1
|move|p2a: Urshifu|Close Combat|p1a: Incineroar
|-supereffective|p1a: Incineroar
|-damage|p1a: Incineroar|0 fnt
|-unboost|p2a: Urshifu|def|1
|-unboost|p2a: Urshifu|spd|1
|faint|p1a: Incineroar
|move|p2b: Pelipper|Hurricane|p1b: Koraidon
|-supereffective|p1b: Koraidon
|-damage|p1b: Koraidon|0 fnt
|faint|p1b: Koraidon
|
|win|qingyunyunyun
|raw|raezan's rating: 1617 &rarr; <strong>1596</strong><br />(-21 for losing)
|raw|qingyunyunyun's rating: 1591 &rarr; <strong>1612</strong><br />(+21 for winning)
|l|☆raezan
|player|p1|
|l|☆qingyunyunyun
|player|p2|
