|j|‽miketrash123
|j|☆stony_manchez
|t:|1750742948
|gametype|doubles
|player|p1|miketrash123|turo-ai|1178
|player|p2|stony_manchez|102|1174
|teamsize|p1|6
|teamsize|p2|6
|gen|9
|tier|[Gen 9] VGC 2025 Reg I
|rated|
|rule|Species Clause: Limit one of each Pokémon
|rule|Item Clause: Limit 1 of each item
|clearpoke
|poke|p1|Calyrex-Ice, L50|
|poke|p1|Miraidon, L50|
|poke|p1|Iron Hands, L50|
|poke|p1|Grimmsnarl, L50, M|
|poke|p1|Farigiraf, L50, M|
|poke|p1|Chien-Pao, L50|
|poke|p2|Zacian-*, L50|
|poke|p2|Reshiram, L50|
|poke|p2|Landorus-Therian, L50, M|
|poke|p2|Sableye, L50, M|
|poke|p2|Urshifu-*, L50, F|
|poke|p2|Farigiraf, L50, M|
|teampreview|4
miketrash123 has agreed to open team sheets.
|inactive|Battle timer is ON: inactive players will automatically lose when time's up. (requested by miketrash123)
|
|t:|1750743014
|start
|switch|p1a: Miraidon|Miraidon, L50|100/100
|switch|p1b: Farigiraf|Farigiraf, L50, M|100/100
|switch|p2a: Landorus|Landorus-Therian, L50, M|100/100
|switch|p2b: Zacian|Zacian-Crowned, L50|100/100
|-ability|p2a: Landorus|Intimidate|boost
|-unboost|p1a: Miraidon|atk|1
|-unboost|p1b: Farigiraf|atk|1
|-ability|p2b: Zacian|Intrepid Sword|boost
|-boost|p2b: Zacian|atk|1
|-fieldstart|move: Electric Terrain|[from] ability: Hadron Engine|[of] p1a: Miraidon
|-enditem|p1b: Farigiraf|Electric Seed
|-boost|p1b: Farigiraf|def|1|[from] item: Electric Seed
|turn|1
|inactive|stony_manchez has 30 seconds left.
|
|t:|1750743046
|move|p2a: Landorus|Stomping Tantrum|p1a: Miraidon
|-supereffective|p1a: Miraidon
|-damage|p1a: Miraidon|7/100
|move|p2b: Zacian|Behemoth Blade|p1a: Miraidon
|-resisted|p1a: Miraidon
|-damage|p1a: Miraidon|0 fnt
|faint|p1a: Miraidon
|move|p1b: Farigiraf|Trick Room|p1b: Farigiraf
|-fieldstart|move: Trick Room|[of] p1b: Farigiraf
|
|upkeep
|
|t:|1750743067
|switch|p1a: Calyrex|Calyrex-Ice, L50|100/100
|-ability|p1a: Calyrex|As One
|-ability|p1a: Calyrex|Unnerve
|turn|2
|inactive|stony_manchez has 30 seconds left.
|inactive|stony_manchez has 20 seconds left.
|
|t:|1750743103
|switch|p2a: Urshifu|Urshifu-Rapid-Strike, L50, F|100/100
|-terastallize|p1a: Calyrex|Fire
|move|p1b: Farigiraf|Helping Hand|p1a: Calyrex
|-singleturn|p1a: Calyrex|Helping Hand|[of] p1b: Farigiraf
|move|p1a: Calyrex|Glacial Lance|p2b: Zacian|[spread] p2a,p2b
|-resisted|p2a: Urshifu
|-resisted|p2b: Zacian
|-damage|p2a: Urshifu|55/100
|-damage|p2b: Zacian|59/100
|move|p2b: Zacian|Behemoth Blade|p1a: Calyrex
|-resisted|p1a: Calyrex
|-damage|p1a: Calyrex|74/100
|
|upkeep
|turn|3
|inactive|stony_manchez has 30 seconds left.
|inactive|stony_manchez has 20 seconds left.
|inactive|stony_manchez has 15 seconds left.
|inactive|stony_manchez has 10 seconds left.
|
|t:|1750743149
|switch|p2a: Landorus|Landorus-Therian, L50, M|100/100
|-ability|p2a: Landorus|Intimidate|boost
|-fail|p1a: Calyrex|unboost|[from] item: Clear Amulet|[of] p1a: Calyrex
|-unboost|p1b: Farigiraf|atk|1
|move|p1a: Calyrex|Protect|p1a: Calyrex
|-singleturn|p1a: Calyrex|Protect
|move|p1b: Farigiraf|Psychic Noise|p2a: Landorus
|-damage|p2a: Landorus|67/100
|-start|p2a: Landorus|move: Heal Block
|move|p2b: Zacian|Behemoth Blade|p1b: Farigiraf
|-damage|p1b: Farigiraf|53/100
|
|upkeep
|turn|4
|inactive|miketrash123 has 30 seconds left.
|inactive|stony_manchez has 30 seconds left.
|inactive|stony_manchez has 20 seconds left.
|inactive|stony_manchez has 15 seconds left.
|inactive|stony_manchez has 10 seconds left.
|inactive|stony_manchez has 5 seconds left.
|
|t:|1750743202
|move|p1b: Farigiraf|Helping Hand|p1a: Calyrex
|-singleturn|p1a: Calyrex|Helping Hand|[of] p1b: Farigiraf
|move|p1a: Calyrex|Glacial Lance|p2a: Landorus|[spread] p2a,p2b
|-supereffective|p2a: Landorus
|-resisted|p2b: Zacian
|-damage|p2a: Landorus|0 fnt
|-damage|p2b: Zacian|20/100
|faint|p2a: Landorus
|-ability|p1a: Calyrex|Chilling Neigh|boost
|-boost|p1a: Calyrex|atk|1
|move|p2b: Zacian|Behemoth Blade|p1b: Farigiraf
|-damage|p1b: Farigiraf|8/100
|
|upkeep
|
|t:|1750743225
|switch|p2a: Reshiram|Reshiram, L50|100/100
|-ability|p2a: Reshiram|Turboblaze
|turn|5
|
|t:|1750743239
|move|p1b: Farigiraf|Helping Hand|p1a: Calyrex
|-singleturn|p1a: Calyrex|Helping Hand|[of] p1b: Farigiraf
|move|p2b: Zacian|Protect|p2b: Zacian
|-singleturn|p2b: Zacian|Protect
|move|p1a: Calyrex|Glacial Lance|p2b: Zacian|[spread] p2a
|-activate|p2b: Zacian|move: Protect
|-crit|p2a: Reshiram
|-damage|p2a: Reshiram|0 fnt
|faint|p2a: Reshiram
|-ability|p1a: Calyrex|Chilling Neigh|boost
|-boost|p1a: Calyrex|atk|1
|
|-fieldend|move: Trick Room
|-fieldend|move: Electric Terrain
|upkeep
|
|t:|1750743250
|switch|p2a: Urshifu|Urshifu-Rapid-Strike, L50, F|55/100
|turn|6
|
|t:|1750743263
|move|p2b: Zacian|Behemoth Blade|p1b: Farigiraf
|-damage|p1b: Farigiraf|0 fnt
|faint|p1b: Farigiraf
|move|p2a: Urshifu|Surging Strikes|p1a: Calyrex
|-supereffective|p1a: Calyrex
|-crit|p1a: Calyrex
|-damage|p1a: Calyrex|36/100
|-supereffective|p1a: Calyrex
|-crit|p1a: Calyrex
|-damage|p1a: Calyrex|0 fnt
|faint|p1a: Calyrex
|-hitcount|p1: Calyrex|2
|
|upkeep
|
|t:|1750743268
|switch|p1b: Iron Hands|Iron Hands, L50, shiny|100/100
|turn|7
|-message|miketrash123 forfeited.
|
|win|stony_manchez
|raw|miketrash123's rating: 1178 &rarr; <strong>1153</strong><br />(-25 for losing)
|raw|stony_manchez's rating: 1174 &rarr; <strong>1199</strong><br />(+25 for winning)
|l|‽miketrash123
|player|p1|
|l|☆stony_manchez
|player|p2|
