|j|☆jrod7780
|j|☆Ech022
|html|<table width="100%"><tr><td align="left">jrod7780</td><td align="right">Ech022</tr><tr><td align="left"><i class="fa fa-circle"></i> <i class="fa fa-circle-o"></i> </td><td align="right"><i class="fa fa-circle-o"></i> <i class="fa fa-circle-o"></i> </tr></table>
|uhtml|bestof|<h2><strong>Game 2</strong> of <a href="/game-bestof3-gen9vgc2025regi-2391024675">a best-of-3</a></h2>
|t:|1750794486
|gametype|doubles
|player|p1|jrod7780|wallace|
|player|p2|Ech022|2|
|teamsize|p1|6
|teamsize|p2|6
|gen|9
|tier|[Gen 9] VGC 2025 Reg I
|rule|Tera Type Preview: Tera Types are shown at Team Preview
|rule|Species Clause: Limit one of each Pokémon
|rule|Item Clause: Limit 1 of each item
|raw|<div class="infobox"><details class="readmore" open><summary><strong>2 custom rules:</strong></summary> Best of = 3, Tera Type Preview</details></div>
|clearpoke
|poke|p1|Morgrem, L50, M|
|poke|p1|Ogerpon-Cornerstone, L50, F|
|poke|p1|Volcarona, L50, M|
|poke|p1|Moltres-Galar, L50|
|poke|p1|Pawmot, L50, M|
|poke|p1|Gothorita, L50, F|
|poke|p2|Farigiraf, L50, M|
|poke|p2|Munkidori, L50, M|
|poke|p2|Weezing-Galar, L50, F|
|poke|p2|Sinistcha, L50|
|poke|p2|Dusknoir, L50, F|
|poke|p2|Ursaluna-Bloodmoon, L50, M|
|teampreview|4
|raw|jrod7780's Tera Types:<br /><psicon pokemon="morgrem" /><psicon type="Ghost" /> / <psicon pokemon="ogerponcornerstone" /><psicon type="Rock" /> / <psicon pokemon="volcarona" /><psicon type="Grass" /> / <psicon pokemon="moltresgalar" /><psicon type="Poison" /> / <psicon pokemon="pawmot" /><psicon type="Electric" /> / <psicon pokemon="gothorita" /><psicon type="Psychic" />
|raw|Ech022's Tera Types:<br /><psicon pokemon="farigiraf" /><psicon type="Dragon" /> / <psicon pokemon="munkidori" /><psicon type="Dark" /> / <psicon pokemon="weezinggalar" /><psicon type="Psychic" /> / <psicon pokemon="sinistcha" /><psicon type="Grass" /> / <psicon pokemon="dusknoir" /><psicon type="Dark" /> / <psicon pokemon="ursalunabloodmoon" /><psicon type="Fairy" />
|inactive|Battle timer is ON: inactive players will automatically lose when time's up. (requested by jrod7780)
|inactiveoff|Battle timer is now OFF.
jrod7780 rejected open team sheets.
|c|☆jrod7780|gl hf
|
|t:|1750794533
|start
|switch|p1a: Morgrem|Morgrem, L50, M|100/100
|switch|p1b: Moltres|Moltres-Galar, L50|100/100
|switch|p2a: Munkidori|Munkidori, L50, M|100/100
|switch|p2b: Farigiraf|Farigiraf, L50, M|100/100
|-item|p1a: Morgrem|Ability Shield|[from] ability: Frisk|[of] p2a: Munkidori
|-item|p1b: Moltres|Sitrus Berry|[from] ability: Frisk|[of] p2a: Munkidori
|turn|1
|
|t:|1750794557
|move|p1a: Morgrem|Light Screen|p1a: Morgrem
|-sidestart|p1: jrod7780|move: Light Screen
|move|p2a: Munkidori|U-turn|p1a: Morgrem
|-damage|p1a: Morgrem|82/100
|
|t:|1750794588
|switch|p2a: Ursaluna|Ursaluna-Bloodmoon, L50, M|100/100|[from] U-turn
|move|p1b: Moltres|Nasty Plot|p1b: Moltres
|-boost|p1b: Moltres|spa|2
|move|p2b: Farigiraf|Trick Room|p2b: Farigiraf
|-fieldstart|move: Trick Room|[of] p2b: Farigiraf
|
|upkeep
|turn|2
|
|t:|1750794613
|-terastallize|p2a: Ursaluna|Fairy
|move|p2b: Farigiraf|Helping Hand|p2a: Ursaluna
|-singleturn|p2a: Ursaluna|Helping Hand|[of] p2b: Farigiraf
|move|p1a: Morgrem|Scary Face|p1b: Moltres
|-unboost|p1b: Moltres|spe|2
|move|p1b: Moltres|Fiery Wrath|p2a: Ursaluna|[spread] p2a,p2b
|-resisted|p2a: Ursaluna
|-supereffective|p2b: Farigiraf
|-damage|p2a: Ursaluna|64/100
|-damage|p2b: Farigiraf|11/100
|move|p2a: Ursaluna|Blood Moon|p1b: Moltres
|-damage|p1b: Moltres|17/100
|-ability|p1b: Moltres|Berserk|boost
|-boost|p1b: Moltres|spa|1
|-enditem|p1b: Moltres|Sitrus Berry|[eat]
|-heal|p1b: Moltres|42/100|[from] item: Sitrus Berry
|
|upkeep
|turn|3
|
|t:|1750794653
|move|p1a: Morgrem|Reflect|p1a: Morgrem
|-sidestart|p1: jrod7780|Reflect
|move|p1b: Moltres|Fiery Wrath|p2b: Farigiraf|[spread] p2a,p2b
|-resisted|p2a: Ursaluna
|-supereffective|p2b: Farigiraf
|-damage|p2a: Ursaluna|15/100
|-damage|p2b: Farigiraf|0 fnt
|faint|p2b: Farigiraf
|move|p2a: Ursaluna|Moonblast|p1a: Morgrem
|-supereffective|p1a: Morgrem
|-damage|p1a: Morgrem|0 fnt
|faint|p1a: Morgrem
|
|upkeep
|
|t:|1750794665
|switch|p2b: Dusknoir|Dusknoir, L50, F|100/100
|switch|p1a: Ogerpon|Ogerpon-Cornerstone, L50, F|100/100
|-item|p1a: Ogerpon|Cornerstone Mask|[from] ability: Frisk|[of] p2b: Dusknoir
|turn|4
|
|t:|1750794692
|-terastallize|p1b: Moltres|Poison
|move|p1b: Moltres|Fiery Wrath|p2a: Ursaluna|[spread] p2a,p2b
|-resisted|p2a: Ursaluna
|-supereffective|p2b: Dusknoir
|-damage|p2a: Ursaluna|0 fnt
|-damage|p2b: Dusknoir|0 fnt
|faint|p2a: Ursaluna
|faint|p2b: Dusknoir
|move|p1a: Ogerpon|Ivy Cudgel|p2: Ursaluna|[notarget]
|-fail|p1a: Ogerpon
|
|upkeep
|c|☆jrod7780|my trick room
|
|t:|1750794740
|switch|p2a: Munkidori|Munkidori, L50, M|100/100
|-item|p1a: Ogerpon|Cornerstone Mask|[from] ability: Frisk|[of] p2a: Munkidori
|turn|5
|
|t:|1750794750
|move|p1b: Moltres|Fiery Wrath|p2a: Munkidori
|-supereffective|p2a: Munkidori
|-damage|p2a: Munkidori|0 fnt
|faint|p2a: Munkidori
|
|win|jrod7780
|c|☆jrod7780|gg
