|j|☆TCBro89
|j|☆phoenix of rage
|t:|1750856520
|gametype|doubles
|player|p1|TCBro89|red|1513
|player|p2|phoenix of rage|birdkeeper-gen4dp|1506
|teamsize|p1|6
|teamsize|p2|6
|gen|9
|tier|[Gen 9] VGC 2025 Reg I
|rated|
|rule|Species Clause: Limit one of each Pokémon
|rule|Item Clause: Limit 1 of each item
|clearpoke
|poke|p1|Miraidon, L50|
|poke|p1|Iron Bundle, L50|
|poke|p1|Groudon, L50|
|poke|p1|Whimsicott, L50, F|
|poke|p1|Raging Bolt, L50|
|poke|p1|Farigiraf, L50, F|
|poke|p2|Kyogre, L50|
|poke|p2|Archaludon, L50, M|
|poke|p2|Miraidon, L50|
|poke|p2|Farigiraf, L50, M|
|poke|p2|Flutter Mane, L50|
|poke|p2|Pelipper, L50, F|
|teampreview|4
|inactive|Battle timer is ON: inactive players will automatically lose when time's up. (requested by phoenix of rage)
|
|t:|1750856543
|start
|switch|p1a: Miraidon|Miraidon, L50|100/100
|switch|p1b: Whimsicott|Whimsicott, L50, F|100/100
|switch|p2a: Farigiraf|Farigiraf, L50, M|100/100
|switch|p2b: Pelipper|Pelipper, L50, F|100/100
|-fieldstart|move: Electric Terrain|[from] ability: Hadron Engine|[of] p1a: Miraidon
|-enditem|p2a: Farigiraf|Electric Seed
|-boost|p2a: Farigiraf|def|1|[from] item: Electric Seed
|-weather|RainDance|[from] ability: Drizzle|[of] p2b: Pelipper
|turn|1
|
|t:|1750856560
|move|p2b: Pelipper|Protect|p2b: Pelipper
|-singleturn|p2b: Pelipper|Protect
|move|p1b: Whimsicott|Tailwind|p1b: Whimsicott
|-sidestart|p1: TCBro89|move: Tailwind
|move|p1a: Miraidon|Electro Drift|p2a: Farigiraf
|-damage|p2a: Farigiraf|0 fnt
|faint|p2a: Farigiraf
|
|-weather|RainDance|[upkeep]
|upkeep
|inactive|phoenix of rage has 30 seconds left.
|
|t:|1750856587
|switch|p2a: Miraidon|Miraidon, L50|100/100
|-activate|p2a: Miraidon|ability: Hadron Engine
|turn|2
|
|t:|1750856601
|-terastallize|p2a: Miraidon|Fairy
|move|p2b: Pelipper|Protect|p2b: Pelipper
|-singleturn|p2b: Pelipper|Protect
|move|p1a: Miraidon|Electro Drift|p2b: Pelipper
|-activate|p2b: Pelipper|move: Protect
|move|p1b: Whimsicott|Moonblast|p2b: Pelipper
|-activate|p2b: Pelipper|move: Protect
|move|p2a: Miraidon|Dazzling Gleam|p1a: Miraidon|[spread] p1a,p1b
|-supereffective|p1a: Miraidon
|-damage|p1a: Miraidon|0 fnt
|-damage|p1b: Whimsicott|25/100
|faint|p1a: Miraidon
|
|-weather|RainDance|[upkeep]
|upkeep
|
|t:|1750856616
|switch|p1a: Groudon|Groudon, L50|100/100
|-weather|SunnyDay|[from] ability: Drought|[of] p1a: Groudon
|turn|3
|
|t:|1750856636
|move|p2b: Pelipper|Wide Guard|p2b: Pelipper
|-singleturn|p2b: Pelipper|Wide Guard
|move|p1b: Whimsicott|Encore|p2b: Pelipper
|-start|p2b: Pelipper|Encore
|move|p1a: Groudon|Precipice Blades|p2b: Pelipper|[spread] 
|-activate|p2a: Miraidon|move: Wide Guard
|-activate|p2b: Pelipper|move: Wide Guard
|move|p2a: Miraidon|Dazzling Gleam|p1a: Groudon|[spread] p1a,p1b
|-damage|p1a: Groudon|43/100
|-damage|p1b: Whimsicott|0 fnt
|faint|p1b: Whimsicott
|
|-weather|SunnyDay|[upkeep]
|upkeep
|
|t:|1750856648
|switch|p1b: Iron Bundle|Iron Bundle, L50|100/100
|-activate|p1b: Iron Bundle|ability: Quark Drive
|-start|p1b: Iron Bundle|quarkdrivespe
|turn|4
|
|t:|1750856653
|move|p1a: Groudon|Protect|p1a: Groudon
|-singleturn|p1a: Groudon|Protect
|move|p2b: Pelipper|Wide Guard|p2b: Pelipper
|-singleturn|p2b: Pelipper|Wide Guard
|move|p1b: Iron Bundle|Taunt|p2b: Pelipper
|-start|p2b: Pelipper|move: Taunt
|move|p2a: Miraidon|Dazzling Gleam|p1b: Iron Bundle|[spread] p1b
|-activate|p1a: Groudon|move: Protect
|-enditem|p1b: Iron Bundle|Focus Sash
|-damage|p1b: Iron Bundle|1/100
|
|-weather|SunnyDay|[upkeep]
|-sideend|p1: TCBro89|move: Tailwind
|upkeep
|turn|5
|
|t:|1750856673
|switch|p2b: Kyogre|Kyogre, L50|100/100
|-weather|RainDance|[from] ability: Drizzle|[of] p2b: Kyogre
|move|p1b: Iron Bundle|Icy Wind|p2a: Miraidon|[spread] p2a,p2b
|-resisted|p2b: Kyogre
|-damage|p2a: Miraidon|82/100
|-damage|p2b: Kyogre|96/100
|-unboost|p2a: Miraidon|spe|1
|-unboost|p2b: Kyogre|spe|1
|move|p2a: Miraidon|Dazzling Gleam|p1b: Iron Bundle|[spread] p1a,p1b
|-damage|p1a: Groudon|0 fnt
|-damage|p1b: Iron Bundle|0 fnt
|faint|p1a: Groudon
|faint|p1b: Iron Bundle
|-end|p1b: Iron Bundle|Quark Drive|[silent]
|
|win|phoenix of rage
|raw|TCBro89's rating: 1513 &rarr; <strong>1493</strong><br />(-20 for losing)
|raw|phoenix of rage's rating: 1506 &rarr; <strong>1526</strong><br />(+20 for winning)
|l|☆phoenix of rage
|player|p2|
|l|☆TCBro89
|player|p1|
