|j|☆eriksp9
|j|☆blu3cr33p3r
|t:|1750817416
|gametype|doubles
|player|p1|eriksp9|calem-masters|1322
|player|p2|blu3cr33p3r|bruno|1309
|teamsize|p1|6
|teamsize|p2|6
|gen|9
|tier|[Gen 9] VGC 2025 Reg I
|rated|
|rule|Species Clause: Limit one of each Pokémon
|rule|Item Clause: Limit 1 of each item
|clearpoke
|poke|p1|Calyrex-Ice, L50|
|poke|p1|Miraidon, L50|
|poke|p1|Volcarona, L50, M|
|poke|p1|Iron Hands, L50|
|poke|p1|Grimmsnarl, L50, M|
|poke|p1|Ogerpon, L50, F|
|poke|p2|Lunala, L50|
|poke|p2|Ursaluna, L50, M|
|poke|p2|Urshifu-*, L50, M|
|poke|p2|Miraidon, L50|
|poke|p2|Grimmsnarl, L50, M|
|poke|p2|Incineroar, L50, M|
|teampreview|4
eriksp9 has agreed to open team sheets.
|inactive|Battle timer is ON: inactive players will automatically lose when time's up. (requested by eriksp9)
|
|t:|1750817449
|start
|switch|p1a: Miraidon|Miraidon, L50|100/100
|switch|p1b: Ogerpon|Ogerpon, L50, F|100/100
|switch|p2a: Miraidon|Miraidon, L50|100/100
|switch|p2b: Grimmsnarl|Grimmsnarl, L50, M|100/100
|-fieldstart|move: Electric Terrain|[from] ability: Hadron Engine|[of] p1a: Miraidon
|-activate|p2a: Miraidon|ability: Hadron Engine
|turn|1
|inactive|blu3cr33p3r has 30 seconds left.
|inactive|blu3cr33p3r has 20 seconds left.
|
|t:|1750817488
|switch|p1b: Iron Hands|Iron Hands, L50|100/100
|-activate|p1b: Iron Hands|ability: Quark Drive
|-start|p1b: Iron Hands|quarkdriveatk
|move|p2b: Grimmsnarl|Light Screen|p2b: Grimmsnarl
|-sidestart|p2: blu3cr33p3r|move: Light Screen
|move|p1a: Miraidon|Volt Switch|p2a: Miraidon
|-resisted|p2a: Miraidon
|-damage|p2a: Miraidon|95/100
|
|t:|1750817495
|switch|p1a: Calyrex|Calyrex-Ice, L50|100/100|[from] Volt Switch
|-ability|p1a: Calyrex|As One
|-ability|p1a: Calyrex|Unnerve
|move|p2a: Miraidon|Snarl|p1b: Iron Hands|[spread] p1a,p1b
|-supereffective|p1a: Calyrex
|-resisted|p1b: Iron Hands
|-damage|p1a: Calyrex|72/100
|-damage|p1b: Iron Hands|95/100
|-unboost|p1b: Iron Hands|spa|1
|
|upkeep
|turn|2
|inactive|blu3cr33p3r has 30 seconds left.
|inactive|blu3cr33p3r has 20 seconds left.
|
|t:|1750817534
|switch|p2a: Lunala|Lunala, L50|100/100
|-enditem|p2a: Lunala|Electric Seed
|-boost|p2a: Lunala|def|1|[from] item: Electric Seed
|move|p2b: Grimmsnarl|Reflect|p2b: Grimmsnarl
|-sidestart|p2: blu3cr33p3r|Reflect
|move|p1b: Iron Hands|Low Kick|p2a: Lunala
|-immune|p2a: Lunala
|move|p1a: Calyrex|Glacial Lance|p2a: Lunala|[spread] p2a,p2b
|-damage|p2a: Lunala|91/100
|-damage|p2b: Grimmsnarl|59/100
|
|upkeep
|turn|3
|inactive|blu3cr33p3r has 30 seconds left.
|
|t:|1750817560
|switch|p1a: Ogerpon|Ogerpon, L50, F|100/100
|move|p2a: Lunala|Moongeist Beam|p1a: Ogerpon
|-damage|p1a: Ogerpon|45/100
|move|p1b: Iron Hands|Low Kick|p2b: Grimmsnarl
|-damage|p2b: Grimmsnarl|20/100
|move|p2b: Grimmsnarl|Spirit Break|p1b: Iron Hands
|-supereffective|p1b: Iron Hands
|-damage|p1b: Iron Hands|52/100
|-unboost|p1b: Iron Hands|spa|1
|
|upkeep
|turn|4
|inactive|blu3cr33p3r has 30 seconds left.
|inactive|blu3cr33p3r has 20 seconds left.
|
|t:|1750817597
|move|p2b: Grimmsnarl|Thunder Wave|p1b: Iron Hands
|-immune|p1b: Iron Hands
|move|p1a: Ogerpon|Taunt|p2a: Lunala
|-start|p2a: Lunala|move: Taunt
|move|p2a: Lunala|Moongeist Beam|p1a: Ogerpon
|-damage|p1a: Ogerpon|0 fnt
|faint|p1a: Ogerpon
|move|p1b: Iron Hands|Drain Punch|p2b: Grimmsnarl
|-damage|p2b: Grimmsnarl|0 fnt
|-heal|p1b: Iron Hands|60/100|[from] drain|[of] p2b: Grimmsnarl
|faint|p2b: Grimmsnarl
|
|upkeep
|inactive|blu3cr33p3r has 30 seconds left.
|
|t:|1750817623
|switch|p1a: Miraidon|Miraidon, L50|100/100
|switch|p2b: Ursaluna|Ursaluna, L50, M|100/100
|-activate|p1a: Miraidon|ability: Hadron Engine
|turn|5
|inactive|blu3cr33p3r has 30 seconds left.
|
|t:|1750817648
|-terastallize|p1a: Miraidon|Electric
|move|p1a: Miraidon|Volt Switch|p2b: Ursaluna
|-immune|p2b: Ursaluna
|move|p2a: Lunala|Moonblast|p1b: Iron Hands
|-supereffective|p1b: Iron Hands
|-crit|p1b: Iron Hands
|-damage|p1b: Iron Hands|0 fnt
|faint|p1b: Iron Hands
|-end|p1b: Iron Hands|Quark Drive|[silent]
|move|p2b: Ursaluna|Headlong Rush|p1a: Miraidon
|-supereffective|p1a: Miraidon
|-damage|p1a: Miraidon|0 fnt
|-unboost|p2b: Ursaluna|def|1
|-unboost|p2b: Ursaluna|spd|1
|faint|p1a: Miraidon
|
|-fieldend|move: Electric Terrain
|-status|p2b: Ursaluna|brn|[from] item: Flame Orb
|upkeep
|-message|eriksp9 forfeited.
|
|win|blu3cr33p3r
|raw|eriksp9's rating: 1322 &rarr; <strong>1301</strong><br />(-21 for losing)
|raw|blu3cr33p3r's rating: 1309 &rarr; <strong>1330</strong><br />(+21 for winning)
|l|☆eriksp9
|player|p1|
