|j|☆wolfeyfan123
|j|☆PPYYY
|t:|1750725173
|gametype|doubles
|player|p1|wolfeyfan123|roxie|
|player|p2|PPYYY|jacq|
|teamsize|p1|6
|teamsize|p2|6
|gen|9
|tier|[Gen 9] VGC 2025 Reg I
|rated|Tournament battle
|rule|Species Clause: Limit one of each Pokémon
|rule|Item Clause: Limit 1 of each item
|raw|<div class="infobox"><details class="readmore" open><summary><strong>2 custom rules:</strong></summary> Force Open Team Sheets, !Open Team Sheets</details></div>
|clearpoke
|poke|p1|Giratina-Origin, L50|
|poke|p1|Zamazenta-*, L50|
|poke|p1|Chien-Pao, L50|
|poke|p1|Entei, L50|
|poke|p1|Urshifu-*, L50, F|
|poke|p1|Rillaboom, L50, M|
|poke|p2|Whimsicott, L50, F|
|poke|p2|Calyrex-Shadow, L50|
|poke|p2|Incineroar, L50, F|
|poke|p2|Miraidon, L50|
|poke|p2|Clefairy, L50, F|
|poke|p2|Sneasler, L50, F|
|teampreview|4
|showteam|p1|Giratina-Origin||GriseousCore|Levitate|ShadowSneak,Poltergeist,DracoMeteor,Protect||||||50|,,,,,Fire]Zamazenta-Crowned||RustedShield|DauntlessShield|BodyPress,behemothbash,WideGuard,Protect||||||50|,,,,,Ghost]Chien-Pao||FocusSash|SwordofRuin|IcicleCrash,SuckerPunch,Crunch,Protect||||||50|,,,,,Ghost]Entei||LifeOrb|InnerFocus|StoneEdge,SacredFire,ExtremeSpeed,Protect||||||50|,,,,,Normal]Urshifu-Rapid-Strike||ChoiceScarf|UnseenFist|Coaching,SurgingStrikes,CloseCombat,AquaJet|||F|||50|,,,,,Water]Rillaboom||AssaultVest|GrassySurge|FakeOut,GrassyGlide,WoodHammer,Uturn|||M|||50|,,,,,Water
|showteam|p2|Whimsicott||CovertCloak|Prankster|Moonblast,Tailwind,FakeTears,Encore|||F|||50|,,,,,Water]Calyrex-Shadow||FocusSash|AsOneSpectrier|AstralBarrage,Psychic,Disable,Protect||||||50|,,,,,Ghost]Incineroar||AssaultVest|Intimidate|KnockOff,Uturn,FlareBlitz,FakeOut|||F|||50|,,,,,Bug]Miraidon||ChoiceSpecs|HadronEngine|ElectroDrift,DracoMeteor,DazzlingGleam,VoltSwitch||||||50|,,,,,Fairy]Clefairy||Eviolite|FriendGuard|AfterYou,HelpingHand,FollowMe,Protect|||F|||50|,,,,,Ground]Sneasler||ElectricSeed|Unburden|GunkShot,CloseCombat,FakeOut,ThroatChop|||F|||50|,,,,,Dark
|inactive|Battle timer is ON: inactive players will automatically lose when time's up. (requested by PPYYY)
|
|t:|1750725222
|start
|switch|p1a: Giratina|Giratina-Origin, L50|100/100
|switch|p1b: Entei|Entei, L50|100/100
|switch|p2a: Incineroar|Incineroar, L50, F|100/100
|switch|p2b: Miraidon|Miraidon, L50|100/100
|-fieldstart|move: Electric Terrain|[from] ability: Hadron Engine|[of] p2b: Miraidon
|-ability|p2a: Incineroar|Intimidate|boost
|-unboost|p1a: Giratina|atk|1
|-fail|p1b: Entei|unboost|Attack|[from] ability: Inner Focus|[of] p1b: Entei
|turn|1
|j| child Pikachu
|inactive|wolfeyfan123 has 30 seconds left.
|inactive|PPYYY has 30 seconds left.
|inactive|wolfeyfan123 has 20 seconds left.
|inactive|PPYYY has 20 seconds left.
|j| allen brown jr
|inactive|wolfeyfan123 has 15 seconds left.
|inactive|PPYYY has 15 seconds left.
|inactive|PPYYY has 10 seconds left.
|l| allen brown jr
|inactive|PPYYY has 5 seconds left.
|
|t:|1750725275
|switch|p1a: Rillaboom|Rillaboom, L50, M|100/100
|-fieldstart|move: Grassy Terrain|[from] ability: Grassy Surge|[of] p1a: Rillaboom
|move|p1b: Entei|Protect|p1b: Entei
|-singleturn|p1b: Entei|Protect
|move|p2b: Miraidon|Volt Switch|p1a: Rillaboom
|-resisted|p1a: Rillaboom
|-damage|p1a: Rillaboom|80/100
|j| empm
|
|t:|1750725282
|switch|p2b: Whimsicott|Whimsicott, L50, F|100/100|[from] Volt Switch
|move|p2a: Incineroar|Knock Off|p1b: Entei
|-activate|p1b: Entei|move: Protect
|
|-heal|p1a: Rillaboom|86/100|[from] Grassy Terrain
|upkeep
|turn|2
|
|t:|1750725299
|switch|p2b: Miraidon|Miraidon, L50|100/100
|-fieldstart|move: Electric Terrain|[from] ability: Hadron Engine|[of] p2b: Miraidon
|move|p1a: Rillaboom|Fake Out|p2a: Incineroar
|-damage|p2a: Incineroar|87/100
|move|p1b: Entei|Sacred Fire|p2b: Miraidon
|-resisted|p2b: Miraidon
|-damage|p2b: Miraidon|72/100
|-status|p2b: Miraidon|brn
|-damage|p1b: Entei|91/100|[from] item: Life Orb
|cant|p2a: Incineroar|flinch
|
|-damage|p2b: Miraidon|66/100 brn|[from] brn
|upkeep
|turn|3
|inactive|wolfeyfan123 has 30 seconds left.
|
|t:|1750725330
|switch|p1a: Zamazenta|Zamazenta-Crowned, L50|100/100
|-ability|p1a: Zamazenta|Dauntless Shield|boost
|-boost|p1a: Zamazenta|def|1
|move|p2b: Miraidon|Draco Meteor|p1a: Zamazenta
|-resisted|p1a: Zamazenta
|-damage|p1a: Zamazenta|55/100
|-unboost|p2b: Miraidon|spa|2
|move|p1b: Entei|Stone Edge|p2a: Incineroar
|-supereffective|p2a: Incineroar
|-crit|p2a: Incineroar
|-damage|p2a: Incineroar|0 fnt
|faint|p2a: Incineroar
|-damage|p1b: Entei|81/100|[from] item: Life Orb
|
|-damage|p2b: Miraidon|60/100 brn|[from] brn
|upkeep
|
|t:|1750725341
|switch|p2a: Calyrex|Calyrex-Shadow, L50|100/100
|-ability|p2a: Calyrex|As One
|-ability|p2a: Calyrex|Unnerve
|turn|4
|inactive|wolfeyfan123 has 30 seconds left.
|inactive|wolfeyfan123 has 20 seconds left.
|inactive|wolfeyfan123 has 15 seconds left.
|
|t:|1750725385
|switch|p2b: Whimsicott|Whimsicott, L50, F|100/100
|-terastallize|p1b: Entei|Normal
|move|p2a: Calyrex|Protect|p2a: Calyrex
|-singleturn|p2a: Calyrex|Protect
|move|p1a: Zamazenta|Wide Guard|p1a: Zamazenta
|-singleturn|p1a: Zamazenta|Wide Guard
|move|p1b: Entei|Extreme Speed|p2b: Whimsicott
|-damage|p2b: Whimsicott|22/100
|-damage|p1b: Entei|72/100|[from] item: Life Orb
|
|upkeep
|turn|5
|inactive|wolfeyfan123 has 30 seconds left.
|
|t:|1750725414
|move|p1b: Entei|Extreme Speed|p2b: Whimsicott
|-damage|p2b: Whimsicott|0 fnt
|faint|p2b: Whimsicott
|-damage|p1b: Entei|62/100|[from] item: Life Orb
|move|p2a: Calyrex|Psychic|p1b: Entei
|-damage|p1b: Entei|0 fnt
|faint|p1b: Entei
|-ability|p2a: Calyrex|Grim Neigh|boost
|-boost|p2a: Calyrex|spa|1
|move|p1a: Zamazenta|Behemoth Bash|p2a: Calyrex
|-damage|p2a: Calyrex|49/100
|
|upkeep
|
|t:|1750725427
|switch|p2b: Miraidon|Miraidon, L50|60/100 brn
|switch|p1b: Giratina|Giratina-Origin, L50|100/100
|-activate|p2b: Miraidon|ability: Hadron Engine
|turn|6
|
|t:|1750725448
|-terastallize|p2b: Miraidon|Fairy
|move|p2a: Calyrex|Protect|p2a: Calyrex
|-singleturn|p2a: Calyrex|Protect
|move|p1a: Zamazenta|Wide Guard|p1a: Zamazenta
|-singleturn|p1a: Zamazenta|Wide Guard
|move|p1b: Giratina|Shadow Sneak|p2a: Calyrex
|-activate|p2a: Calyrex|move: Protect
|move|p2b: Miraidon|Draco Meteor|p1b: Giratina
|-supereffective|p1b: Giratina
|-damage|p1b: Giratina|0 fnt
|-unboost|p2b: Miraidon|spa|2
|faint|p1b: Giratina
|
|-damage|p2b: Miraidon|54/100 brn|[from] brn
|-fieldend|move: Electric Terrain
|upkeep
|
|t:|1750725458
|switch|p1b: Rillaboom|Rillaboom, L50, M|86/100
|-fieldstart|move: Grassy Terrain|[from] ability: Grassy Surge|[of] p1b: Rillaboom
|turn|7
|
|t:|1750725477
|move|p1a: Zamazenta|Wide Guard|p1a: Zamazenta
|-singleturn|p1a: Zamazenta|Wide Guard
|move|p1b: Rillaboom|Grassy Glide|p2a: Calyrex
|-damage|p2a: Calyrex|6/100
|move|p2a: Calyrex|Psychic|p1b: Rillaboom
|-damage|p1b: Rillaboom|23/100
|move|p2b: Miraidon|Draco Meteor|p1b: Rillaboom
|-damage|p1b: Rillaboom|0 fnt
|-unboost|p2b: Miraidon|spa|2
|faint|p1b: Rillaboom
|
|-heal|p2a: Calyrex|12/100|[from] Grassy Terrain
|-heal|p2b: Miraidon|60/100 brn|[from] Grassy Terrain
|-heal|p1a: Zamazenta|62/100|[from] Grassy Terrain
|-damage|p2b: Miraidon|54/100 brn|[from] brn
|upkeep
|turn|8
|
|t:|1750725492
|move|p2a: Calyrex|Astral Barrage|p1a: Zamazenta
|-damage|p1a: Zamazenta|0 fnt
|faint|p1a: Zamazenta
|
|win|PPYYY
|n|☆wolfeyfan123|wolfeyfan123
|n|☆PPYYY|ppyyy
|n| child Pikachu|childpikachu
|n| empm|empm
