|j|☆Ranzo99
|j|☆Gurrasnurra5
|t:|1750796331
|gametype|doubles
|player|p1|Ranzo99|265|
|player|p2|Gurrasnurra5|wattson|
|teamsize|p1|6
|teamsize|p2|6
|gen|9
|tier|[Gen 9] VGC 2025 Reg I
|rated|Tournament battle
|rule|Species Clause: Limit one of each Pokémon
|rule|Item Clause: Limit 1 of each item
|raw|<div class="infobox"><details class="readmore" open><summary><strong>2 custom rules:</strong></summary> Force Open Team Sheets, !Open Team Sheets</details></div>
|clearpoke
|poke|p1|Miraidon, L50|
|poke|p1|Calyrex-Ice, L50|
|poke|p1|Incineroar, L50, F|
|poke|p1|Landorus, L50, M|
|poke|p1|Urshifu-*, L50, F|
|poke|p1|Farigiraf, L50, F|
|poke|p2|Koraidon, L50|
|poke|p2|Whimsicott, L50, F|
|poke|p2|Chi-Yu, L50|
|poke|p2|Calyrex-Shadow, L50|
|poke|p2|Smeargle, L50, M|
|poke|p2|Rillaboom, L50, M|
|teampreview|4
|showteam|p1|Miraidon||ChoiceSpecs|HadronEngine|ElectroDrift,DazzlingGleam,VoltSwitch,DracoMeteor||||||50|,,,,,Fairy]Calyrex-Ice||Leftovers|AsOneGlastrier|GlacialLance,LeechSeed,TrickRoom,Protect||||||50|,,,,,Water]Incineroar||AssaultVest|Intimidate|FlareBlitz,KnockOff,Uturn,FakeOut|||F|||50|,,,,,Bug]Landorus||LifeOrb|SheerForce|SandsearStorm,EarthPower,SludgeBomb,Protect|||M|||50|,,,,,Poison]Urshifu-Rapid-Strike||ChoiceScarf|UnseenFist|SurgingStrikes,CloseCombat,AquaJet,Uturn|||F|||50|,,,,,Water]Farigiraf||ElectricSeed|ArmorTail|Psychic,TrickRoom,HelpingHand,FoulPlay|||F|||50|,,,,,Ground
|showteam|p2|Koraidon||LifeOrb|OrichalcumPulse|Protect,FlameCharge,FlareBlitz,CloseCombat||||||50|,,,,,Fire]Whimsicott||CovertCloak|Prankster|LightScreen,Tailwind,Encore,Moonblast|||F|||50|,,,,,Dark]Chi-Yu||ChoiceScarf|BeadsofRuin|Overheat,HeatWave,DarkPulse,Snarl||||||50|,,,,,Ghost]Calyrex-Shadow||SpookyPlate|AsOneSpectrier|Protect,AstralBarrage,Psychic,NastyPlot||||||50|,,,,,Dark]Smeargle||FocusSash|Moody|Spore,FollowMe,Decorate,FakeOut|||M|||50|,,,,,Grass]Rillaboom||AssaultVest|GrassySurge|WoodHammer,GrassyGlide,Uturn,FakeOut|||M|||50|,,,,,Fire
|j| Porygon-EpilepZ
|j| Shadow193
|j| St. Jude tour prep
|l| Shadow193
|j| Tempest brute
|j| DeeGaming
|j| abysmalbox
|l| Porygon-EpilepZ
|inactive|Battle timer is ON: inactive players will automatically lose when time's up. (requested by Gurrasnurra5)
|l| DeeGaming
|l| Tempest brute
|j| darkdozo
|
|t:|1750796407
|start
|switch|p1a: Miraidon|Miraidon, L50|100/100
|switch|p1b: Incineroar|Incineroar, L50, F|100/100
|switch|p2a: Chi-Yu|Chi-Yu, L50|100/100
|switch|p2b: Koraidon|Koraidon, L50|100/100
|-ability|p2a: Chi-Yu|Beads of Ruin
|-fieldstart|move: Electric Terrain|[from] ability: Hadron Engine|[of] p1a: Miraidon
|-weather|SunnyDay|[from] ability: Orichalcum Pulse|[of] p2b: Koraidon
|-activate|p2b: Koraidon|Orichalcum Pulse|[source]
|-ability|p1b: Incineroar|Intimidate|boost
|-unboost|p2a: Chi-Yu|atk|1
|-unboost|p2b: Koraidon|atk|1
|turn|1
|l| darkdozo
|inactive|Gurrasnurra5 has 30 seconds left.
|inactive|Ranzo99 has 30 seconds left.
|inactive|Gurrasnurra5 has 20 seconds left.
|inactive|Gurrasnurra5 has 15 seconds left.
|inactive|Ranzo99 has 20 seconds left.
|
|t:|1750796452
|switch|p2b: Rillaboom|Rillaboom, L50, M|100/100
|-fieldstart|move: Grassy Terrain|[from] ability: Grassy Surge|[of] p2b: Rillaboom
|move|p1b: Incineroar|Fake Out|p2a: Chi-Yu
|-damage|p2a: Chi-Yu|78/100
|cant|p2a: Chi-Yu|flinch
|move|p1a: Miraidon|Dazzling Gleam|p2b: Rillaboom|[spread] p2a,p2b
|-crit|p2a: Chi-Yu
|-damage|p2a: Chi-Yu|27/100
|-damage|p2b: Rillaboom|75/100
|
|-weather|SunnyDay|[upkeep]
|-heal|p2a: Chi-Yu|33/100|[from] Grassy Terrain
|-heal|p2b: Rillaboom|81/100|[from] Grassy Terrain
|upkeep
|turn|2
|inactive|Ranzo99 has 30 seconds left.
|inactive|Gurrasnurra5 has 30 seconds left.
|
|t:|1750796485
|switch|p1a: Farigiraf|Farigiraf, L50, F|100/100
|move|p2b: Rillaboom|Fake Out||[still]
|cant|p1a: Farigiraf|ability: Armor Tail|Fake Out|[of] p2b: Rillaboom
|move|p2a: Chi-Yu|Overheat|p1a: Farigiraf
|-damage|p1a: Farigiraf|0 fnt
|-unboost|p2a: Chi-Yu|spa|2
|faint|p1a: Farigiraf
|move|p1b: Incineroar|U-turn|p2a: Chi-Yu
|-damage|p2a: Chi-Yu|0 fnt
|faint|p2a: Chi-Yu
|j| SebasJck
|
|t:|1750796502
|switch|p1b: Calyrex|Calyrex-Ice, L50|100/100|[from] U-turn
|-ability|p1b: Calyrex|As One
|-ability|p1b: Calyrex|Unnerve
|
|-weather|SunnyDay|[upkeep]
|-heal|p2b: Rillaboom|86/100|[from] Grassy Terrain
|upkeep
|
|t:|1750796511
|switch|p2a: Koraidon|Koraidon, L50|100/100
|switch|p1a: Incineroar|Incineroar, L50, F|100/100
|-activate|p2a: Koraidon|ability: Orichalcum Pulse
|-ability|p1a: Incineroar|Intimidate|boost
|-unboost|p2a: Koraidon|atk|1
|-unboost|p2b: Rillaboom|atk|1
|turn|3
|inactive|Ranzo99 has 30 seconds left.
|inactive|Ranzo99 has 20 seconds left.
|inactive|Ranzo99 has 15 seconds left.
|
|t:|1750796553
|-terastallize|p2a: Koraidon|Fire
|-terastallize|p1b: Calyrex|Water
|move|p1a: Incineroar|Fake Out|p2b: Rillaboom
|-damage|p2b: Rillaboom|75/100
|move|p2a: Koraidon|Flare Blitz|p1b: Calyrex
|-resisted|p1b: Calyrex
|-damage|p1b: Calyrex|65/100
|-damage|p2a: Koraidon|87/100|[from] Recoil
|-damage|p2a: Koraidon|78/100|[from] item: Life Orb
|cant|p2b: Rillaboom|flinch
|move|p1b: Calyrex|Trick Room|p1b: Calyrex
|-fieldstart|move: Trick Room|[of] p1b: Calyrex
|
|-weather|SunnyDay|[upkeep]
|-heal|p1b: Calyrex|71/100|[from] Grassy Terrain
|-heal|p1b: Calyrex|76/100|[from] item: Leftovers
|-heal|p2b: Rillaboom|81/100|[from] Grassy Terrain
|-heal|p2a: Koraidon|84/100|[from] Grassy Terrain
|upkeep
|turn|4
|inactive|Gurrasnurra5 has 30 seconds left.
|j| imgoldshark07
|
|t:|1750796586
|switch|p2b: Calyrex|Calyrex-Shadow, L50|100/100
|-ability|p2b: Calyrex|As One
|-ability|p2b: Calyrex|Unnerve
|move|p1b: Calyrex|Glacial Lance|p2b: Calyrex|[spread] p2a,p2b
|-resisted|p2a: Koraidon
|-damage|p2a: Koraidon|59/100
|-damage|p2b: Calyrex|43/100
|move|p1a: Incineroar|Knock Off|p2a: Koraidon
|-damage|p2a: Koraidon|22/100
|-enditem|p2a: Koraidon|Life Orb|[from] move: Knock Off|[of] p1a: Incineroar
|move|p2a: Koraidon|Close Combat|p1a: Incineroar
|-supereffective|p1a: Incineroar
|-damage|p1a: Incineroar|0 fnt
|-unboost|p2a: Koraidon|def|1
|-unboost|p2a: Koraidon|spd|1
|faint|p1a: Incineroar
|
|-weather|SunnyDay|[upkeep]
|-heal|p1b: Calyrex|82/100|[from] Grassy Terrain
|-heal|p1b: Calyrex|88/100|[from] item: Leftovers
|-heal|p2a: Koraidon|28/100|[from] Grassy Terrain
|-heal|p2b: Calyrex|49/100|[from] Grassy Terrain
|upkeep
|
|t:|1750796604
|switch|p1a: Miraidon|Miraidon, L50|100/100
|-fieldstart|move: Electric Terrain|[from] ability: Hadron Engine|[of] p1a: Miraidon
|turn|5
|
|t:|1750796623
|move|p2b: Calyrex|Protect|p2b: Calyrex
|-singleturn|p2b: Calyrex|Protect
|move|p1b: Calyrex|Glacial Lance|p2a: Koraidon|[spread] p2a
|-activate|p2b: Calyrex|move: Protect
|-resisted|p2a: Koraidon
|-damage|p2a: Koraidon|0 fnt
|faint|p2a: Koraidon
|-ability|p1b: Calyrex|Chilling Neigh|boost
|-boost|p1b: Calyrex|atk|1
|move|p1a: Miraidon|Dazzling Gleam|p2b: Calyrex
|-activate|p2b: Calyrex|move: Protect
|
|-weather|none
|-heal|p1b: Calyrex|94/100|[from] item: Leftovers
|upkeep
|
|t:|1750796626
|switch|p2a: Rillaboom|Rillaboom, L50, M|81/100
|-fieldstart|move: Grassy Terrain|[from] ability: Grassy Surge|[of] p2a: Rillaboom
|turn|6
|inactive|Ranzo99 has 30 seconds left.
|inactive|Ranzo99 has 20 seconds left.
|inactive|Ranzo99 has 15 seconds left.
|
|t:|1750796667
|move|p1b: Calyrex|Protect|p1b: Calyrex
|-singleturn|p1b: Calyrex|Protect
|move|p2a: Rillaboom|Fake Out|p1b: Calyrex
|-activate|p1b: Calyrex|move: Protect
|move|p1a: Miraidon|Dazzling Gleam|p2b: Calyrex|[spread] p2a,p2b
|-crit|p2a: Rillaboom
|-damage|p2a: Rillaboom|50/100
|-damage|p2b: Calyrex|19/100
|move|p2b: Calyrex|Nasty Plot|p2b: Calyrex
|-boost|p2b: Calyrex|spa|2
|
|-heal|p1b: Calyrex|99/100|[from] Grassy Terrain
|-heal|p1b: Calyrex|100/100|[from] item: Leftovers
|-heal|p2a: Rillaboom|56/100|[from] Grassy Terrain
|-heal|p2b: Calyrex|26/100|[from] Grassy Terrain
|upkeep
|turn|7
|
|t:|1750796687
|move|p2b: Calyrex|Protect|p2b: Calyrex
|-singleturn|p2b: Calyrex|Protect
|move|p2a: Rillaboom|Grassy Glide|p1b: Calyrex
|-supereffective|p1b: Calyrex
|-damage|p1b: Calyrex|56/100
|move|p1b: Calyrex|Glacial Lance|p2a: Rillaboom|[spread] p2a
|-activate|p2b: Calyrex|move: Protect
|-supereffective|p2a: Rillaboom
|-damage|p2a: Rillaboom|0 fnt
|faint|p2a: Rillaboom
|-ability|p1b: Calyrex|Chilling Neigh|boost
|-boost|p1b: Calyrex|atk|1
|move|p1a: Miraidon|Dazzling Gleam|p2b: Calyrex
|-activate|p2b: Calyrex|move: Protect
|
|-heal|p1b: Calyrex|62/100|[from] Grassy Terrain
|-heal|p1b: Calyrex|68/100|[from] item: Leftovers
|-heal|p2b: Calyrex|32/100|[from] Grassy Terrain
|-fieldend|move: Trick Room
|upkeep
|turn|8
|l| imgoldshark07
|
|t:|1750796707
|move|p2b: Calyrex|Astral Barrage|p1a: Miraidon|[spread] p1a,p1b
|-damage|p1a: Miraidon|2/100
|-damage|p1b: Calyrex|0 fnt
|faint|p1b: Calyrex
|-ability|p2b: Calyrex|Grim Neigh|boost
|-boost|p2b: Calyrex|spa|1
|move|p1a: Miraidon|Dazzling Gleam|p2b: Calyrex
|-damage|p2b: Calyrex|0 fnt
|faint|p2b: Calyrex
|
|win|Ranzo99
|n|☆Ranzo99|ranzo99
|n|☆Gurrasnurra5|gurrasnurra5
|n| St. Jude tour prep|stjudetourprep
|n| abysmalbox|abysmalbox
|n| SebasJck|sebasjck
