|j|☆sigmaligma69
|j|☆dasabei
|t:|1750865615
|gametype|doubles
|player|p1|sigmaligma69|2|1401
|player|p2|dasabei|169|1387
|teamsize|p1|6
|teamsize|p2|6
|gen|9
|tier|[Gen 9] VGC 2025 Reg I
|rated|
|rule|Species Clause: Limit one of each Pokémon
|rule|Item Clause: Limit 1 of each item
|clearpoke
|poke|p1|Zamazenta-*, L50|
|poke|p1|Chien-Pao, L50|
|poke|p1|Rillaboom, L50, F|
|poke|p1|Iron Valiant, L50|
|poke|p1|Raging Bolt, L50|
|poke|p1|Miraidon, L50|
|poke|p2|Calyrex-Ice, L50|
|poke|p2|Zamazenta-*, L50|
|poke|p2|Pelipper, L50, F|
|poke|p2|Urshifu-*, L50, F|
|poke|p2|Rillaboom, L50, F|
|poke|p2|Regieleki, L50|
|teampreview|4
|inactive|Battle timer is ON: inactive players will automatically lose when time's up. (requested by sigmaligma69)
|inactive|dasabei also wants the timer to be on.
|inactive|sigmaligma69 has 60 seconds left.
|
|t:|1750865666
|start
|switch|p1a: Iron Valiant|Iron Valiant, L50|100/100
|switch|p1b: Raging Bolt|Raging Bolt, L50|100/100
|switch|p2a: Regieleki|Regieleki, L50|100/100
|switch|p2b: Urshifu|Urshifu-Rapid-Strike, L50, F|100/100
|turn|1
|
|t:|1750865691
|-terastallize|p2b: Urshifu|Ghost
|move|p1b: Raging Bolt|Thunderclap|p2b: Urshifu
|-damage|p2b: Urshifu|44/100
|move|p2a: Regieleki|Explosion|p1a: Iron Valiant|[spread] p1a,p1b
|-immune|p2b: Urshifu
|-damage|p1a: Iron Valiant|29/100
|-damage|p1b: Raging Bolt|52/100
|faint|p2a: Regieleki
|move|p1a: Iron Valiant|Light Screen|p1a: Iron Valiant
|-sidestart|p1: sigmaligma69|move: Light Screen
|move|p2b: Urshifu|U-turn|p1a: Iron Valiant
|-resisted|p1a: Iron Valiant
|-damage|p1a: Iron Valiant|16/100
|
|t:|1750865700
|switch|p2b: Calyrex|Calyrex-Ice, L50|100/100|[from] U-turn
|-ability|p2b: Calyrex|As One
|-ability|p2b: Calyrex|Unnerve
|
|-heal|p1b: Raging Bolt|59/100|[from] item: Leftovers
|upkeep
|
|t:|1750865702
|switch|p2a: Zamazenta|Zamazenta-Crowned, L50, shiny|100/100
|-ability|p2a: Zamazenta|Dauntless Shield|boost
|-boost|p2a: Zamazenta|def|1
|turn|2
|inactive|sigmaligma69 has 30 seconds left.
|
|t:|1750865729
|move|p1a: Iron Valiant|Reflect|p1a: Iron Valiant
|-sidestart|p1: sigmaligma69|Reflect
|move|p2a: Zamazenta|Body Press|p1b: Raging Bolt
|-damage|p1b: Raging Bolt|18/100
|move|p1b: Raging Bolt|Thunderbolt|p2a: Zamazenta
|-damage|p2a: Zamazenta|68/100
|move|p2b: Calyrex|Trick Room|p2b: Calyrex
|-fieldstart|move: Trick Room|[of] p2b: Calyrex
|
|-heal|p1b: Raging Bolt|25/100|[from] item: Leftovers
|upkeep
|turn|3
|
|t:|1750865751
|move|p2a: Zamazenta|Protect|p2a: Zamazenta
|-singleturn|p2a: Zamazenta|Protect
|move|p1b: Raging Bolt|Thunderclap||[still]
|-fail|p1b: Raging Bolt
|move|p2b: Calyrex|Leech Seed|p1b: Raging Bolt
|-start|p1b: Raging Bolt|move: Leech Seed
|move|p1a: Iron Valiant|Moonblast|p2a: Zamazenta
|-activate|p2a: Zamazenta|move: Protect
|
|-heal|p1b: Raging Bolt|31/100|[from] item: Leftovers
|-damage|p1b: Raging Bolt|18/100|[from] Leech Seed|[of] p2b: Calyrex
|upkeep
|turn|4
|
|t:|1750865763
|move|p1b: Raging Bolt|Thunderclap|p2b: Calyrex
|-damage|p2b: Calyrex|74/100
|move|p2b: Calyrex|Glacial Lance|p1b: Raging Bolt|[spread] p1a,p1b
|-supereffective|p1b: Raging Bolt
|-crit|p1b: Raging Bolt
|-damage|p1a: Iron Valiant|0 fnt
|-damage|p1b: Raging Bolt|0 fnt
|faint|p1a: Iron Valiant
|-end|p1a: Iron Valiant|Quark Drive|[silent]
|faint|p1b: Raging Bolt
|-end|p1b: Raging Bolt|Protosynthesis|[silent]
|-ability|p2b: Calyrex|Chilling Neigh|boost
|-boost|p2b: Calyrex|atk|2
|move|p2a: Zamazenta|Heavy Slam|p1: Iron Valiant|[notarget]
|-fail|p2a: Zamazenta
|
|-heal|p2b: Calyrex|80/100|[from] item: Leftovers
|upkeep
|
|t:|1750865768
|switch|p1b: Miraidon|Miraidon, L50|100/100
|switch|p1a: Zamazenta|Zamazenta-Crowned, L50|100/100
|-ability|p1a: Zamazenta|Dauntless Shield|boost
|-boost|p1a: Zamazenta|def|1
|-fieldstart|move: Electric Terrain|[from] ability: Hadron Engine|[of] p1b: Miraidon
|turn|5
|
|t:|1750865790
|move|p2b: Calyrex|Leech Seed|p1a: Zamazenta
|-start|p1a: Zamazenta|move: Leech Seed
|move|p2a: Zamazenta|Body Press|p1b: Miraidon
|-damage|p1b: Miraidon|49/100
|move|p1a: Zamazenta|Imprison|p1a: Zamazenta
|-start|p1a: Zamazenta|move: Imprison
|move|p1b: Miraidon|Electro Drift|p2b: Calyrex
|-damage|p2b: Calyrex|0 fnt
|faint|p2b: Calyrex
|
|upkeep
|
|t:|1750865795
|switch|p2b: Urshifu|Urshifu-Rapid-Strike, L50, F, tera:Ghost|44/100
|turn|6
|
|t:|1750865812
|-terastallize|p1a: Zamazenta|Grass
|move|p1a: Zamazenta|Protect|p1a: Zamazenta
|-singleturn|p1a: Zamazenta|Protect
|move|p2a: Zamazenta|Wide Guard|p2a: Zamazenta
|-singleturn|p2a: Zamazenta|Wide Guard
|move|p2b: Urshifu|Surging Strikes|p1b: Miraidon
|-resisted|p1b: Miraidon
|-crit|p1b: Miraidon
|-damage|p1b: Miraidon|33/100
|-resisted|p1b: Miraidon
|-crit|p1b: Miraidon
|-damage|p1b: Miraidon|16/100
|-resisted|p1b: Miraidon
|-crit|p1b: Miraidon
|-damage|p1b: Miraidon|1/100
|-hitcount|p1b: Miraidon|3
|move|p1b: Miraidon|Electro Drift|p2a: Zamazenta
|-damage|p2a: Zamazenta|0 fnt
|faint|p2a: Zamazenta
|
|-damage|p1a: Zamazenta|88/100|[from] Leech Seed|[of] p2b: Urshifu
|-heal|p2b: Urshifu|57/100|[silent]
|-fieldend|move: Trick Room
|upkeep
|turn|7
|-message|dasabei forfeited.
|
|win|sigmaligma69
|raw|sigmaligma69's rating: 1401 &rarr; <strong>1420</strong><br />(+19 for winning)
|raw|dasabei's rating: 1387 &rarr; <strong>1368</strong><br />(-19 for losing)
|l|☆dasabei
|player|p2|
|l|☆sigmaligma69
|player|p1|
