|j|☆Blueyamadafr
|j|☆ibzdibz
|t:|1750738317
|gametype|doubles
|player|p1|Blueyamadafr|will|1307
|player|p2|ibzdibz|medium|1412
|teamsize|p1|6
|teamsize|p2|6
|gen|9
|tier|[Gen 9] VGC 2025 Reg I
|rated|
|rule|Species Clause: Limit one of each Pokémon
|rule|Item Clause: Limit 1 of each item
|clearpoke
|poke|p1|Terapagos, L50, M|
|poke|p1|Incineroar, L50, M|
|poke|p1|Tornadus, L50, M|
|poke|p1|Rillaboom, L50, M|
|poke|p1|Mienshao, L50, F|
|poke|p1|Calyrex-Shadow, L50|
|poke|p2|Zamazenta-*, L50|
|poke|p2|Calyrex-Ice, L50|
|poke|p2|Oranguru, L50, F|
|poke|p2|Urshifu-*, L50, F|
|poke|p2|Clefairy, L50, M|
|poke|p2|Ursaluna, L50, M|
|teampreview|4
|inactive|Battle timer is ON: inactive players will automatically lose when time's up. (requested by Blueyamadafr)
|inactive|ibzdibz has 60 seconds left.
Blueyamadafr has agreed to open team sheets.
|inactive|ibzdibz has 30 seconds left.
|
|t:|1750738377
|start
|switch|p1a: Calyrex|Calyrex-Shadow, L50|100/100
|switch|p1b: Incineroar|Incineroar, L50, M|100/100
|switch|p2a: Oranguru|Oranguru, L50, F|100/100
|switch|p2b: Ursaluna|Ursaluna, L50, M, shiny|100/100
|-ability|p1a: Calyrex|As One
|-ability|p1a: Calyrex|Unnerve
|-ability|p1b: Incineroar|Intimidate|boost
|-fail|p2a: Oranguru|unboost|Attack|[from] ability: Inner Focus|[of] p2a: Oranguru
|-unboost|p2b: Ursaluna|atk|1
|turn|1
|inactive|Blueyamadafr has 30 seconds left.
|inactive|ibzdibz has 30 seconds left.
|
|t:|1750738406
|switch|p1a: Terapagos|Terapagos, L50, M|100/100
|-activate|p1a: Terapagos|ability: Tera Shift
|detailschange|p1a: Terapagos|Terapagos-Terastal, L50, M
|-heal|p1a: Terapagos|100/100|[silent]
|switch|p1b: Mienshao|Mienshao, L50, F|100/100
|move|p2b: Ursaluna|Protect|p2b: Ursaluna
|-singleturn|p2b: Ursaluna|Protect
|move|p2a: Oranguru|Trick Room|p2a: Oranguru
|-fieldstart|move: Trick Room|[of] p2a: Oranguru
|
|-status|p2b: Ursaluna|brn|[from] item: Flame Orb
|upkeep
|turn|2
|inactive|ibzdibz has 30 seconds left.
|
|t:|1750738431
|move|p1b: Mienshao|Fake Out|p2b: Ursaluna
|-damage|p2b: Ursaluna|91/100 brn
|cant|p2b: Ursaluna|flinch
|move|p2a: Oranguru|Taunt|p1a: Terapagos
|-start|p1a: Terapagos|move: Taunt
|cant|p1a: Terapagos|move: Taunt|Calm Mind
|
|-damage|p2b: Ursaluna|85/100 brn|[from] brn
|upkeep
|turn|3
|
|t:|1750738453
|switch|p1a: Incineroar|Incineroar, L50, M|100/100
|-ability|p1a: Incineroar|Intimidate|boost
|-fail|p2a: Oranguru|unboost|Attack|[from] ability: Inner Focus|[of] p2a: Oranguru
|-unboost|p2b: Ursaluna|atk|1
|move|p2b: Ursaluna|Facade|p1a: Incineroar
|-damage|p1a: Incineroar|47/100
|move|p2a: Oranguru|Instruct|p2b: Ursaluna
|-singleturn|p2b: Ursaluna|move: Instruct|[of] p2a: Oranguru
|move|p2b: Ursaluna|Facade|p1a: Incineroar
|-damage|p1a: Incineroar|0 fnt
|faint|p1a: Incineroar
|move|p1b: Mienshao|High Jump Kick|p2b: Ursaluna
|-supereffective|p2b: Ursaluna
|-damage|p2b: Ursaluna|0 fnt
|faint|p2b: Ursaluna
|
|upkeep
|
|t:|1750738472
|switch|p2b: Calyrex|Calyrex-Ice, L50|100/100
|switch|p1a: Terapagos|Terapagos-Terastal, L50, M|100/100
|-ability|p2b: Calyrex|As One
|-ability|p2b: Calyrex|Unnerve
|turn|4
|
|t:|1750738490
|switch|p1a: Calyrex|Calyrex-Shadow, L50|100/100
|-ability|p1a: Calyrex|As One
|-ability|p1a: Calyrex|Unnerve
|move|p1b: Mienshao|Wide Guard|p1b: Mienshao
|-singleturn|p1b: Mienshao|Wide Guard
|move|p2a: Oranguru|Taunt|p1a: Calyrex
|-start|p1a: Calyrex|move: Taunt
|move|p2b: Calyrex|High Horsepower|p1a: Calyrex|[miss]
|-miss|p2b: Calyrex|p1a: Calyrex
|
|upkeep
|turn|5
|
|t:|1750738508
|switch|p1b: Terapagos|Terapagos-Terastal, L50, M|100/100
|-terastallize|p1a: Calyrex|Water
|move|p2a: Oranguru|Foul Play|p1a: Calyrex
|-damage|p1a: Calyrex|82/100
|move|p2b: Calyrex|High Horsepower|p1b: Terapagos
|-activate|p1b: Terapagos|ability: Tera Shell
|-resisted|p1b: Terapagos
|-damage|p1b: Terapagos|84/100
|move|p1a: Calyrex|Astral Barrage|p2b: Calyrex|[spread] p2b
|-immune|p2a: Oranguru
|-supereffective|p2b: Calyrex
|-damage|p2b: Calyrex|13/100
|-damage|p1a: Calyrex|72/100|[from] item: Life Orb
|
|-heal|p1b: Terapagos|90/100|[from] item: Leftovers
|-fieldend|move: Trick Room
|upkeep
|turn|6
|
|t:|1750738526
|move|p2b: Calyrex|Protect|p2b: Calyrex
|-singleturn|p2b: Calyrex|Protect
|move|p1a: Calyrex|Astral Barrage|p2a: Oranguru|[spread] 
|-activate|p2b: Calyrex|move: Protect
|-immune|p2a: Oranguru
|move|p1b: Terapagos|Calm Mind|p1b: Terapagos
|-boost|p1b: Terapagos|spa|1
|-boost|p1b: Terapagos|spd|1
|move|p2a: Oranguru|Trick Room|p2a: Oranguru
|-fieldstart|move: Trick Room|[of] p2a: Oranguru
|
|-heal|p1b: Terapagos|96/100|[from] item: Leftovers
|-end|p1a: Calyrex|move: Taunt
|upkeep
|turn|7
|
|t:|1750738548
|move|p1b: Terapagos|Protect|p1b: Terapagos
|-singleturn|p1b: Terapagos|Protect
|move|p2a: Oranguru|Taunt|p1b: Terapagos
|-activate|p1b: Terapagos|move: Protect
|move|p2b: Calyrex|Glacial Lance|p1b: Terapagos|[spread] p1a
|-activate|p1b: Terapagos|move: Protect
|-resisted|p1a: Calyrex
|-damage|p1a: Calyrex|39/100
|move|p1a: Calyrex|Astral Barrage|p2a: Oranguru|[spread] p2b
|-immune|p2a: Oranguru
|-supereffective|p2b: Calyrex
|-damage|p2b: Calyrex|0 fnt
|faint|p2b: Calyrex
|-ability|p1a: Calyrex|Grim Neigh|boost
|-boost|p1a: Calyrex|spa|1
|-damage|p1a: Calyrex|29/100|[from] item: Life Orb
|
|-heal|p1b: Terapagos|100/100|[from] item: Leftovers
|upkeep
|
|t:|1750738566
|switch|p2b: Clefairy|Clefairy, L50, M, shiny|100/100
|turn|8
|
|t:|1750738573
|move|p2b: Clefairy|Helping Hand|p2a: Oranguru
|-singleturn|p2a: Oranguru|Helping Hand|[of] p2b: Clefairy
|move|p2a: Oranguru|Foul Play|p1a: Calyrex
|-damage|p1a: Calyrex|5/100
|move|p1b: Terapagos|Tera Starstorm|p2b: Clefairy
|-damage|p2b: Clefairy|39/100
|move|p1a: Calyrex|Pollen Puff|p2a: Oranguru
|-supereffective|p2a: Oranguru
|-damage|p2a: Oranguru|29/100
|-damage|p1a: Calyrex|0 fnt|[from] item: Life Orb
|faint|p1a: Calyrex
|
|upkeep
|
|t:|1750738581
|switch|p1a: Mienshao|Mienshao, L50, F|100/100
|turn|9
|
|t:|1750738592
|move|p1a: Mienshao|Fake Out|p2b: Clefairy
|-damage|p2b: Clefairy|27/100
|cant|p2b: Clefairy|flinch
|move|p2a: Oranguru|Foul Play|p1a: Mienshao
|-resisted|p1a: Mienshao
|-damage|p1a: Mienshao|72/100
|move|p1b: Terapagos|Tera Starstorm|p2a: Oranguru
|-damage|p2a: Oranguru|0 fnt
|faint|p2a: Oranguru
|
|upkeep
|turn|10
|
|t:|1750738602
|move|p2b: Clefairy|Follow Me|p2b: Clefairy
|-singleturn|p2b: Clefairy|move: Follow Me
|move|p1b: Terapagos|Tera Starstorm|p2b: Clefairy
|-damage|p2b: Clefairy|0 fnt
|faint|p2b: Clefairy
|
|win|Blueyamadafr
|raw|Blueyamadafr's rating: 1307 &rarr; <strong>1333</strong><br />(+26 for winning)
|raw|ibzdibz's rating: 1412 &rarr; <strong>1386</strong><br />(-26 for losing)
|l|☆ibzdibz
|player|p2|
|l|☆Blueyamadafr
|player|p1|
