|j|☆COCCHI91
|j|☆skytreewow
|t:|1750842412
|gametype|doubles
|player|p1|COCCHI91|hilbert|1093
|player|p2|skytreewow|ethan|1175
|teamsize|p1|6
|teamsize|p2|6
|gen|9
|tier|[Gen 9] VGC 2025 Reg I
|rated|
|rule|Species Clause: Limit one of each Pokémon
|rule|Item Clause: Limit 1 of each item
|clearpoke
|poke|p1|Maushold-Four, L50|
|poke|p1|Annihilape, L50, M|
|poke|p1|Sinistcha-Masterpiece, L50|
|poke|p1|Zacian-*, L50|
|poke|p1|Ogerpon-Hearthflame, L50, F|
|poke|p1|Zamazenta-*, L50|
|poke|p2|Koraidon, L50|
|poke|p2|Brute Bonnet, L50|
|poke|p2|Groudon, L50|
|poke|p2|Ursaluna, L50, F|
|poke|p2|Incineroar, L50, M|
|poke|p2|Misdreavus, L50, F|
|teampreview|4
|inactive|Battle timer is ON: inactive players will automatically lose when time's up. (requested by COCCHI91)
COCCHI91 has agreed to open team sheets.
|inactive|skytreewow has 60 seconds left.
|
|t:|1750842463
|start
|switch|p1a: Annihilape|Annihilape, L50, M|100/100
|switch|p1b: Zamazenta|Zamazenta-Crowned, L50|100/100
|switch|p2a: Misdreavus|Misdreavus, L50, F|100/100
|switch|p2b: Ursaluna|Ursaluna, L50, F|100/100
|-ability|p1b: Zamazenta|Dauntless Shield|boost
|-boost|p1b: Zamazenta|def|1
|turn|1
|
|t:|1750842476
|move|p2b: Ursaluna|Protect|p2b: Ursaluna
|-singleturn|p2b: Ursaluna|Protect
|move|p1b: Zamazenta|Coaching|p1a: Annihilape
|-boost|p1a: Annihilape|atk|1
|-boost|p1a: Annihilape|def|1
|move|p1a: Annihilape|Bulk Up|p1a: Annihilape
|-boost|p1a: Annihilape|atk|1
|-boost|p1a: Annihilape|def|1
|move|p2a: Misdreavus|Trick Room|p2a: Misdreavus
|-fieldstart|move: Trick Room|[of] p2a: Misdreavus
|
|-status|p2b: Ursaluna|brn|[from] item: Flame Orb
|upkeep
|turn|2
|
|t:|1750842492
|move|p2b: Ursaluna|Earthquake|p1a: Annihilape|[spread] p1a,p1b
|-immune|p2a: Misdreavus|[from] ability: Levitate
|-supereffective|p1b: Zamazenta
|-damage|p1a: Annihilape|66/100
|-damage|p1b: Zamazenta|42/100
|move|p2a: Misdreavus|Shadow Ball|p1a: Annihilape
|-supereffective|p1a: Annihilape
|-damage|p1a: Annihilape|37/100
|move|p1a: Annihilape|Bulk Up|p1a: Annihilape
|-boost|p1a: Annihilape|atk|1
|-boost|p1a: Annihilape|def|1
|move|p1b: Zamazenta|Coaching|p1a: Annihilape
|-boost|p1a: Annihilape|atk|1
|-boost|p1a: Annihilape|def|1
|
|-heal|p1a: Annihilape|43/100|[from] item: Leftovers
|-damage|p2b: Ursaluna|95/100 brn|[from] brn
|upkeep
|turn|3
|inactive|COCCHI91 has 30 seconds left.
|
|t:|1750842518
|move|p1b: Zamazenta|Wide Guard|p1b: Zamazenta
|-singleturn|p1b: Zamazenta|Wide Guard
|move|p2b: Ursaluna|Earthquake|p1b: Zamazenta|[spread] 
|-activate|p1a: Annihilape|move: Wide Guard
|-activate|p1b: Zamazenta|move: Wide Guard
|-immune|p2a: Misdreavus|[from] ability: Levitate
|move|p2a: Misdreavus|Shadow Ball|p1a: Annihilape
|-supereffective|p1a: Annihilape
|-damage|p1a: Annihilape|10/100
|move|p1a: Annihilape|Drain Punch|p2b: Ursaluna
|-supereffective|p2b: Ursaluna
|-damage|p2b: Ursaluna|0 fnt
|-heal|p1a: Annihilape|62/100|[from] drain|[of] p2b: Ursaluna
|faint|p2b: Ursaluna
|
|-heal|p1a: Annihilape|68/100|[from] item: Leftovers
|upkeep
|
|t:|1750842535
|switch|p2b: Groudon|Groudon, L50|100/100
|-weather|SunnyDay|[from] ability: Drought|[of] p2b: Groudon
|turn|4
|
|t:|1750842542
|move|p2a: Misdreavus|Helping Hand|p2b: Groudon
|-singleturn|p2b: Groudon|Helping Hand|[of] p2a: Misdreavus
|move|p1b: Zamazenta|Wide Guard|p1b: Zamazenta
|-singleturn|p1b: Zamazenta|Wide Guard
|move|p1a: Annihilape|Rage Fist|p2b: Groudon
|-damage|p2b: Groudon|0 fnt
|faint|p2b: Groudon
|
|-weather|SunnyDay|[upkeep]
|-heal|p1a: Annihilape|74/100|[from] item: Leftovers
|upkeep
|
|t:|1750842547
|switch|p2b: Koraidon|Koraidon, L50|100/100
|-activate|p2b: Koraidon|ability: Orichalcum Pulse
|turn|5
|-message|skytreewow forfeited.
|
|win|COCCHI91
|raw|COCCHI91's rating: 1093 &rarr; <strong>1125</strong><br />(+32 for winning)
|raw|skytreewow's rating: 1175 &rarr; <strong>1144</strong><br />(-31 for losing)
|l|☆skytreewow
|player|p2|
|l|☆COCCHI91
|player|p1|
