|j|☆hpunkkk
|j|☆Yoohohohobrook
|t:|1750766637
|gametype|doubles
|player|p1|hpunkkk|265|1383
|player|p2|Yoohohohobrook|red|1430
|teamsize|p1|6
|teamsize|p2|6
|gen|9
|tier|[Gen 9] VGC 2025 Reg I
|rated|
|rule|Species Clause: Limit one of each Pokémon
|rule|Item Clause: Limit 1 of each item
|clearpoke
|poke|p1|Dragonite, L50, F|
|poke|p1|Zamazenta-*, L50|
|poke|p1|Lapras, L50, F|
|poke|p1|Calyrex-Ice, L50|
|poke|p1|Iron Hands, L50|
|poke|p1|Amoonguss, L50, M|
|poke|p2|Calyrex-Shadow, L50|
|poke|p2|Zamazenta-*, L50|
|poke|p2|Rillaboom, L50, F|
|poke|p2|Incineroar, L50, M|
|poke|p2|Regieleki, L50|
|poke|p2|Landorus, L50, M|
|teampreview|4
|inactive|Battle timer is ON: inactive players will automatically lose when time's up. (requested by Yoohohohobrook)
|inactive|hpunkkk also wants the timer to be on.
|
|t:|1750766663
|start
|switch|p1a: Zamazenta|Zamazenta-Crowned, L50|100/100
|switch|p1b: Dragonite|Dragonite, L50, F|100/100
|switch|p2a: Regieleki|Regieleki, L50|100/100
|switch|p2b: Zamazenta|Zamazenta-Crowned, L50|100/100
|-ability|p2b: Zamazenta|Dauntless Shield|boost
|-boost|p2b: Zamazenta|def|1
|-ability|p1a: Zamazenta|Dauntless Shield|boost
|-boost|p1a: Zamazenta|def|1
|turn|1
|
|t:|1750766680
|-terastallize|p2a: Regieleki|Normal
|move|p2b: Zamazenta|Protect|p2b: Zamazenta
|-singleturn|p2b: Zamazenta|Protect
|move|p1a: Zamazenta|Protect|p1a: Zamazenta
|-singleturn|p1a: Zamazenta|Protect
|move|p1b: Dragonite|Extreme Speed|p2a: Regieleki
|-damage|p2a: Regieleki|15/100
|move|p2a: Regieleki|Explosion|p1a: Zamazenta|[spread] p1b
|-activate|p2b: Zamazenta|move: Protect
|-activate|p1a: Zamazenta|move: Protect
|-damage|p1b: Dragonite|0 fnt
|faint|p2a: Regieleki
|faint|p1b: Dragonite
|
|upkeep
|
|t:|1750766700
|switch|p2a: Calyrex|Calyrex-Shadow, L50|100/100
|switch|p1b: Iron Hands|Iron Hands, L50|100/100
|-ability|p2a: Calyrex|As One
|-ability|p2a: Calyrex|Unnerve
|turn|2
|
|t:|1750766714
|move|p2a: Calyrex|Psychic|p1b: Iron Hands
|-supereffective|p1b: Iron Hands
|-damage|p1b: Iron Hands|28/100
|move|p2b: Zamazenta|Body Press|p1a: Zamazenta
|-supereffective|p1a: Zamazenta
|-damage|p1a: Zamazenta|46/100
|move|p1a: Zamazenta|Body Press|p2b: Zamazenta
|-supereffective|p2b: Zamazenta
|-damage|p2b: Zamazenta|55/100
|move|p1b: Iron Hands|Drain Punch|p2b: Zamazenta
|-supereffective|p2b: Zamazenta
|-damage|p2b: Zamazenta|27/100
|-heal|p1b: Iron Hands|39/100|[from] drain|[of] p2b: Zamazenta
|
|upkeep
|turn|3
|inactive|hpunkkk has 30 seconds left.
|
|t:|1750766745
|-terastallize|p1a: Zamazenta|Flying
|move|p1b: Iron Hands|Protect|p1b: Iron Hands
|-singleturn|p1b: Iron Hands|Protect
|move|p2a: Calyrex|Astral Barrage|p1b: Iron Hands|[spread] p1a
|-activate|p1b: Iron Hands|move: Protect
|-damage|p1a: Zamazenta|20/100
|move|p2b: Zamazenta|Body Press|p1a: Zamazenta
|-resisted|p1a: Zamazenta
|-damage|p1a: Zamazenta|7/100
|move|p1a: Zamazenta|Crunch|p2a: Calyrex
|-supereffective|p2a: Calyrex
|-crit|p2a: Calyrex
|-enditem|p2a: Calyrex|Focus Sash
|-damage|p2a: Calyrex|1/100
|
|upkeep
|turn|4
|
|t:|1750766764
|move|p1a: Zamazenta|Protect|p1a: Zamazenta
|-singleturn|p1a: Zamazenta|Protect
|move|p2a: Calyrex|Psychic|p1b: Iron Hands
|-supereffective|p1b: Iron Hands
|-damage|p1b: Iron Hands|0 fnt
|faint|p1b: Iron Hands
|-end|p1b: Iron Hands|Quark Drive|[silent]
|-ability|p2a: Calyrex|Grim Neigh|boost
|-boost|p2a: Calyrex|spa|1
|move|p2b: Zamazenta|Body Press|p1a: Zamazenta
|-activate|p1a: Zamazenta|move: Protect
|
|upkeep
|
|t:|1750766768
|switch|p1b: Lapras|Lapras, L50, F|100/100
|turn|5
|
|t:|1750766775
|move|p1b: Lapras|Ice Shard|p2a: Calyrex
|-damage|p2a: Calyrex|0 fnt
|faint|p2a: Calyrex
|move|p2b: Zamazenta|Body Press|p1a: Zamazenta
|-resisted|p1a: Zamazenta
|-damage|p1a: Zamazenta|0 fnt
|faint|p1a: Zamazenta
|
|upkeep
|
|t:|1750766781
|switch|p2a: Incineroar|Incineroar, L50, M|100/100
|-ability|p2a: Incineroar|Intimidate|boost
|-unboost|p1b: Lapras|atk|1
|turn|6
|
|t:|1750766785
|move|p1b: Lapras|Protect|p1b: Lapras
|-singleturn|p1b: Lapras|Protect
|move|p2a: Incineroar|Fake Out|p1b: Lapras
|-activate|p1b: Lapras|move: Protect
|move|p2b: Zamazenta|Body Press|p1b: Lapras
|-activate|p1b: Lapras|move: Protect
|
|upkeep
|turn|7
|
|t:|1750766794
|move|p2b: Zamazenta|Protect|p2b: Zamazenta
|-singleturn|p2b: Zamazenta|Protect
|move|p2a: Incineroar|Knock Off|p1b: Lapras|[miss]
|-miss|p2a: Incineroar|p1b: Lapras
|move|p1b: Lapras|Horn Drill|p2b: Zamazenta
|-activate|p2b: Zamazenta|move: Protect
|
|upkeep
|turn|8
|
|t:|1750766803
|move|p2b: Zamazenta|Body Press|p1b: Lapras|[miss]
|-miss|p2b: Zamazenta|p1b: Lapras
|move|p2a: Incineroar|Knock Off|p1b: Lapras
|-damage|p1b: Lapras|74/100
|-enditem|p1b: Lapras|Bright Powder|[from] move: Knock Off|[of] p2a: Incineroar
|move|p1b: Lapras|Horn Drill|p2b: Zamazenta|[miss]
|-miss|p1b: Lapras|p2b: Zamazenta
|
|upkeep
|turn|9
|-message|hpunkkk forfeited.
|
|win|Yoohohohobrook
|raw|hpunkkk's rating: 1383 &rarr; <strong>1366</strong><br />(-17 for losing)
|raw|Yoohohohobrook's rating: 1430 &rarr; <strong>1447</strong><br />(+17 for winning)
|l|☆hpunkkk
|player|p1|
|l|☆Yoohohohobrook
|player|p2|
