|j|☆Domia22
|j|☆SwagbossVillage
|t:|1750743653
|gametype|doubles
|player|p1|Domia22|skyla|1243
|player|p2|SwagbossVillage|1|1139
|teamsize|p1|6
|teamsize|p2|6
|gen|9
|tier|[Gen 9] VGC 2025 Reg I
|rated|
|rule|Species Clause: Limit one of each Pokémon
|rule|Item Clause: Limit 1 of each item
|clearpoke
|poke|p1|Calyrex-Ice, L50|
|poke|p1|Lunala, L50|
|poke|p1|Indeedee-F, L50, F|
|poke|p1|Torkoal, L50, F|
|poke|p1|Annihilape, L50, F|
|poke|p1|Brute Bonnet, L50|
|poke|p2|Sylveon, L50, F|
|poke|p2|Iron Hands, L50|
|poke|p2|Koraidon, L50|
|poke|p2|Calyrex-Shadow, L50|
|poke|p2|Gallade, L50, M|
|poke|p2|Ogerpon-Wellspring, L50, F|
|teampreview|4
|
|t:|1750743664
|start
|switch|p1a: Calyrex|Calyrex-Ice, L50|100/100
|switch|p1b: Indeedee|Indeedee-F, L50, F|100/100
|switch|p2a: Sylveon|Sylveon, L50, F|100/100
|switch|p2b: Calyrex|Calyrex-Shadow, L50|100/100
|-ability|p2b: Calyrex|As One
|-ability|p2b: Calyrex|Unnerve
|-ability|p1a: Calyrex|As One
|-ability|p1a: Calyrex|Unnerve
|-fieldstart|move: Psychic Terrain|[from] ability: Psychic Surge|[of] p1b: Indeedee
|turn|1
|
|t:|1750743689
|move|p1b: Indeedee|Follow Me|p1b: Indeedee
|-singleturn|p1b: Indeedee|move: Follow Me
|move|p2b: Calyrex|Astral Barrage|p1b: Indeedee|[spread] p1a
|-immune|p1b: Indeedee
|-supereffective|p1a: Calyrex
|-damage|p1a: Calyrex|25/100
|move|p2a: Sylveon|Charm|p1b: Indeedee
|-unboost|p1b: Indeedee|atk|2
|move|p1a: Calyrex|Trick Room|p1a: Calyrex
|-fieldstart|move: Trick Room|[of] p1a: Calyrex
|
|upkeep
|turn|2
|
|t:|1750743710
|move|p1b: Indeedee|Helping Hand|p1a: Calyrex
|-singleturn|p1a: Calyrex|Helping Hand|[of] p1b: Indeedee
|move|p1a: Calyrex|Glacial Lance|p2a: Sylveon|[spread] p2a,p2b
|-crit|p2b: Calyrex
|-damage|p2a: Sylveon|0 fnt
|-damage|p2b: Calyrex|0 fnt
|faint|p2a: Sylveon
|faint|p2b: Calyrex
|-ability|p1a: Calyrex|Chilling Neigh|boost
|-boost|p1a: Calyrex|atk|2
|
|upkeep
|
|t:|1750743720
|switch|p2a: Koraidon|Koraidon, L50|100/100
|switch|p2b: Gallade|Gallade, L50, M|100/100
|-weather|SunnyDay|[from] ability: Orichalcum Pulse|[of] p2a: Koraidon
|-activate|p2a: Koraidon|Orichalcum Pulse|[source]
|turn|3
|
|t:|1750743732
|move|p1b: Indeedee|Helping Hand|p1a: Calyrex
|-singleturn|p1a: Calyrex|Helping Hand|[of] p1b: Indeedee
|move|p2b: Gallade|Wide Guard|p2b: Gallade
|-singleturn|p2b: Gallade|Wide Guard
|move|p1a: Calyrex|Glacial Lance|p2b: Gallade|[spread] 
|-activate|p2a: Koraidon|move: Wide Guard
|-activate|p2b: Gallade|move: Wide Guard
|move|p2a: Koraidon|Close Combat|p1b: Indeedee
|-damage|p1b: Indeedee|0 fnt
|-unboost|p2a: Koraidon|def|1
|-unboost|p2a: Koraidon|spd|1
|faint|p1b: Indeedee
|-damage|p2a: Koraidon|91/100|[from] item: Life Orb
|
|-weather|SunnyDay|[upkeep]
|upkeep
|
|t:|1750743754
|switch|p1b: Torkoal|Torkoal, L50, F|100/100
|turn|4
|
|t:|1750743763
|-terastallize|p1b: Torkoal|Fire
|move|p2b: Gallade|Wide Guard|p2b: Gallade
|-singleturn|p2b: Gallade|Wide Guard
|move|p1b: Torkoal|Flamethrower|p2b: Gallade
|-damage|p2b: Gallade|2/100
|move|p1a: Calyrex|Close Combat|p2a: Koraidon
|-damage|p2a: Koraidon|0 fnt
|-unboost|p1a: Calyrex|def|1
|-unboost|p1a: Calyrex|spd|1
|faint|p2a: Koraidon
|-ability|p1a: Calyrex|Chilling Neigh|boost
|-boost|p1a: Calyrex|atk|1
|
|-weather|SunnyDay|[upkeep]
|upkeep
|turn|5
|-message|SwagbossVillage forfeited.
|
|win|Domia22
|raw|Domia22's rating: 1243 &rarr; <strong>1261</strong><br />(+18 for winning)
|raw|SwagbossVillage's rating: 1139 &rarr; <strong>1121</strong><br />(-18 for losing)
|l|☆SwagbossVillage
|player|p2|
|l|☆Domia22
|player|p1|
