|j|☆alethor
|j|☆Khadreck89
|t:|1750848046
|gametype|doubles
|player|p1|alethor|gambler|1102
|player|p2|Khadreck89|hilbert-wonderlauncher|1110
|teamsize|p1|6
|teamsize|p2|6
|gen|9
|tier|[Gen 9] VGC 2025 Reg I
|rated|
|rule|Species Clause: Limit one of each Pokémon
|rule|Item Clause: Limit 1 of each item
|clearpoke
|poke|p1|Primarina, L50, M|
|poke|p1|Gothitelle, L50, M|
|poke|p1|Grimmsnarl, L50, M|
|poke|p1|Flutter Mane, L50|
|poke|p1|Dugtrio, L50, F|
|poke|p1|Clefairy, L50, M|
|poke|p2|Kyogre, L50|
|poke|p2|Zamazenta-*, L50|
|poke|p2|Ogerpon, L50, F|
|poke|p2|Whimsicott, L50, M|
|poke|p2|Urshifu-*, L50, F|
|poke|p2|Kingambit, L50, M|
|teampreview|4
|inactive|Battle timer is ON: inactive players will automatically lose when time's up. (requested by Khadreck89)
|inactive|alethor also wants the timer to be on.
Khadreck89 rejected open team sheets.
|
|t:|1750848065
|start
|switch|p1a: Primarina|Primarina, L50, M|100/100
|switch|p1b: Gothitelle|Gothitelle, L50, M|100/100
|switch|p2a: Kyogre|Kyogre, L50|100/100
|switch|p2b: Urshifu|Urshifu-Rapid-Strike, L50, F|100/100
|-weather|RainDance|[from] ability: Drizzle|[of] p2a: Kyogre
|turn|1
|
|t:|1750848089
|move|p1b: Gothitelle|Fake Out|p2a: Kyogre
|-damage|p2a: Kyogre|95/100
|move|p1a: Primarina|Perish Song|p1a: Primarina
|-start|p1a: Primarina|perish3|[silent]
|-start|p1b: Gothitelle|perish3|[silent]
|-start|p2a: Kyogre|perish3|[silent]
|-start|p2b: Urshifu|perish3|[silent]
|-fieldactivate|move: Perish Song
|cant|p2a: Kyogre|flinch
|move|p2b: Urshifu|Surging Strikes|p1a: Primarina
|-resisted|p1a: Primarina
|-crit|p1a: Primarina
|-damage|p1a: Primarina|80/100
|-resisted|p1a: Primarina
|-crit|p1a: Primarina
|-damage|p1a: Primarina|58/100
|-resisted|p1a: Primarina
|-crit|p1a: Primarina
|-damage|p1a: Primarina|37/100
|-hitcount|p1a: Primarina|3
|
|-weather|RainDance|[upkeep]
|-heal|p1a: Primarina|43/100|[from] item: Leftovers
|-start|p1a: Primarina|perish3
|-start|p2a: Kyogre|perish3
|-start|p2b: Urshifu|perish3
|-start|p1b: Gothitelle|perish3
|upkeep
|turn|2
|inactive|alethor has 30 seconds left.
|
|t:|1750848116
|move|p1a: Primarina|Protect|p1a: Primarina
|-singleturn|p1a: Primarina|Protect
|move|p1b: Gothitelle|Protect|p1b: Gothitelle
|-singleturn|p1b: Gothitelle|Protect
|move|p2a: Kyogre|Origin Pulse|p1b: Gothitelle|[spread] 
|-activate|p1a: Primarina|move: Protect
|-activate|p1b: Gothitelle|move: Protect
|move|p2b: Urshifu|Surging Strikes|p1b: Gothitelle
|-crit|p1b: Gothitelle
|-damage|p1b: Gothitelle|63/100
|-damage|p2b: Urshifu|84/100|[from] item: Rocky Helmet|[of] p1b: Gothitelle
|-crit|p1b: Gothitelle
|-damage|p1b: Gothitelle|25/100
|-damage|p2b: Urshifu|67/100|[from] item: Rocky Helmet|[of] p1b: Gothitelle
|-crit|p1b: Gothitelle
|-damage|p1b: Gothitelle|0 fnt
|-damage|p2b: Urshifu|51/100|[from] item: Rocky Helmet|[of] p1b: Gothitelle
|faint|p1b: Gothitelle
|-hitcount|p1: Gothitelle|3
|
|-weather|RainDance|[upkeep]
|-heal|p1a: Primarina|49/100|[from] item: Leftovers
|-start|p1a: Primarina|perish2
|-start|p2b: Urshifu|perish2
|-start|p2a: Kyogre|perish2
|upkeep
|
|t:|1750848135
|switch|p1b: Dugtrio|Dugtrio, L50, F|100/100
|turn|3
|inactive|alethor has 30 seconds left.
|
|t:|1750848164
|move|p1b: Dugtrio|Dig||[still]
|-prepare|p1b: Dugtrio|Dig
|move|p1a: Primarina|Hyper Voice|p2b: Urshifu|[spread] p2a,p2b
|-resisted|p2a: Kyogre
|-resisted|p2b: Urshifu
|-damage|p2a: Kyogre|82/100
|-damage|p2b: Urshifu|25/100
|move|p2a: Kyogre|Ice Beam|p1a: Primarina
|-resisted|p1a: Primarina
|-damage|p1a: Primarina|36/100
|move|p2b: Urshifu|Surging Strikes|p1b: Dugtrio|[miss]
|-miss|p2b: Urshifu|p1b: Dugtrio
|
|-weather|RainDance|[upkeep]
|-heal|p1a: Primarina|42/100|[from] item: Leftovers
|-start|p1a: Primarina|perish1
|-start|p2a: Kyogre|perish1
|-start|p2b: Urshifu|perish1
|upkeep
|turn|4
|inactive|alethor has 30 seconds left.
|
|t:|1750848190
|move|p1a: Primarina|Protect|p1a: Primarina
|-singleturn|p1a: Primarina|Protect
|move|p1b: Dugtrio|Dig|p2b: Urshifu|[from] lockedmove
|-damage|p2b: Urshifu|0 fnt
|faint|p2b: Urshifu
|move|p2a: Kyogre|Ice Beam|p1b: Dugtrio
|-supereffective|p1b: Dugtrio
|-enditem|p1b: Dugtrio|Focus Sash
|-damage|p1b: Dugtrio|1/100
|
|-weather|RainDance|[upkeep]
|-heal|p1a: Primarina|48/100|[from] item: Leftovers
|-start|p1a: Primarina|perish0
|-start|p2a: Kyogre|perish0
|faint|p1a: Primarina
|faint|p2a: Kyogre
|upkeep
|
|t:|1750848211
|switch|p1a: Flutter Mane|Flutter Mane, L50|100/100
|switch|p2a: Ogerpon|Ogerpon, L50, F|100/100
|switch|p2b: Zamazenta|Zamazenta-Crowned, L50|100/100
|-ability|p2b: Zamazenta|Dauntless Shield|boost
|-boost|p2b: Zamazenta|def|1
|-enditem|p1a: Flutter Mane|Booster Energy
|-activate|p1a: Flutter Mane|ability: Protosynthesis|[fromitem]
|-start|p1a: Flutter Mane|protosynthesisspe
|turn|5
|
|t:|1750848229
|move|p1b: Dugtrio|Protect|p1b: Dugtrio
|-singleturn|p1b: Dugtrio|Protect
|move|p2a: Ogerpon|Follow Me|p2a: Ogerpon
|-singleturn|p2a: Ogerpon|move: Follow Me
|move|p1a: Flutter Mane|Perish Song|p1a: Flutter Mane
|-start|p1a: Flutter Mane|perish3|[silent]
|-start|p1b: Dugtrio|perish3|[silent]
|-start|p2a: Ogerpon|perish3|[silent]
|-start|p2b: Zamazenta|perish3|[silent]
|-fieldactivate|move: Perish Song
|move|p2b: Zamazenta|Heavy Slam|p1a: Flutter Mane
|-supereffective|p1a: Flutter Mane
|-crit|p1a: Flutter Mane
|-damage|p1a: Flutter Mane|0 fnt
|faint|p1a: Flutter Mane
|-end|p1a: Flutter Mane|Protosynthesis|[silent]
|
|-weather|none
|-start|p1b: Dugtrio|perish3
|-start|p2b: Zamazenta|perish3
|-start|p2a: Ogerpon|perish3
|upkeep
|turn|6
|
|t:|1750848246
|move|p2a: Ogerpon|Follow Me|p2a: Ogerpon
|-singleturn|p2a: Ogerpon|move: Follow Me
|move|p1b: Dugtrio|Dig||[still]
|-prepare|p1b: Dugtrio|Dig
|move|p2b: Zamazenta|Body Press|p1b: Dugtrio|[miss]
|-miss|p2b: Zamazenta|p1b: Dugtrio
|
|-start|p1b: Dugtrio|perish2
|-start|p2b: Zamazenta|perish2
|-start|p2a: Ogerpon|perish2
|upkeep
|turn|7
|
|t:|1750848258
|move|p2a: Ogerpon|Follow Me|p2a: Ogerpon
|-singleturn|p2a: Ogerpon|move: Follow Me
|move|p1b: Dugtrio|Dig|p2a: Ogerpon|[from] lockedmove
|-resisted|p2a: Ogerpon
|-damage|p2a: Ogerpon|86/100
|move|p2b: Zamazenta|Body Press|p1b: Dugtrio
|-damage|p1b: Dugtrio|0 fnt
|faint|p1b: Dugtrio
|
|win|Khadreck89
|raw|alethor's rating: 1102 &rarr; <strong>1078</strong><br />(-24 for losing)
|raw|Khadreck89's rating: 1110 &rarr; <strong>1134</strong><br />(+24 for winning)
|l|☆alethor
|player|p1|
|l|☆Khadreck89
|player|p2|
