|j|☆bman3116
|j|☆SneaselpinkVGC
|t:|1750812828
|gametype|doubles
|player|p1|bman3116|elesa-masters|1586
|player|p2|SneaselpinkVGC|silver|1500
|teamsize|p1|6
|teamsize|p2|6
|gen|9
|tier|[Gen 9] VGC 2025 Reg I
|rated|
|rule|Species Clause: Limit one of each Pokémon
|rule|Item Clause: Limit 1 of each item
|clearpoke
|poke|p1|Miraidon, L50|
|poke|p1|Lunala, L50|
|poke|p1|Incineroar, L50, F|
|poke|p1|Ursaluna, L50, M|
|poke|p1|Urshifu-*, L50, F|
|poke|p1|Whimsicott, L50, M|
|poke|p2|Kyogre, L50|
|poke|p2|Tornadus, L50, M|
|poke|p2|Zamazenta-*, L50|
|poke|p2|Chien-Pao, L50|
|poke|p2|Rillaboom, L50, M|
|poke|p2|Landorus, L50, M|
|teampreview|4
|inactive|Battle timer is ON: inactive players will automatically lose when time's up. (requested by bman3116)
|inactive|SneaselpinkVGC has 60 seconds left.
|
|t:|1750812869
|start
|switch|p1a: Lunala|Lunala, L50|100/100
|switch|p1b: Urshifu|Urshifu-Rapid-Strike, L50, F|100/100
|switch|p2a: Tornadus|Tornadus, L50, M|100/100
|switch|p2b: Kyogre|Kyogre, L50|100/100
|-weather|RainDance|[from] ability: Drizzle|[of] p2b: Kyogre
|turn|1
|
|t:|1750812890
|-terastallize|p2b: Kyogre|Electric
|move|p1a: Lunala|Wide Guard|p1a: Lunala
|-singleturn|p1a: Lunala|Wide Guard
|move|p2a: Tornadus|Tailwind|p2a: Tornadus
|-sidestart|p2: SneaselpinkVGC|move: Tailwind
|move|p2b: Kyogre|Thunder|p1b: Urshifu
|-supereffective|p1b: Urshifu
|-damage|p1b: Urshifu|0 fnt
|faint|p1b: Urshifu
|
|-weather|RainDance|[upkeep]
|upkeep
|
|t:|1750812899
|switch|p1b: Miraidon|Miraidon, L50|100/100
|-fieldstart|move: Electric Terrain|[from] ability: Hadron Engine|[of] p1b: Miraidon
|-enditem|p1a: Lunala|Electric Seed
|-boost|p1a: Lunala|def|1|[from] item: Electric Seed
|turn|2
|
|t:|1750812921
|move|p2a: Tornadus|Taunt|p1a: Lunala
|-start|p1a: Lunala|move: Taunt
|move|p2b: Kyogre|Water Spout|p1a: Lunala|[spread] p1a,p1b
|-resisted|p1b: Miraidon
|-damage|p1a: Lunala|57/100
|-damage|p1b: Miraidon|44/100
|move|p1b: Miraidon|Volt Switch|p2a: Tornadus
|-supereffective|p2a: Tornadus
|-damage|p2a: Tornadus|0 fnt
|faint|p2a: Tornadus
|
|t:|1750812923
|switch|p1b: Ursaluna|Ursaluna, L50, M|100/100|[from] Volt Switch
|cant|p1a: Lunala|move: Taunt|Trick Room
|
|-weather|RainDance|[upkeep]
|-status|p1b: Ursaluna|brn|[from] item: Flame Orb
|upkeep
|
|t:|1750812940
|switch|p2a: Chien-Pao|Chien-Pao, L50|100/100
|-ability|p2a: Chien-Pao|Sword of Ruin
|turn|3
|
|t:|1750812950
|switch|p1a: Miraidon|Miraidon, L50|44/100
|-activate|p1a: Miraidon|ability: Hadron Engine
|move|p1b: Ursaluna|Protect|p1b: Ursaluna
|-singleturn|p1b: Ursaluna|Protect
|move|p2a: Chien-Pao|Ice Spinner|p1b: Ursaluna
|-activate|p1b: Ursaluna|move: Protect
|move|p2b: Kyogre|Water Spout|p1b: Ursaluna|[spread] p1a
|-activate|p1b: Ursaluna|move: Protect
|-resisted|p1a: Miraidon
|-damage|p1a: Miraidon|0 fnt
|faint|p1a: Miraidon
|
|-weather|RainDance|[upkeep]
|-damage|p1b: Ursaluna|95/100 brn|[from] brn
|upkeep
|
|t:|1750812958
|switch|p1a: Lunala|Lunala, L50|57/100
|turn|4
|inactive|SneaselpinkVGC has 30 seconds left.
|
|t:|1750812987
|-terastallize|p1b: Ursaluna|Ghost
|move|p2b: Kyogre|Protect|p2b: Kyogre
|-singleturn|p2b: Kyogre|Protect
|move|p1a: Lunala|Wide Guard|p1a: Lunala
|-singleturn|p1a: Lunala|Wide Guard
|move|p2a: Chien-Pao|Ice Spinner|p1b: Ursaluna
|-damage|p1b: Ursaluna|58/100 brn
|-fieldend|move: Electric Terrain
|move|p1b: Ursaluna|Earthquake|p2b: Kyogre|[spread] p2a
|-activate|p1a: Lunala|move: Wide Guard
|-activate|p2b: Kyogre|move: Protect
|-damage|p2a: Chien-Pao|2/100
|
|-weather|RainDance|[upkeep]
|-damage|p1b: Ursaluna|53/100 brn|[from] brn
|-sideend|p2: SneaselpinkVGC|move: Tailwind
|upkeep
|turn|5
|
|t:|1750813007
|move|p1b: Ursaluna|Protect|p1b: Ursaluna
|-singleturn|p1b: Ursaluna|Protect
|move|p2a: Chien-Pao|Sucker Punch||[still]
|-fail|p2a: Chien-Pao
|move|p2b: Kyogre|Water Spout|p1a: Lunala|[spread] p1a
|-activate|p1b: Ursaluna|move: Protect
|-damage|p1a: Lunala|0 fnt
|faint|p1a: Lunala
|
|-weather|none
|-damage|p1b: Ursaluna|47/100 brn|[from] brn
|upkeep
|turn|6
|-message|bman3116 forfeited.
|
|win|SneaselpinkVGC
|raw|bman3116's rating: 1586 &rarr; <strong>1561</strong><br />(-25 for losing)
|raw|SneaselpinkVGC's rating: 1500 &rarr; <strong>1525</strong><br />(+25 for winning)
