|j|☆mauveracor
|j|☆phatyoloswag
|t:|1750747558
|gametype|doubles
|player|p1|mauveracor|101|1307
|player|p2|phatyoloswag|170|1194
|teamsize|p1|6
|teamsize|p2|6
|gen|9
|tier|[Gen 9] VGC 2025 Reg I
|rated|
|rule|Species Clause: Limit one of each Pokémon
|rule|Item Clause: Limit 1 of each item
|clearpoke
|poke|p1|Grafaiai, L50, M|
|poke|p1|Zacian-*, L50|
|poke|p1|Lunala, L50|
|poke|p1|Amoonguss, L50, F|
|poke|p1|Rillaboom, L50, F|
|poke|p1|Ursaluna-Bloodmoon, L50, M|
|poke|p2|Volcarona, L50, F|
|poke|p2|Lunala, L50|
|poke|p2|Oranguru, L50, M|
|poke|p2|Miraidon, L50|
|poke|p2|Iron Treads, L50|
|poke|p2|Zapdos-Galar, L50|
|teampreview|4
|inactive|Battle timer is ON: inactive players will automatically lose when time's up. (requested by mauveracor)
|inactive|phatyoloswag also wants the timer to be on.
|inactive|phatyoloswag has 60 seconds left.
|inactive|phatyoloswag has 30 seconds left.
|
|t:|1750747621
|start
|switch|p1a: Grafaiai|Grafaiai, L50, M|100/100
|switch|p1b: Lunala|Lunala, L50|100/100
|switch|p2a: Oranguru|Oranguru, L50, M|100/100
|switch|p2b: Volcarona|Volcarona, L50, F|100/100
|turn|1
|
|t:|1750747641
|move|p1a: Grafaiai|Knock Off|p2a: Oranguru
|-supereffective|p2a: Oranguru
|-damage|p2a: Oranguru|64/100
|-enditem|p2a: Oranguru|Leftovers|[from] move: Knock Off|[of] p1a: Grafaiai
|move|p2b: Volcarona|Quiver Dance|p2b: Volcarona
|-boost|p2b: Volcarona|spa|1
|-boost|p2b: Volcarona|spd|1
|-boost|p2b: Volcarona|spe|1
|move|p1b: Lunala|Meteor Beam||[still]
|-prepare|p1b: Lunala|Meteor Beam
|-boost|p1b: Lunala|spa|1
|-enditem|p1b: Lunala|Power Herb
|-anim|p1b: Lunala|Meteor Beam|p2b: Volcarona
|-supereffective|p2b: Volcarona
|-damage|p2b: Volcarona|0 fnt
|faint|p2b: Volcarona
|move|p2a: Oranguru|Instruct|p2: Volcarona|[notarget]
|-fail|p2a: Oranguru
|
|upkeep
|
|t:|1750747661
|switch|p2b: Lunala|Lunala, L50|100/100
|turn|2
|
|t:|1750747675
|-terastallize|p2b: Lunala|Psychic
|-terastallize|p1b: Lunala|Fairy
|move|p1a: Grafaiai|Knock Off|p2b: Lunala
|-supereffective|p2b: Lunala
|-damage|p2b: Lunala|82/100
|-enditem|p2b: Lunala|Power Herb|[from] move: Knock Off|[of] p1a: Grafaiai
|move|p2b: Lunala|Calm Mind|p2b: Lunala
|-boost|p2b: Lunala|spa|1
|-boost|p2b: Lunala|spd|1
|move|p1b: Lunala|Moonblast|p2a: Oranguru
|-damage|p2a: Oranguru|0 fnt
|faint|p2a: Oranguru
|
|upkeep
|
|t:|1750747690
|switch|p2a: Zapdos|Zapdos-Galar, L50|100/100
|turn|3
|
|t:|1750747712
|move|p1a: Grafaiai|Scary Face|p2a: Zapdos
|-unboost|p2a: Zapdos|spe|2
|-ability|p2a: Zapdos|Defiant|boost
|-boost|p2a: Zapdos|atk|2
|move|p2b: Lunala|Moongeist Beam|p1b: Lunala
|-damage|p1b: Lunala|77/100
|move|p1b: Lunala|Moonblast|p2a: Zapdos
|-supereffective|p2a: Zapdos
|-enditem|p2a: Zapdos|Focus Sash
|-damage|p2a: Zapdos|1/100
|-unboost|p2a: Zapdos|spa|1
|-ability|p2a: Zapdos|Defiant|boost
|-boost|p2a: Zapdos|atk|2
|move|p2a: Zapdos|Tailwind|p2a: Zapdos
|-sidestart|p2: phatyoloswag|move: Tailwind
|
|upkeep
|turn|4
|inactive|mauveracor has 30 seconds left.
|inactive|phatyoloswag has 30 seconds left.
|
|t:|1750747740
|move|p1a: Grafaiai|Scary Face|p2a: Zapdos
|-unboost|p2a: Zapdos|spe|2
|-ability|p2a: Zapdos|Defiant|boost
|-boost|p2a: Zapdos|atk|2
|move|p2b: Lunala|Moongeist Beam|p1b: Lunala
|-damage|p1b: Lunala|31/100
|move|p1b: Lunala|Moongeist Beam|p2b: Lunala
|-supereffective|p2b: Lunala
|-damage|p2b: Lunala|21/100
|move|p2a: Zapdos|Thunderous Kick|p1a: Grafaiai
|-damage|p1a: Grafaiai|0 fnt
|faint|p1a: Grafaiai
|
|upkeep
|
|t:|1750747756
|switch|p1a: Rillaboom|Rillaboom, L50, F|100/100
|-fieldstart|move: Grassy Terrain|[from] ability: Grassy Surge|[of] p1a: Rillaboom
|turn|5
|
|t:|1750747767
|move|p1a: Rillaboom|Fake Out|p2b: Lunala
|-damage|p2b: Lunala|10/100
|cant|p2b: Lunala|flinch
|move|p1b: Lunala|Moonblast|p2a: Zapdos
|-supereffective|p2a: Zapdos
|-damage|p2a: Zapdos|0 fnt
|faint|p2a: Zapdos
|
|-heal|p2b: Lunala|16/100|[from] Grassy Terrain
|-heal|p1b: Lunala|37/100|[from] Grassy Terrain
|upkeep
|turn|6
|
|t:|1750747781
|move|p1a: Rillaboom|Grassy Glide|p2b: Lunala
|-damage|p2b: Lunala|0 fnt
|faint|p2b: Lunala
|
|win|mauveracor
|raw|mauveracor's rating: 1307 &rarr; <strong>1321</strong><br />(+14 for winning)
|raw|phatyoloswag's rating: 1194 &rarr; <strong>1177</strong><br />(-17 for losing)
|l|☆mauveracor
|player|p1|
