|j|☆lordofthebagels89
|j|☆knucklee
|t:|1750843992
|gametype|doubles
|player|p1|lordofthebagels89|lucian|1324
|player|p2|knucklee|266|1417
|teamsize|p1|6
|teamsize|p2|6
|gen|9
|tier|[Gen 9] VGC 2025 Reg I
|rated|
|rule|Species Clause: Limit one of each Pokémon
|rule|Item Clause: Limit 1 of each item
|clearpoke
|poke|p1|Giratina-Origin, L50|
|poke|p1|Zamazenta-*, L50|
|poke|p1|Incineroar, L50, F|
|poke|p1|Rillaboom, L50, M|
|poke|p1|Urshifu-*, L50, F|
|poke|p1|Grimmsnarl, L50, M|
|poke|p2|Koraidon, L50|
|poke|p2|Flutter Mane, L50|
|poke|p2|Gothitelle, L50, F|
|poke|p2|Incineroar, L50, F|
|poke|p2|Amoonguss, L50, F|
|poke|p2|Calyrex-Shadow, L50|
|teampreview|4
|inactive|Battle timer is ON: inactive players will automatically lose when time's up. (requested by knucklee)
|inactive|lordofthebagels89 has 60 seconds left.
|
|t:|1750844039
|start
|switch|p1a: Wolfey|Incineroar, L50, F, shiny|100/100
|switch|p1b: Princess|Giratina-Origin, L50, shiny|100/100
|switch|p2a: Flutter Mane|Flutter Mane, L50|100/100
|switch|p2b: Koraidon|Koraidon, L50|100/100
|-weather|SunnyDay|[from] ability: Orichalcum Pulse|[of] p2b: Koraidon
|-activate|p2a: Flutter Mane|ability: Protosynthesis
|-start|p2a: Flutter Mane|protosynthesisspe
|-activate|p2b: Koraidon|Orichalcum Pulse|[source]
|-ability|p1a: Wolfey|Intimidate|boost
|-unboost|p2a: Flutter Mane|atk|1
|-unboost|p2b: Koraidon|atk|1
|turn|1
|inactive|lordofthebagels89 has 30 seconds left.
|
|t:|1750844071
|move|p2a: Flutter Mane|Protect|p2a: Flutter Mane
|-singleturn|p2a: Flutter Mane|Protect
|move|p2b: Koraidon|Protect|p2b: Koraidon
|-singleturn|p2b: Koraidon|Protect
|move|p1b: Princess|Poltergeist|p2a: Flutter Mane
|-activate|p2a: Flutter Mane|move: Protect
|move|p1a: Wolfey|Knock Off|p2a: Flutter Mane
|-activate|p2a: Flutter Mane|move: Protect
|
|-weather|SunnyDay|[upkeep]
|upkeep
|turn|2
|inactive|lordofthebagels89 has 30 seconds left.
|inactive|knucklee has 30 seconds left.
|inactive|knucklee has 20 seconds left.
|inactive|knucklee has 15 seconds left.
|
|t:|1750844113
|switch|p2b: Gothitelle|Gothitelle, L50, F|100/100
|move|p2a: Flutter Mane|Perish Song|p2a: Flutter Mane
|-start|p1a: Wolfey|perish3|[silent]
|-start|p1b: Princess|perish3|[silent]
|-start|p2a: Flutter Mane|perish3|[silent]
|-start|p2b: Gothitelle|perish3|[silent]
|-fieldactivate|move: Perish Song
|move|p1b: Princess|Dragon Claw|p2b: Gothitelle
|-damage|p2b: Gothitelle|62/100
|move|p1a: Wolfey|Knock Off|p2a: Flutter Mane
|-damage|p2a: Flutter Mane|24/100
|-enditem|p2a: Flutter Mane|Focus Sash|[from] move: Knock Off|[of] p1a: Wolfey
|
|-weather|SunnyDay|[upkeep]
|-heal|p2b: Gothitelle|68/100|[from] item: Leftovers
|-start|p2a: Flutter Mane|perish3
|-start|p1b: Princess|perish3
|-start|p1a: Wolfey|perish3
|-start|p2b: Gothitelle|perish3
|upkeep
|turn|3
|inactive|lordofthebagels89 has 30 seconds left.
|
|t:|1750844140
|-terastallize|p2b: Gothitelle|Water
|move|p2b: Gothitelle|Fake Out|p1a: Wolfey
|-damage|p1a: Wolfey|97/100
|move|p1b: Princess|Shadow Sneak|p2a: Flutter Mane
|-supereffective|p2a: Flutter Mane
|-damage|p2a: Flutter Mane|0 fnt
|faint|p2a: Flutter Mane
|-end|p2a: Flutter Mane|Protosynthesis|[silent]
|cant|p1a: Wolfey|flinch
|
|-weather|SunnyDay|[upkeep]
|-heal|p2b: Gothitelle|74/100|[from] item: Leftovers
|-start|p1b: Princess|perish2
|-start|p1a: Wolfey|perish2
|-start|p2b: Gothitelle|perish2
|upkeep
|
|t:|1750844155
|switch|p2a: Incineroar|Incineroar, L50, F|100/100
|-ability|p2a: Incineroar|Intimidate|boost
|-unboost|p1a: Wolfey|atk|1
|-unboost|p1b: Princess|atk|1
|turn|4
|
|t:|1750844170
|move|p2b: Gothitelle|Protect|p2b: Gothitelle
|-singleturn|p2b: Gothitelle|Protect
|move|p2a: Incineroar|Fake Out|p1a: Wolfey
|-damage|p1a: Wolfey|88/100
|move|p1b: Princess|Poltergeist|p2b: Gothitelle
|-activate|p2b: Gothitelle|move: Protect
|cant|p1a: Wolfey|flinch
|
|-weather|SunnyDay|[upkeep]
|-heal|p2b: Gothitelle|80/100|[from] item: Leftovers
|-start|p1b: Princess|perish1
|-start|p1a: Wolfey|perish1
|-start|p2b: Gothitelle|perish1
|upkeep
|turn|5
|inactive|knucklee has 30 seconds left.
|
|t:|1750844196
|switch|p1b: Monki Doreys|Rillaboom, L50, M, shiny|100/100
|-fieldstart|move: Grassy Terrain|[from] ability: Grassy Surge|[of] p1b: Monki Doreys
|switch|p2b: Koraidon|Koraidon, L50|100/100
|-activate|p2b: Koraidon|ability: Orichalcum Pulse
|move|p1a: Wolfey|Parting Shot|p2b: Koraidon
|-unboost|p2b: Koraidon|atk|1
|-unboost|p2b: Koraidon|spa|1
|
|t:|1750844212
|switch|p1a: Her Majesty|Zamazenta-Crowned, L50, shiny|100/100|[from] Parting Shot
|-ability|p1a: Her Majesty|Dauntless Shield|boost
|-boost|p1a: Her Majesty|def|1
|move|p2a: Incineroar|Flare Blitz|p1a: Her Majesty
|-supereffective|p1a: Her Majesty
|-damage|p1a: Her Majesty|53/100
|-damage|p2a: Incineroar|86/100|[from] Recoil
|
|-weather|none
|-heal|p1a: Her Majesty|59/100|[from] Grassy Terrain
|-heal|p2a: Incineroar|92/100|[from] Grassy Terrain
|upkeep
|turn|6
|
|t:|1750844234
|switch|p2a: Gothitelle|Gothitelle, L50, F, tera:Water|80/100
|-terastallize|p1a: Her Majesty|Water
|move|p2b: Koraidon|Protect|p2b: Koraidon
|-singleturn|p2b: Koraidon|Protect
|move|p1b: Monki Doreys|Fake Out|p2b: Koraidon
|-activate|p2b: Koraidon|move: Protect
|move|p1a: Her Majesty|Body Press|p2a: Gothitelle
|-damage|p2a: Gothitelle|23/100
|
|-heal|p1a: Her Majesty|66/100|[from] Grassy Terrain
|-heal|p2a: Gothitelle|29/100|[from] Grassy Terrain
|-heal|p2a: Gothitelle|35/100|[from] item: Leftovers
|upkeep
|turn|7
|
|t:|1750844257
|move|p2a: Gothitelle|Fake Out|p1a: Her Majesty
|-damage|p1a: Her Majesty|63/100
|move|p2b: Koraidon|Flame Charge|p1b: Monki Doreys
|-supereffective|p1b: Monki Doreys
|-damage|p1b: Monki Doreys|73/100
|-boost|p2b: Koraidon|spe|1
|-damage|p2b: Koraidon|91/100|[from] item: Life Orb
|cant|p1a: Her Majesty|flinch
|move|p1b: Monki Doreys|U-turn|p2a: Gothitelle
|-damage|p2a: Gothitelle|16/100
|
|t:|1750844273
|switch|p1b: Wolfey|Incineroar, L50, F, shiny|88/100|[from] U-turn
|-ability|p1b: Wolfey|Intimidate|boost
|-unboost|p2a: Gothitelle|atk|1
|-unboost|p2b: Koraidon|atk|1
|
|-heal|p2b: Koraidon|96/100|[from] Grassy Terrain
|-heal|p1a: Her Majesty|69/100|[from] Grassy Terrain
|-heal|p1b: Wolfey|94/100|[from] Grassy Terrain
|-heal|p2a: Gothitelle|23/100|[from] Grassy Terrain
|-heal|p2a: Gothitelle|29/100|[from] item: Leftovers
|upkeep
|turn|8
|
|t:|1750844284
|switch|p2b: Incineroar|Incineroar, L50, F|92/100
|-ability|p2b: Incineroar|Intimidate|boost
|-unboost|p1a: Her Majesty|atk|1
|-unboost|p1b: Wolfey|atk|1
|move|p2a: Gothitelle|Protect|p2a: Gothitelle
|-singleturn|p2a: Gothitelle|Protect
|move|p1b: Wolfey|Fake Out|p2b: Incineroar
|-damage|p2b: Incineroar|86/100
|move|p1a: Her Majesty|Body Press|p2a: Gothitelle
|-activate|p2a: Gothitelle|move: Protect
|
|-heal|p1a: Her Majesty|75/100|[from] Grassy Terrain
|-heal|p1b: Wolfey|99/100|[from] Grassy Terrain
|-heal|p2b: Incineroar|92/100|[from] Grassy Terrain
|-heal|p2a: Gothitelle|35/100|[from] Grassy Terrain
|-heal|p2a: Gothitelle|41/100|[from] item: Leftovers
|upkeep
|turn|9
|
|t:|1750844304
|switch|p2a: Koraidon|Koraidon, L50|96/100
|-weather|SunnyDay|[from] ability: Orichalcum Pulse|[of] p2a: Koraidon
|-activate|p2a: Koraidon|Orichalcum Pulse|[source]
|move|p1a: Her Majesty|Body Press|p2a: Koraidon
|-damage|p2a: Koraidon|33/100
|move|p1b: Wolfey|Knock Off|p2a: Koraidon
|-resisted|p2a: Koraidon
|-damage|p2a: Koraidon|21/100
|-enditem|p2a: Koraidon|Life Orb|[from] move: Knock Off|[of] p1b: Wolfey
|move|p2b: Incineroar|Parting Shot|p1b: Wolfey
|-unboost|p1b: Wolfey|atk|1
|-unboost|p1b: Wolfey|spa|1
|
|t:|1750844316
|switch|p2b: Gothitelle|Gothitelle, L50, F, tera:Water|41/100|[from] Parting Shot
|
|-weather|SunnyDay|[upkeep]
|-heal|p2a: Koraidon|27/100|[from] Grassy Terrain
|-heal|p1a: Her Majesty|82/100|[from] Grassy Terrain
|-heal|p1b: Wolfey|100/100|[from] Grassy Terrain
|-heal|p2b: Gothitelle|47/100|[from] Grassy Terrain
|-heal|p2b: Gothitelle|54/100|[from] item: Leftovers
|-fieldend|move: Grassy Terrain
|upkeep
|turn|10
|inactive|knucklee has 30 seconds left.
|
|t:|1750844344
|switch|p2b: Incineroar|Incineroar, L50, F|92/100
|-ability|p2b: Incineroar|Intimidate|boost
|-unboost|p1a: Her Majesty|atk|1
|-unboost|p1b: Wolfey|atk|1
|move|p2a: Koraidon|Close Combat|p1a: Her Majesty
|-damage|p1a: Her Majesty|50/100
|-unboost|p2a: Koraidon|def|1
|-unboost|p2a: Koraidon|spd|1
|move|p1a: Her Majesty|Body Press|p2a: Koraidon
|-damage|p2a: Koraidon|0 fnt
|faint|p2a: Koraidon
|move|p1b: Wolfey|Parting Shot|p2b: Incineroar
|-unboost|p2b: Incineroar|atk|1
|-unboost|p2b: Incineroar|spa|1
|-message|knucklee forfeited.
|
|win|lordofthebagels89
|raw|lordofthebagels89's rating: 1324 &rarr; <strong>1349</strong><br />(+25 for winning)
|raw|knucklee's rating: 1417 &rarr; <strong>1392</strong><br />(-25 for losing)
|l|☆knucklee
|player|p2|
|l|☆lordofthebagels89
|player|p1|
