|j|☆Clutchthelemon
|j|☆PoloettaVGC
|t:|1750759429
|gametype|doubles
|player|p1|Clutchthelemon|2|1166
|player|p2|PoloettaVGC|2|1164
|teamsize|p1|6
|teamsize|p2|6
|gen|9
|tier|[Gen 9] VGC 2025 Reg I
|rated|
|rule|Species Clause: Limit one of each Pokémon
|rule|Item Clause: Limit 1 of each item
|clearpoke
|poke|p1|Koraidon, L50|
|poke|p1|Calyrex-Shadow, L50|
|poke|p1|Amoonguss, L50, F|
|poke|p1|Incineroar, L50, F|
|poke|p1|Scream Tail, L50|
|poke|p1|Gothitelle, L50, M|
|poke|p2|Miraidon, L50|
|poke|p2|Annihilape, L50, F|
|poke|p2|Ho-Oh, L50|
|poke|p2|Grimmsnarl, L50, M|
|poke|p2|Sinistcha, L50|
|poke|p2|Incineroar, L50, F|
|teampreview|4
|inactive|Battle timer is ON: inactive players will automatically lose when time's up. (requested by Clutchthelemon)
|inactive|Clutchthelemon has 60 seconds left.
|inactive|PoloettaVGC has 60 seconds left.
|inactive|Clutchthelemon has 30 seconds left.
|inactive|Clutchthelemon has 20 seconds left.
|
|t:|1750759500
|start
|switch|p1a: Calyrex|Calyrex-Shadow, L50|100/100
|switch|p1b: Scream Tail|Scream Tail, L50|100/100
|switch|p2a: Miraidon|Miraidon, L50|100/100
|switch|p2b: Annihilape|Annihilape, L50, F|100/100
|-ability|p1a: Calyrex|As One
|-ability|p1a: Calyrex|Unnerve
|-fieldstart|move: Electric Terrain|[from] ability: Hadron Engine|[of] p2a: Miraidon
|-enditem|p1b: Scream Tail|Booster Energy
|-activate|p1b: Scream Tail|ability: Protosynthesis|[fromitem]
|-start|p1b: Scream Tail|protosynthesisspe
|turn|1
|
|t:|1750759523
|move|p1b: Scream Tail|Protect|p1b: Scream Tail
|-singleturn|p1b: Scream Tail|Protect
|move|p1a: Calyrex|Protect|p1a: Calyrex
|-singleturn|p1a: Calyrex|Protect
|move|p2b: Annihilape|Shadow Claw|p1a: Calyrex
|-activate|p1a: Calyrex|move: Protect
|move|p2a: Miraidon|Electro Drift|p1a: Calyrex
|-activate|p1a: Calyrex|move: Protect
|
|upkeep
|turn|2
|inactive|PoloettaVGC has 30 seconds left.
|
|t:|1750759553
|-terastallize|p2b: Annihilape|Ground
|move|p1b: Scream Tail|Disable|p2b: Annihilape
|-start|p2b: Annihilape|Disable|Shadow Claw
|cant|p2b: Annihilape|Disable|Shadow Claw
|move|p1a: Calyrex|Astral Barrage|p2a: Miraidon|[spread] p2a,p2b
|-damage|p2a: Miraidon|56/100
|-damage|p2b: Annihilape|47/100
|move|p2a: Miraidon|Electro Drift|p1a: Calyrex
|-enditem|p1a: Calyrex|Focus Sash
|-damage|p1a: Calyrex|1/100
|
|upkeep
|turn|3
|inactive|PoloettaVGC has 30 seconds left.
|inactive|PoloettaVGC has 20 seconds left.
|inactive|PoloettaVGC has 15 seconds left.
|inactive|PoloettaVGC has 10 seconds left.
|
|t:|1750759601
|switch|p2b: Incineroar|Incineroar, L50, F|100/100
|-ability|p2b: Incineroar|Intimidate|boost
|-unboost|p1a: Calyrex|atk|1
|-unboost|p1b: Scream Tail|atk|1
|move|p2a: Miraidon|Protect|p2a: Miraidon
|-singleturn|p2a: Miraidon|Protect
|move|p1b: Scream Tail|Disable|p2a: Miraidon
|-activate|p2a: Miraidon|move: Protect
|move|p1a: Calyrex|Astral Barrage|p2b: Incineroar|[spread] p2b
|-activate|p2a: Miraidon|move: Protect
|-resisted|p2b: Incineroar
|-damage|p2b: Incineroar|76/100
|
|upkeep
|turn|4
|inactive|Clutchthelemon has 30 seconds left.
|inactive|PoloettaVGC has 30 seconds left.
|inactive|PoloettaVGC has 20 seconds left.
|inactive|PoloettaVGC has 15 seconds left.
|
|t:|1750759641
|-end|p1b: Scream Tail|Protosynthesis|[silent]
|switch|p1b: Koraidon|Koraidon, L50|100/100
|-weather|SunnyDay|[from] ability: Orichalcum Pulse|[of] p1b: Koraidon
|-activate|p1b: Koraidon|Orichalcum Pulse|[source]
|move|p2b: Incineroar|Fake Out|p1b: Koraidon
|-damage|p1b: Koraidon|91/100
|move|p1a: Calyrex|Encore|p2a: Miraidon
|-start|p2a: Miraidon|Encore
|move|p2a: Miraidon|Protect||[still]
|-fail|p2a: Miraidon
|
|-weather|SunnyDay|[upkeep]
|upkeep
|turn|5
|inactive|Clutchthelemon has 30 seconds left.
|inactive|PoloettaVGC has 30 seconds left.
|inactive|PoloettaVGC has 20 seconds left.
|inactive|PoloettaVGC has 15 seconds left.
|inactive|PoloettaVGC has 10 seconds left.
|
|t:|1750759689
|switch|p2b: Annihilape|Annihilape, L50, F, tera:Ground|47/100
|move|p2a: Miraidon|Protect|p2a: Miraidon
|-singleturn|p2a: Miraidon|Protect
|move|p1a: Calyrex|Encore||[still]
|-fail|p1a: Calyrex
|move|p1b: Koraidon|Flame Charge|p2b: Annihilape
|-damage|p2b: Annihilape|0 fnt
|-boost|p1b: Koraidon|spe|1
|faint|p2b: Annihilape
|-damage|p1b: Koraidon|82/100|[from] item: Life Orb
|
|-weather|SunnyDay|[upkeep]
|-fieldend|move: Electric Terrain
|upkeep
|
|t:|1750759709
|switch|p2b: Incineroar|Incineroar, L50, F|76/100
|-ability|p2b: Incineroar|Intimidate|boost
|-unboost|p1a: Calyrex|atk|1
|-unboost|p1b: Koraidon|atk|1
|turn|6
|inactive|Clutchthelemon has 30 seconds left.
|inactive|PoloettaVGC has 30 seconds left.
|
|t:|1750759740
|switch|p2a: Ho-Oh|Ho-Oh, L50|100/100
|move|p1b: Koraidon|Protect|p1b: Koraidon
|-singleturn|p1b: Koraidon|Protect
|move|p1a: Calyrex|Astral Barrage|p2b: Incineroar|[spread] p2a,p2b
|-resisted|p2b: Incineroar
|-damage|p2a: Ho-Oh|65/100
|-damage|p2b: Incineroar|50/100
|move|p2b: Incineroar|Parting Shot|p1a: Calyrex
|-unboost|p1a: Calyrex|atk|1
|-unboost|p1a: Calyrex|spa|1
|
|t:|1750759753
|switch|p2b: Miraidon|Miraidon, L50|56/100|[from] Parting Shot
|-fieldstart|move: Electric Terrain|[from] ability: Hadron Engine|[of] p2b: Miraidon
|
|-weather|SunnyDay|[upkeep]
|-heal|p2a: Ho-Oh|71/100|[from] item: Leftovers
|upkeep
|turn|7
|
|t:|1750759774
|switch|p2b: Incineroar|Incineroar, L50, F|50/100
|-ability|p2b: Incineroar|Intimidate|boost
|-unboost|p1a: Calyrex|atk|1
|-unboost|p1b: Koraidon|atk|1
|-terastallize|p1b: Koraidon|Fire
|move|p1b: Koraidon|Flare Blitz|p2b: Incineroar
|-resisted|p2b: Incineroar
|-damage|p2b: Incineroar|21/100
|-damage|p1b: Koraidon|65/100|[from] item: Rocky Helmet|[of] p2b: Incineroar
|-damage|p1b: Koraidon|54/100|[from] Recoil
|-damage|p1b: Koraidon|44/100|[from] item: Life Orb
|move|p1a: Calyrex|Astral Barrage|p2b: Incineroar|[spread] p2a,p2b
|-resisted|p2b: Incineroar
|-damage|p2a: Ho-Oh|50/100
|-damage|p2b: Incineroar|5/100
|move|p2a: Ho-Oh|Tailwind|p2a: Ho-Oh
|-sidestart|p2: PoloettaVGC|move: Tailwind
|
|-weather|SunnyDay|[upkeep]
|-heal|p2a: Ho-Oh|56/100|[from] item: Leftovers
|upkeep
|turn|8
|inactive|Clutchthelemon has 30 seconds left.
|inactive|PoloettaVGC has 30 seconds left.
|inactive|Clutchthelemon has 20 seconds left.
|inactive|PoloettaVGC has 20 seconds left.
|inactive|Clutchthelemon has 15 seconds left.
|inactive|PoloettaVGC has 15 seconds left.
|inactive|Clutchthelemon has 10 seconds left.
|inactive|Clutchthelemon has 5 seconds left.
|
|t:|1750759829
|switch|p2b: Miraidon|Miraidon, L50|56/100
|-activate|p2b: Miraidon|ability: Hadron Engine
|move|p1b: Koraidon|Protect|p1b: Koraidon
|-singleturn|p1b: Koraidon|Protect
|move|p2a: Ho-Oh|Sacred Fire|p1a: Calyrex
|-damage|p1a: Calyrex|0 fnt
|faint|p1a: Calyrex
|
|-weather|none
|-heal|p2a: Ho-Oh|62/100|[from] item: Leftovers
|upkeep
|
|t:|1750759843
|switch|p1a: Gothitelle|Gothitelle, L50, M|100/100
|turn|9
|
|t:|1750759866
|switch|p1b: Scream Tail|Scream Tail, L50|100/100
|move|p1a: Gothitelle|Fake Out|p2b: Miraidon
|-damage|p2b: Miraidon|51/100
|move|p2b: Miraidon|Electro Drift|p1b: Scream Tail
|-damage|p1b: Scream Tail|34/100
|move|p2a: Ho-Oh|Brave Bird|p1b: Scream Tail
|-damage|p1b: Scream Tail|0 fnt
|faint|p1b: Scream Tail
|-end|p1b: Scream Tail|Protosynthesis|[silent]
|-damage|p2a: Ho-Oh|51/100|[from] Recoil
|
|-heal|p2a: Ho-Oh|57/100|[from] item: Leftovers
|upkeep
|
|t:|1750759877
|switch|p1b: Koraidon|Koraidon, L50, tera:Fire|44/100
|-weather|SunnyDay|[from] ability: Orichalcum Pulse|[of] p1b: Koraidon
|-activate|p1b: Koraidon|Orichalcum Pulse|[source]
|turn|10
|
|t:|1750759891
|move|p1b: Koraidon|Protect|p1b: Koraidon
|-singleturn|p1b: Koraidon|Protect
|move|p2b: Miraidon|Electro Drift|p1a: Gothitelle
|-damage|p1a: Gothitelle|22/100
|move|p2a: Ho-Oh|Sacred Fire|p1a: Gothitelle
|-damage|p1a: Gothitelle|0 fnt
|faint|p1a: Gothitelle
|
|-weather|SunnyDay|[upkeep]
|-heal|p2a: Ho-Oh|63/100|[from] item: Leftovers
|-sideend|p2: PoloettaVGC|move: Tailwind
|-fieldend|move: Electric Terrain
|upkeep
|turn|11
|-message|Clutchthelemon forfeited.
|
|win|PoloettaVGC
|raw|Clutchthelemon's rating: 1166 &rarr; <strong>1141</strong><br />(-25 for losing)
|raw|PoloettaVGC's rating: 1164 &rarr; <strong>1189</strong><br />(+25 for winning)
|l|☆Clutchthelemon
|player|p1|
|c|☆PoloettaVGC|GG
