|j|☆nolemonnomelon
|j|☆PYS_Max
|t:|1750720381
|gametype|doubles
|player|p1|nolemonnomelon|hilda|1600
|player|p2|PYS_Max|1|1577
|teamsize|p1|6
|teamsize|p2|6
|gen|9
|tier|[Gen 9] VGC 2025 Reg I
|rated|
|rule|Species Clause: Limit one of each Pokémon
|rule|Item Clause: Limit 1 of each item
|clearpoke
|poke|p1|Kyogre, L50|
|poke|p1|Tornadus, L50, M|
|poke|p1|Incineroar, L50, M|
|poke|p1|Farigiraf, L50, M|
|poke|p1|Tinkaton, L50, F|
|poke|p1|Calyrex-Ice, L50|
|poke|p2|Kyogre, L50|
|poke|p2|Gothitelle, L50, F|
|poke|p2|Zamazenta-*, L50|
|poke|p2|Chien-Pao, L50|
|poke|p2|Incineroar, L50, M|
|poke|p2|Thundurus-Therian, L50, M|
|teampreview|4
|inactive|Battle timer is ON: inactive players will automatically lose when time's up. (requested by nolemonnomelon)
|inactive|PYS_Max has 60 seconds left.
|
|t:|1750720418
|start
|switch|p1a: Farigiraf|Farigiraf, L50, M|100/100
|switch|p1b: Tinkaton|Tinkaton, L50, F|100/100
|switch|p2a: Kyogre|Kyogre, L50|100/100
|switch|p2b: Gothitelle|Gothitelle, L50, F|100/100
|-weather|RainDance|[from] ability: Drizzle|[of] p2a: Kyogre
|-ability|p1b: Tinkaton|Mold Breaker
|turn|1
|
|t:|1750720442
|switch|p2a: Zamazenta|Zamazenta-Crowned, L50|100/100
|-ability|p2a: Zamazenta|Dauntless Shield|boost
|-boost|p2a: Zamazenta|def|1
|move|p1b: Tinkaton|Fake Out|p2a: Zamazenta
|-resisted|p2a: Zamazenta
|-damage|p2a: Zamazenta|99/100
|move|p2b: Gothitelle|Psychic|p1b: Tinkaton
|-resisted|p1b: Tinkaton
|-damage|p1b: Tinkaton|91/100
|move|p1a: Farigiraf|Trick Room|p1a: Farigiraf
|-fieldstart|move: Trick Room|[of] p1a: Farigiraf
|
|-weather|RainDance|[upkeep]
|upkeep
|turn|2
|
|t:|1750720464
|-terastallize|p1a: Farigiraf|Ground
|move|p2b: Gothitelle|Protect|p2b: Gothitelle
|-singleturn|p2b: Gothitelle|Protect
|move|p1a: Farigiraf|Tera Blast|p2a: Zamazenta|[anim] Tera Blast Ground
|-supereffective|p2a: Zamazenta
|-damage|p2a: Zamazenta|56/100
|move|p1b: Tinkaton|Gigaton Hammer|p2b: Gothitelle
|-activate|p2b: Gothitelle|move: Protect
|move|p2a: Zamazenta|Iron Defense|p2a: Zamazenta
|-boost|p2a: Zamazenta|def|2
|
|-weather|RainDance|[upkeep]
|upkeep
|turn|3
|inactive|PYS_Max has 30 seconds left.
|
|t:|1750720496
|switch|p2b: Thundurus|Thundurus-Therian, L50, M, shiny|100/100
|-terastallize|p2a: Zamazenta|Grass
|move|p1a: Farigiraf|Tera Blast|p2a: Zamazenta|[anim] Tera Blast Ground
|-resisted|p2a: Zamazenta
|-damage|p2a: Zamazenta|47/100
|move|p1b: Tinkaton|Play Rough|p2a: Zamazenta
|-damage|p2a: Zamazenta|39/100
|move|p2a: Zamazenta|Body Press|p1a: Farigiraf
|-damage|p1a: Farigiraf|15/100
|-damage|p2a: Zamazenta|23/100|[from] item: Rocky Helmet|[of] p1a: Farigiraf
|
|-weather|RainDance|[upkeep]
|upkeep
|turn|4
|inactive|nolemonnomelon has 30 seconds left.
|inactive|PYS_Max has 30 seconds left.
|inactive|nolemonnomelon has 20 seconds left.
|
|t:|1750720533
|move|p1a: Farigiraf|Foul Play|p2a: Zamazenta
|-damage|p2a: Zamazenta|16/100
|move|p1b: Tinkaton|Gigaton Hammer|p2a: Zamazenta
|-damage|p2a: Zamazenta|5/100
|move|p2b: Thundurus|Dark Pulse|p1a: Farigiraf
|-damage|p1a: Farigiraf|0 fnt
|faint|p1a: Farigiraf
|move|p2a: Zamazenta|Body Press|p1b: Tinkaton
|-damage|p1b: Tinkaton|0 fnt
|faint|p1b: Tinkaton
|
|-weather|RainDance|[upkeep]
|upkeep
|
|t:|1750720538
|switch|p1a: Calyrex|Calyrex-Ice, L50|100/100
|switch|p1b: Kyogre|Kyogre, L50|100/100
|-ability|p1a: Calyrex|As One
|-ability|p1a: Calyrex|Unnerve
|turn|5
|
|t:|1750720554
|switch|p2b: Gothitelle|Gothitelle, L50, F|100/100
|move|p2a: Zamazenta|Protect|p2a: Zamazenta
|-singleturn|p2a: Zamazenta|Protect
|move|p1a: Calyrex|Glacial Lance|p2b: Gothitelle|[spread] p2b
|-activate|p2a: Zamazenta|move: Protect
|-damage|p2b: Gothitelle|41/100
|move|p1b: Kyogre|Ice Beam|p2b: Gothitelle
|-damage|p2b: Gothitelle|0 fnt
|faint|p2b: Gothitelle
|
|-weather|none
|-fieldend|move: Trick Room
|upkeep
|
|t:|1750720570
|switch|p2b: Kyogre|Kyogre, L50|100/100
|-weather|RainDance|[from] ability: Drizzle|[of] p2b: Kyogre
|turn|6
|
|t:|1750720580
|move|p2b: Kyogre|Water Spout|p1b: Kyogre|[spread] p1a,p1b
|-resisted|p1b: Kyogre
|-damage|p1a: Calyrex|32/100
|-damage|p1b: Kyogre|65/100
|move|p2a: Zamazenta|Body Press|p1b: Kyogre
|-damage|p1b: Kyogre|0 fnt
|faint|p1b: Kyogre
|move|p1a: Calyrex|Bullet Seed|p2b: Kyogre
|-supereffective|p2b: Kyogre
|-damage|p2b: Kyogre|75/100
|-supereffective|p2b: Kyogre
|-damage|p2b: Kyogre|50/100
|-supereffective|p2b: Kyogre
|-damage|p2b: Kyogre|25/100
|-supereffective|p2b: Kyogre
|-damage|p2b: Kyogre|1/100
|-supereffective|p2b: Kyogre
|-damage|p2b: Kyogre|0 fnt
|faint|p2b: Kyogre
|-ability|p1a: Calyrex|Chilling Neigh|boost
|-boost|p1a: Calyrex|atk|1
|-hitcount|p2: Kyogre|5
|
|-weather|RainDance|[upkeep]
|upkeep
|c|☆nolemonnomelon|gg
|
|t:|1750720589
|switch|p2b: Thundurus|Thundurus-Therian, L50, M, shiny|100/100
|turn|7
|-message|nolemonnomelon forfeited.
|
|win|PYS_Max
|raw|nolemonnomelon's rating: 1600 &rarr; <strong>1579</strong><br />(-21 for losing)
|raw|PYS_Max's rating: 1577 &rarr; <strong>1598</strong><br />(+21 for winning)
|l|☆nolemonnomelon
|player|p1|
|l|☆PYS_Max
|player|p2|
