|j|☆Dandraker
|j|☆gun2
|t:|1750873301
|gametype|doubles
|player|p1|Dandraker|102|1286
|player|p2|gun2|1|1313
|teamsize|p1|6
|teamsize|p2|6
|gen|9
|tier|[Gen 9] VGC 2025 Reg I
|rated|
|rule|Species Clause: Limit one of each Pokémon
|rule|Item Clause: Limit 1 of each item
|clearpoke
|poke|p1|Incineroar, L50, F|
|poke|p1|Kyogre, L50|
|poke|p1|Rillaboom, L50, F|
|poke|p1|Volcarona, L50, M|
|poke|p1|Zacian-*, L50|
|poke|p1|Goodra-Hisui, L50, M|
|poke|p2|Necrozma-Dusk-Mane, L50|
|poke|p2|Miraidon, L50|
|poke|p2|Iron Hands, L50|
|poke|p2|Whimsicott, L50, M|
|poke|p2|Ogerpon-Hearthflame, L50, F|
|poke|p2|Iron Valiant, L50|
|teampreview|4
|inactive|Battle timer is ON: inactive players will automatically lose when time's up. (requested by gun2)
gun2 has agreed to open team sheets.
|
|t:|1750873329
|start
|switch|p1a: Kyogre|Kyogre, L50|100/100
|switch|p1b: Zacian|Zacian-Crowned, L50|100/100
|switch|p2a: tr setter|Necrozma-Dusk-Mane, L50|100/100
|switch|p2b: Iron Valiant|Iron Valiant, L50|100/100
|-ability|p1b: Zacian|Intrepid Sword|boost
|-boost|p1b: Zacian|atk|1
|-weather|RainDance|[from] ability: Drizzle|[of] p1a: Kyogre
|turn|1
|
|t:|1750873353
|move|p2b: Iron Valiant|Wide Guard|p2b: Iron Valiant
|-singleturn|p2b: Iron Valiant|Wide Guard
|move|p1b: Zacian|Sacred Sword|p2a: tr setter
|-damage|p2a: tr setter|61/100
|move|p1a: Kyogre|Origin Pulse|p2b: Iron Valiant|[spread] 
|-activate|p2a: tr setter|move: Wide Guard
|-activate|p2b: Iron Valiant|move: Wide Guard
|move|p2a: tr setter|Trick Room|p2a: tr setter
|-fieldstart|move: Trick Room|[of] p2a: tr setter
|
|-weather|RainDance|[upkeep]
|upkeep
|turn|2
|
|t:|1750873368
|switch|p1a: Incineroar|Incineroar, L50, F|100/100
|-ability|p1a: Incineroar|Intimidate|boost
|-fail|p2a: tr setter|unboost|[from] item: Clear Amulet|[of] p2a: tr setter
|-unboost|p2b: Iron Valiant|atk|1
|move|p1b: Zacian|Protect|p1b: Zacian
|-singleturn|p1b: Zacian|Protect
|move|p2a: tr setter|Photon Geyser|p1a: Incineroar
|-immune|p1a: Incineroar
|move|p2b: Iron Valiant|Coaching|p2a: tr setter
|-boost|p2a: tr setter|atk|1
|-boost|p2a: tr setter|def|1
|
|-weather|RainDance|[upkeep]
|upkeep
|turn|3
|
|t:|1750873391
|-end|p2b: Iron Valiant|Quark Drive|[silent]
|switch|p2b: tr sweeper|Iron Hands, L50|100/100
|move|p1a: Incineroar|Fake Out|p2a: tr setter
|-resisted|p2a: tr setter
|-damage|p2a: tr setter|58/100
|cant|p2a: tr setter|flinch
|move|p1b: Zacian|Sacred Sword|p2a: tr setter
|-damage|p2a: tr setter|19/100
|
|-weather|RainDance|[upkeep]
|upkeep
|turn|4
|
|t:|1750873413
|move|p1b: Zacian|Protect|p1b: Zacian
|-singleturn|p1b: Zacian|Protect
|move|p2b: tr sweeper|Drain Punch|p1a: Incineroar
|-supereffective|p1a: Incineroar
|-enditem|p1a: Incineroar|Chople Berry|[eat]
|-enditem|p1a: Incineroar|Chople Berry|[weaken]
|-damage|p1a: Incineroar|65/100
|move|p1a: Incineroar|Parting Shot|p2b: tr sweeper
|-unboost|p2b: tr sweeper|atk|1
|-unboost|p2b: tr sweeper|spa|1
|
|t:|1750873421
|switch|p1a: Kyogre|Kyogre, L50|100/100|[from] Parting Shot
|move|p2a: tr setter|Sunsteel Strike|p1a: Kyogre
|-resisted|p1a: Kyogre
|-damage|p1a: Kyogre|46/100
|
|-weather|RainDance|[upkeep]
|upkeep
|turn|5
|
|t:|1750873431
|switch|p1b: Incineroar|Incineroar, L50, F|65/100
|-ability|p1b: Incineroar|Intimidate|boost
|-fail|p2a: tr setter|unboost|[from] item: Clear Amulet|[of] p2a: tr setter
|-unboost|p2b: tr sweeper|atk|1
|move|p1a: Kyogre|Protect|p1a: Kyogre
|-singleturn|p1a: Kyogre|Protect
|move|p2b: tr sweeper|Drain Punch|p1b: Incineroar
|-supereffective|p1b: Incineroar
|-damage|p1b: Incineroar|31/100
|move|p2a: tr setter|Sunsteel Strike|p1b: Incineroar
|-resisted|p1b: Incineroar
|-damage|p1b: Incineroar|0 fnt
|faint|p1b: Incineroar
|
|-weather|none
|-fieldend|move: Trick Room
|upkeep
|inactive|Dandraker has 30 seconds left.
|inactive|Dandraker has 20 seconds left.
|l|☆Dandraker
|inactive|Dandraker disconnected and has a minute to reconnect!
|player|p1|
|inactive|Dandraker has 15 seconds left.
|inactive|Dandraker has 10 seconds left.
|j|☆Dandraker
|inactive|Dandraker reconnected and has 10 seconds left.
|player|p1|Dandraker|102|
|inactive|Dandraker has 5 seconds left.
|
|t:|1750873482
|switch|p1b: Zacian|Zacian-Crowned, L50|100/100
|turn|6
|
|t:|1750873495
|switch|p1a: Goodra|Goodra-Hisui, L50, M|100/100
|move|p1b: Zacian|Sacred Sword|p2a: tr setter
|-damage|p2a: tr setter|0 fnt
|faint|p2a: tr setter
|move|p2b: tr sweeper|Wild Charge|p1a: Goodra
|-resisted|p1a: Goodra
|-damage|p1a: Goodra|88/100
|-ability|p1a: Goodra|Gooey
|-unboost|p2b: tr sweeper|spe|1
|-damage|p2b: tr sweeper|98/100|[from] Recoil
|
|upkeep
|
|t:|1750873506
|switch|p2a: fast pivot|Miraidon, L50|100/100
|-fieldstart|move: Electric Terrain|[from] ability: Hadron Engine|[of] p2a: fast pivot
|-activate|p2b: tr sweeper|ability: Quark Drive
|-start|p2b: tr sweeper|quarkdrivedef
|turn|7
|
|t:|1750873521
|-terastallize|p1b: Zacian|Ground
|-terastallize|p2a: fast pivot|Fairy
|move|p1b: Zacian|Behemoth Blade|p2a: fast pivot
|-supereffective|p2a: fast pivot
|-damage|p2a: fast pivot|0 fnt
|faint|p2a: fast pivot
|move|p1a: Goodra|Dragon Pulse|p2b: tr sweeper
|-damage|p2b: tr sweeper|72/100
|move|p2b: tr sweeper|Low Kick|p1a: Goodra
|-supereffective|p1a: Goodra
|-damage|p1a: Goodra|19/100
|-ability|p1a: Goodra|Gooey
|-unboost|p2b: tr sweeper|spe|1
|
|upkeep
|
|t:|1750873533
|switch|p2a: Iron Valiant|Iron Valiant, L50|100/100
|-activate|p2a: Iron Valiant|ability: Quark Drive
|-start|p2a: Iron Valiant|quarkdrivespe
|turn|8
|
|t:|1750873549
|move|p2a: Iron Valiant|Spirit Break|p1a: Goodra
|-damage|p1a: Goodra|0 fnt
|-ability|p1a: Goodra|Gooey
|-unboost|p2a: Iron Valiant|spe|1
|faint|p1a: Goodra
|move|p1b: Zacian|Behemoth Blade|p2a: Iron Valiant
|-supereffective|p2a: Iron Valiant
|-enditem|p2a: Iron Valiant|Focus Sash
|-damage|p2a: Iron Valiant|1/100
|move|p2b: tr sweeper|Low Kick|p1b: Zacian
|-damage|p1b: Zacian|73/100
|
|upkeep
|
|t:|1750873561
|switch|p1a: Kyogre|Kyogre, L50|46/100
|-weather|RainDance|[from] ability: Drizzle|[of] p1a: Kyogre
|turn|9
|
|t:|1750873567
|move|p1a: Kyogre|Protect|p1a: Kyogre
|-singleturn|p1a: Kyogre|Protect
|move|p2a: Iron Valiant|Wide Guard|p2a: Iron Valiant
|-singleturn|p2a: Iron Valiant|Wide Guard
|move|p1b: Zacian|Behemoth Blade|p2a: Iron Valiant
|-supereffective|p2a: Iron Valiant
|-damage|p2a: Iron Valiant|0 fnt
|faint|p2a: Iron Valiant
|-end|p2a: Iron Valiant|Quark Drive|[silent]
|move|p2b: tr sweeper|Low Kick|p1a: Kyogre
|-activate|p1a: Kyogre|move: Protect
|
|-weather|RainDance|[upkeep]
|upkeep
|turn|10
|-message|gun2 forfeited.
|
|win|Dandraker
|raw|Dandraker's rating: 1286 &rarr; <strong>1313</strong><br />(+27 for winning)
|raw|gun2's rating: 1313 &rarr; <strong>1291</strong><br />(-22 for losing)
|l|☆gun2
|player|p2|
|l|☆Dandraker
|player|p1|
