|j|☆Jaker0125
|j|☆knucklee
|t:|1750860168
|gametype|doubles
|player|p1|Jaker0125|red|1313
|player|p2|knucklee|266|1216
|teamsize|p1|6
|teamsize|p2|6
|gen|9
|tier|[Gen 9] VGC 2025 Reg I
|rated|
|rule|Species Clause: Limit one of each Pokémon
|rule|Item Clause: Limit 1 of each item
|clearpoke
|poke|p1|Calyrex-Ice, L50|
|poke|p1|Kyogre, L50|
|poke|p1|Blastoise, L50, F|
|poke|p1|Amoonguss, L50, M|
|poke|p1|Flutter Mane, L50|
|poke|p1|Kingdra, L50, M|
|poke|p2|Koraidon, L50|
|poke|p2|Scream Tail, L50|
|poke|p2|Gothitelle, L50, F|
|poke|p2|Incineroar, L50, M|
|poke|p2|Amoonguss, L50, F|
|poke|p2|Calyrex-Shadow, L50|
|teampreview|4
|inactive|Battle timer is ON: inactive players will automatically lose when time's up. (requested by Jaker0125)
|inactive|Jaker0125 has 60 seconds left.
|
|t:|1750860227
|start
|switch|p1a: Blastoise|Blastoise, L50, F|100/100
|switch|p1b: Kingdra|Kingdra, L50, M|100/100
|switch|p2a: Gothitelle|Gothitelle, L50, F|100/100
|switch|p2b: Scream Tail|Scream Tail, L50|100/100
|-enditem|p2b: Scream Tail|Booster Energy
|-activate|p2b: Scream Tail|ability: Protosynthesis|[fromitem]
|-start|p2b: Scream Tail|protosynthesisspe
|turn|1
|inactive|Jaker0125 has 30 seconds left.
|
|t:|1750860257
|move|p1a: Blastoise|Fake Out|p2b: Scream Tail
|-damage|p2b: Scream Tail|96/100
|move|p2a: Gothitelle|Fake Out|p1a: Blastoise
|-damage|p1a: Blastoise|96/100
|cant|p2b: Scream Tail|flinch
|move|p1b: Kingdra|Muddy Water|p2a: Gothitelle|[spread] p2a,p2b
|-damage|p2a: Gothitelle|67/100
|-damage|p2b: Scream Tail|67/100
|-damage|p1b: Kingdra|91/100|[from] item: Life Orb
|
|-heal|p2a: Gothitelle|73/100|[from] item: Leftovers
|upkeep
|turn|2
|inactive|Jaker0125 has 30 seconds left.
|inactive|knucklee has 30 seconds left.
|inactive|Jaker0125 has 20 seconds left.
|
|t:|1750860293
|-terastallize|p1b: Kingdra|Stellar
|move|p2a: Gothitelle|Protect|p2a: Gothitelle
|-singleturn|p2a: Gothitelle|Protect
|move|p2b: Scream Tail|Perish Song|p2b: Scream Tail
|-start|p1a: Blastoise|perish3|[silent]
|-start|p1b: Kingdra|perish3|[silent]
|-start|p2a: Gothitelle|perish3|[silent]
|-start|p2b: Scream Tail|perish3|[silent]
|-fieldactivate|move: Perish Song
|move|p1b: Kingdra|Muddy Water|p2a: Gothitelle|[spread] p2b
|-activate|p2a: Gothitelle|move: Protect
|-damage|p2b: Scream Tail|29/100
|-damage|p1b: Kingdra|81/100|[from] item: Life Orb
|move|p1a: Blastoise|Flip Turn|p2b: Scream Tail
|-damage|p2b: Scream Tail|19/100
|
|t:|1750860305
|switch|p1a: Kyogre|Kyogre, L50|100/100|[from] Flip Turn
|-weather|RainDance|[from] ability: Drizzle|[of] p1a: Kyogre
|
|-weather|RainDance|[upkeep]
|-heal|p2a: Gothitelle|79/100|[from] item: Leftovers
|-start|p1b: Kingdra|perish3
|-start|p2b: Scream Tail|perish3
|-start|p2a: Gothitelle|perish3
|upkeep
|turn|3
|inactive|Jaker0125 has 30 seconds left.
|inactive|knucklee has 30 seconds left.
|inactive|Jaker0125 has 20 seconds left.
|inactive|Jaker0125 has 15 seconds left.
|
|t:|1750860345
|switch|p2a: Koraidon|Koraidon, L50|100/100
|-weather|SunnyDay|[from] ability: Orichalcum Pulse|[of] p2a: Koraidon
|-activate|p2a: Koraidon|Orichalcum Pulse|[source]
|move|p2b: Scream Tail|Perish Song|p2b: Scream Tail
|-start|p1a: Kyogre|perish3|[silent]
|-start|p2a: Koraidon|perish3|[silent]
|-fieldactivate|move: Perish Song
|move|p1a: Kyogre|Origin Pulse|p2a: Koraidon|[spread] p2a,p2b
|-resisted|p2a: Koraidon
|-damage|p2a: Koraidon|85/100
|-damage|p2b: Scream Tail|0 fnt
|faint|p2b: Scream Tail
|-end|p2b: Scream Tail|Protosynthesis|[silent]
|move|p1b: Kingdra|Weather Ball|p2a: Koraidon
|-resisted|p2a: Koraidon
|-damage|p2a: Koraidon|45/100
|-damage|p1b: Kingdra|71/100|[from] item: Life Orb
|
|-weather|SunnyDay|[upkeep]
|-start|p2a: Koraidon|perish3
|-start|p1a: Kyogre|perish3
|-start|p1b: Kingdra|perish2
|upkeep
|
|t:|1750860363
|switch|p2b: Gothitelle|Gothitelle, L50, F|79/100
|turn|4
|inactive|Jaker0125 has 30 seconds left.
|inactive|Jaker0125 has 20 seconds left.
|inactive|knucklee has 30 seconds left.
|
|t:|1750860409
|switch|p2a: Incineroar|Incineroar, L50, M|100/100
|-ability|p2a: Incineroar|Intimidate|boost
|-unboost|p1a: Kyogre|atk|1
|-unboost|p1b: Kingdra|atk|1
|-terastallize|p2b: Gothitelle|Water
|move|p2b: Gothitelle|Fake Out|p1b: Kingdra
|-damage|p1b: Kingdra|63/100
|move|p1a: Kyogre|Origin Pulse|p2b: Gothitelle|[spread] p2a,p2b
|-supereffective|p2a: Incineroar
|-resisted|p2b: Gothitelle
|-damage|p2a: Incineroar|49/100
|-damage|p2b: Gothitelle|65/100
|cant|p1b: Kingdra|flinch
|
|-weather|SunnyDay|[upkeep]
|-heal|p2b: Gothitelle|71/100|[from] item: Leftovers
|-start|p1a: Kyogre|perish2
|-start|p1b: Kingdra|perish1
|upkeep
|turn|5
|inactive|Jaker0125 has 30 seconds left.
|inactive|Jaker0125 has 20 seconds left.
|
|t:|1750860444
|move|p2a: Incineroar|Protect|p2a: Incineroar
|-singleturn|p2a: Incineroar|Protect
|move|p1a: Kyogre|Origin Pulse|p2b: Gothitelle|[spread] p2b
|-activate|p2a: Incineroar|move: Protect
|-resisted|p2b: Gothitelle
|-damage|p2b: Gothitelle|59/100
|move|p1b: Kingdra|Draco Meteor|p2b: Gothitelle
|-damage|p2b: Gothitelle|0 fnt
|-unboost|p1b: Kingdra|spa|2
|faint|p2b: Gothitelle
|-damage|p1b: Kingdra|53/100|[from] item: Life Orb
|
|-weather|SunnyDay|[upkeep]
|-start|p1a: Kyogre|perish1
|-start|p1b: Kingdra|perish0
|faint|p1b: Kingdra
|upkeep
|
|t:|1750860458
|switch|p1b: Calyrex|Calyrex-Ice, L50|100/100
|switch|p2b: Koraidon|Koraidon, L50|45/100
|-ability|p1b: Calyrex|As One
|-ability|p1b: Calyrex|Unnerve
|-activate|p2b: Koraidon|ability: Orichalcum Pulse
|turn|6
|inactive|knucklee has 30 seconds left.
|inactive|knucklee has 20 seconds left.
|
|t:|1750860495
|switch|p1a: Blastoise|Blastoise, L50, F|96/100
|move|p2b: Koraidon|Protect|p2b: Koraidon
|-singleturn|p2b: Koraidon|Protect
|move|p1b: Calyrex|Protect|p1b: Calyrex
|-singleturn|p1b: Calyrex|Protect
|move|p2a: Incineroar|Flare Blitz|p1b: Calyrex
|-activate|p1b: Calyrex|move: Protect
|
|-weather|SunnyDay|[upkeep]
|upkeep
|turn|7
|inactive|Jaker0125 has 30 seconds left.
|inactive|Jaker0125 has 20 seconds left.
|inactive|Jaker0125 has 15 seconds left.
|inactive|Jaker0125 has 10 seconds left.
|c|☆knucklee|Can you tell I am still learning? haha totally forgot you could switch there
|
|t:|1750860543
|move|p2b: Koraidon|Protect||[still]
|-fail|p2b: Koraidon
|move|p2a: Incineroar|Protect|p2a: Incineroar
|-singleturn|p2a: Incineroar|Protect
|move|p1a: Blastoise|Flip Turn|p2a: Incineroar
|-activate|p2a: Incineroar|move: Protect
|move|p1b: Calyrex|Glacial Lance|p2b: Koraidon|[spread] p2b
|-activate|p2a: Incineroar|move: Protect
|-supereffective|p2b: Koraidon
|-damage|p2b: Koraidon|0 fnt
|faint|p2b: Koraidon
|-ability|p1b: Calyrex|Chilling Neigh|boost
|-boost|p1b: Calyrex|atk|1
|
|-weather|none
|upkeep
|turn|8
|-message|knucklee forfeited.
|
|win|Jaker0125
|raw|Jaker0125's rating: 1313 &rarr; <strong>1328</strong><br />(+15 for winning)
|raw|knucklee's rating: 1216 &rarr; <strong>1198</strong><br />(-18 for losing)
|l|☆knucklee
|player|p2|
|l|☆Jaker0125
|player|p1|
