|j|☆Drumline2OP
|j|☆umbrella999
|t:|1750859260
|gametype|doubles
|player|p1|Drumline2OP|dragontamer|1240
|player|p2|umbrella999|nate|1340
|teamsize|p1|6
|teamsize|p2|6
|gen|9
|tier|[Gen 9] VGC 2025 Reg I
|rated|
|rule|Species Clause: Limit one of each Pokémon
|rule|Item Clause: Limit 1 of each item
|clearpoke
|poke|p1|Rhyperior, L50, M|
|poke|p1|Chien-Pao, L50|
|poke|p1|Calyrex-Ice, L50|
|poke|p1|Garganacl, L50, M|
|poke|p1|Zacian-*, L50|
|poke|p1|Landorus, L50, M|
|poke|p2|Calyrex-Shadow, L50|
|poke|p2|Koraidon, L50|
|poke|p2|Indeedee-F, L50, F|
|poke|p2|Brute Bonnet, L50|
|poke|p2|Chi-Yu, L50|
|poke|p2|Whimsicott, L50, M|
|teampreview|4
|inactive|Battle timer is ON: inactive players will automatically lose when time's up. (requested by Drumline2OP)
|
|t:|1750859303
|start
|switch|p1a: Zacian|Zacian, L50|100/100
|switch|p1b: Garganacl|Garganacl, L50, M|100/100
|switch|p2a: Koraidon|Koraidon, L50|100/100
|switch|p2b: Brute Bonnet|Brute Bonnet, L50|100/100
|-ability|p1a: Zacian|Intrepid Sword|boost
|-boost|p1a: Zacian|atk|1
|-weather|SunnyDay|[from] ability: Orichalcum Pulse|[of] p2a: Koraidon
|-activate|p2b: Brute Bonnet|ability: Protosynthesis
|-start|p2b: Brute Bonnet|protosynthesisspd
|-activate|p2a: Koraidon|Orichalcum Pulse|[source]
|turn|1
|inactive|umbrella999 has 30 seconds left.
|
|t:|1750859328
|-terastallize|p1b: Garganacl|Ghost
|move|p2b: Brute Bonnet|Rage Powder|p2b: Brute Bonnet
|-singleturn|p2b: Brute Bonnet|move: Rage Powder
|move|p1a: Zacian|Play Rough|p2b: Brute Bonnet
|-supereffective|p2b: Brute Bonnet
|-damage|p2b: Brute Bonnet|0 fnt
|-damage|p1a: Zacian|84/100|[from] item: Rocky Helmet|[of] p2b: Brute Bonnet
|faint|p2b: Brute Bonnet
|-end|p2b: Brute Bonnet|Protosynthesis|[silent]
|move|p2a: Koraidon|Flare Blitz|p1a: Zacian
|-damage|p1a: Zacian|0 fnt
|faint|p1a: Zacian
|-damage|p2a: Koraidon|77/100|[from] Recoil
|move|p1b: Garganacl|Iron Defense|p1b: Garganacl
|-boost|p1b: Garganacl|def|2
|
|-weather|SunnyDay|[upkeep]
|upkeep
|
|t:|1750859340
|switch|p1a: Chien-Pao|Chien-Pao, L50|100/100
|switch|p2b: Calyrex|Calyrex-Shadow, L50|100/100
|-ability|p2b: Calyrex|As One
|-ability|p2b: Calyrex|Unnerve
|-ability|p1a: Chien-Pao|Sword of Ruin
|turn|2
|
|t:|1750859354
|switch|p2b: Chi-Yu|Chi-Yu, L50|100/100
|-ability|p2b: Chi-Yu|Beads of Ruin
|move|p1b: Garganacl|Wide Guard|p1b: Garganacl
|-singleturn|p1b: Garganacl|Wide Guard
|move|p1a: Chien-Pao|Ice Spinner|p2a: Koraidon
|-supereffective|p2a: Koraidon
|-damage|p2a: Koraidon|0 fnt
|faint|p2a: Koraidon
|
|-weather|SunnyDay|[upkeep]
|upkeep
|
|t:|1750859363
|switch|p2a: Calyrex|Calyrex-Shadow, L50|100/100
|-ability|p2a: Calyrex|As One
|-ability|p2a: Calyrex|Unnerve
|turn|3
|
|t:|1750859375
|-terastallize|p2a: Calyrex|Ghost
|move|p1a: Chien-Pao|Protect|p1a: Chien-Pao
|-singleturn|p1a: Chien-Pao|Protect
|move|p2b: Chi-Yu|Heat Wave|p1a: Chien-Pao|[spread] p1b
|-activate|p1a: Chien-Pao|move: Protect
|-damage|p1b: Garganacl|54/100
|move|p2a: Calyrex|Psychic|p1b: Garganacl
|-damage|p1b: Garganacl|0 fnt
|faint|p1b: Garganacl
|-ability|p2a: Calyrex|Grim Neigh|boost
|-boost|p2a: Calyrex|spa|1
|
|-weather|SunnyDay|[upkeep]
|upkeep
|
|t:|1750859389
|switch|p1b: Calyrex|Calyrex-Ice, L50|100/100
|-ability|p1b: Calyrex|As One
|-ability|p1b: Calyrex|Unnerve
|turn|4
|
|t:|1750859399
|move|p1b: Calyrex|Protect|p1b: Calyrex
|-singleturn|p1b: Calyrex|Protect
|move|p1a: Chien-Pao|Sucker Punch|p2a: Calyrex
|-supereffective|p2a: Calyrex
|-damage|p2a: Calyrex|0 fnt
|faint|p2a: Calyrex
|move|p2b: Chi-Yu|Heat Wave|p1b: Calyrex|[spread] 
|-activate|p1b: Calyrex|move: Protect
|-miss|p2b: Chi-Yu|p1a: Chien-Pao
|
|-weather|SunnyDay|[upkeep]
|upkeep
|turn|5
|
|t:|1750859407
|move|p2b: Chi-Yu|Heat Wave|p1b: Calyrex|[spread] p1a,p1b
|-supereffective|p1a: Chien-Pao
|-supereffective|p1b: Calyrex
|-enditem|p1a: Chien-Pao|Focus Sash
|-damage|p1a: Chien-Pao|1/100
|-damage|p1b: Calyrex|8/100
|move|p1a: Chien-Pao|Sacred Sword|p2b: Chi-Yu
|-supereffective|p2b: Chi-Yu
|-damage|p2b: Chi-Yu|0 fnt
|faint|p2b: Chi-Yu
|
|win|Drumline2OP
|raw|Drumline2OP's rating: 1240 &rarr; <strong>1272</strong><br />(+32 for winning)
|raw|umbrella999's rating: 1340 &rarr; <strong>1314</strong><br />(-26 for losing)
|l|☆umbrella999
|player|p2|
|l|☆Drumline2OP
|player|p1|
