|j|☆SixthH0kage
|j|☆PullinAPan
|t:|1750771612
|gametype|doubles
|player|p1|SixthH0kage|169|1192
|player|p2|PullinAPan|cheryl|1192
|teamsize|p1|6
|teamsize|p2|6
|gen|9
|tier|[Gen 9] VGC 2025 Reg I
|rated|
|rule|Species Clause: Limit one of each Pokémon
|rule|Item Clause: Limit 1 of each item
|clearpoke
|poke|p1|Groudon, L50|
|poke|p1|Gouging Fire, L50|
|poke|p1|Gyarados, L50, F|
|poke|p1|Slither Wing, L50|
|poke|p1|Incineroar, L50, F|
|poke|p1|Giratina-Origin, L50|
|poke|p2|Koraidon, L50|
|poke|p2|Ho-Oh, L50|
|poke|p2|Flutter Mane, L50|
|poke|p2|Incineroar, L50, M|
|poke|p2|Walking Wake, L50|
|poke|p2|Grimmsnarl, L50, M|
|teampreview|4
|inactive|Battle timer is ON: inactive players will automatically lose when time's up. (requested by SixthH0kage)
SixthH0kage rejected open team sheets.
|inactive|PullinAPan has 60 seconds left.
|inactive|PullinAPan has 30 seconds left.
|
|t:|1750771680
|start
|switch|p1a: Groudon|Groudon, L50|100/100
|switch|p1b: Giratina|Giratina-Origin, L50|100/100
|switch|p2a: Grimmsnarl|Grimmsnarl, L50, M|100/100
|switch|p2b: Walking Dog|Walking Wake, L50|100/100
|-weather|SunnyDay|[from] ability: Drought|[of] p1a: Groudon
|-activate|p2b: Walking Dog|ability: Protosynthesis
|-start|p2b: Walking Dog|protosynthesisspe
|turn|1
|inactive|PullinAPan has 30 seconds left.
|
|t:|1750771706
|move|p1b: Giratina|Protect|p1b: Giratina
|-singleturn|p1b: Giratina|Protect
|move|p2a: Grimmsnarl|Reflect|p2a: Grimmsnarl
|-sidestart|p2: PullinAPan|Reflect
|move|p2b: Walking Dog|Hydro Steam|p1a: Groudon
|-supereffective|p1a: Groudon
|-damage|p1a: Groudon|0 fnt
|faint|p1a: Groudon
|
|-weather|SunnyDay|[upkeep]
|upkeep
|
|t:|1750771720
|switch|p1a: Incineroar|Incineroar, L50, F|100/100
|-ability|p1a: Incineroar|Intimidate|boost
|-unboost|p2a: Grimmsnarl|atk|1
|-unboost|p2b: Walking Dog|atk|1
|turn|2
|
|t:|1750771741
|-end|p2b: Walking Dog|Protosynthesis|[silent]
|switch|p2b: Wolfe's WHAT???|Incineroar, L50, M|100/100
|-ability|p2b: Wolfe's WHAT???|Intimidate|boost
|-unboost|p1a: Incineroar|atk|1
|-unboost|p1b: Giratina|atk|1
|move|p1a: Incineroar|Fake Out|p2b: Wolfe's WHAT???
|-damage|p2b: Wolfe's WHAT???|96/100
|move|p2a: Grimmsnarl|Light Screen|p2a: Grimmsnarl
|-sidestart|p2: PullinAPan|move: Light Screen
|move|p1b: Giratina|Calm Mind|p1b: Giratina
|-boost|p1b: Giratina|spa|1
|-boost|p1b: Giratina|spd|1
|
|-weather|SunnyDay|[upkeep]
|upkeep
|turn|3
|
|t:|1750771758
|move|p1b: Giratina|Protect|p1b: Giratina
|-singleturn|p1b: Giratina|Protect
|move|p2a: Grimmsnarl|Spirit Break|p1b: Giratina
|-activate|p1b: Giratina|move: Protect
|move|p2b: Wolfe's WHAT???|Knock Off|p1b: Giratina
|-activate|p1b: Giratina|move: Protect
|move|p1a: Incineroar|Knock Off|p2a: Grimmsnarl
|-resisted|p2a: Grimmsnarl
|-damage|p2a: Grimmsnarl|95/100
|-enditem|p2a: Grimmsnarl|Light Clay|[from] move: Knock Off|[of] p1a: Incineroar
|
|-weather|SunnyDay|[upkeep]
|upkeep
|turn|4
|inactive|SixthH0kage has 30 seconds left.
|
|t:|1750771787
|-terastallize|p1b: Giratina|Ghost
|move|p1b: Giratina|Draco Meteor|p2b: Wolfe's WHAT???
|-damage|p2b: Wolfe's WHAT???|29/100
|-unboost|p1b: Giratina|spa|2
|move|p2a: Grimmsnarl|Spirit Break|p1b: Giratina
|-damage|p1b: Giratina|88/100
|-unboost|p1b: Giratina|spa|1
|move|p1a: Incineroar|Knock Off|p2b: Wolfe's WHAT???
|-resisted|p2b: Wolfe's WHAT???
|-damage|p2b: Wolfe's WHAT???|22/100
|-enditem|p2b: Wolfe's WHAT???|Safety Goggles|[from] move: Knock Off|[of] p1a: Incineroar
|move|p2b: Wolfe's WHAT???|Parting Shot|p1b: Giratina
|-unboost|p1b: Giratina|atk|1
|-unboost|p1b: Giratina|spa|1
|
|t:|1750771802
|switch|p2b: Walking Dog|Walking Wake, L50|100/100|[from] Parting Shot
|-activate|p2b: Walking Dog|ability: Protosynthesis
|-start|p2b: Walking Dog|protosynthesisspe
|
|-weather|SunnyDay|[upkeep]
|upkeep
|turn|5
|
|t:|1750771812
|move|p1b: Giratina|Protect|p1b: Giratina
|-singleturn|p1b: Giratina|Protect
|move|p2a: Grimmsnarl|Thunder Wave|p1b: Giratina
|-activate|p1b: Giratina|move: Protect
|move|p2b: Walking Dog|Hydro Steam|p1a: Incineroar
|-supereffective|p1a: Incineroar
|-damage|p1a: Incineroar|0 fnt
|faint|p1a: Incineroar
|
|-weather|none
|-end|p2b: Walking Dog|Protosynthesis
|upkeep
|
|t:|1750771828
|switch|p1a: Gouging Fire|Gouging Fire, L50|100/100
|turn|6
|
|t:|1750771843
|-end|p2b: Walking Dog|Protosynthesis|[silent]
|switch|p2b: Wolfe's WHAT???|Incineroar, L50, M|22/100
|-ability|p2b: Wolfe's WHAT???|Intimidate|boost
|-fail|p1a: Gouging Fire|unboost|[from] item: Clear Amulet|[of] p1a: Gouging Fire
|-unboost|p1b: Giratina|atk|1
|switch|p2a: Koraidon|Koraidon, L50|100/100
|-weather|SunnyDay|[from] ability: Orichalcum Pulse|[of] p2a: Koraidon
|-activate|p1a: Gouging Fire|ability: Protosynthesis
|-start|p1a: Gouging Fire|protosynthesisatk
|-activate|p2a: Koraidon|Orichalcum Pulse|[source]
|move|p1a: Gouging Fire|Dragon Dance|p1a: Gouging Fire
|-boost|p1a: Gouging Fire|atk|1
|-boost|p1a: Gouging Fire|spe|1
|move|p1b: Giratina|Calm Mind|p1b: Giratina
|-boost|p1b: Giratina|spa|1
|-boost|p1b: Giratina|spd|1
|
|-weather|SunnyDay|[upkeep]
|upkeep
|turn|7
|
|t:|1750771863
|move|p1a: Gouging Fire|Burning Bulwark|p1a: Gouging Fire
|-singleturn|p1a: Gouging Fire|move: Protect
|move|p1b: Giratina|Protect|p1b: Giratina
|-singleturn|p1b: Giratina|Protect
|move|p2b: Wolfe's WHAT???|Fake Out|p1a: Gouging Fire
|-activate|p1a: Gouging Fire|move: Protect
|move|p2a: Koraidon|Flame Charge|p1a: Gouging Fire
|-activate|p1a: Gouging Fire|move: Protect
|-status|p2a: Koraidon|brn
|
|-weather|SunnyDay|[upkeep]
|-damage|p2a: Koraidon|95/100 brn|[from] brn
|upkeep
|turn|8
|
|t:|1750771880
|move|p1a: Gouging Fire|Dragon Dance|p1a: Gouging Fire
|-boost|p1a: Gouging Fire|atk|1
|-boost|p1a: Gouging Fire|spe|1
|move|p2a: Koraidon|Flame Charge|p1b: Giratina
|-damage|p1b: Giratina|71/100
|-boost|p2a: Koraidon|spe|1
|-damage|p2a: Koraidon|85/100 brn|[from] item: Life Orb
|move|p1b: Giratina|Calm Mind|p1b: Giratina
|-boost|p1b: Giratina|spa|1
|-boost|p1b: Giratina|spd|1
|move|p2b: Wolfe's WHAT???|Flare Blitz|p1b: Giratina
|-damage|p1b: Giratina|16/100
|-damage|p2b: Wolfe's WHAT???|0 fnt|[from] Recoil
|faint|p2b: Wolfe's WHAT???
|
|-weather|SunnyDay|[upkeep]
|-damage|p2a: Koraidon|79/100 brn|[from] brn
|-sideend|p2: PullinAPan|Reflect
|upkeep
|
|t:|1750771893
|switch|p2b: Grimmsnarl|Grimmsnarl, L50, M|95/100
|turn|9
|
|t:|1750771913
|move|p1b: Giratina|Protect|p1b: Giratina
|-singleturn|p1b: Giratina|Protect
|move|p2b: Grimmsnarl|Thunder Wave|p1a: Gouging Fire
|-status|p1a: Gouging Fire|par
|move|p2a: Koraidon|Close Combat|p1a: Gouging Fire
|-damage|p1a: Gouging Fire|50/100 par
|-unboost|p2a: Koraidon|def|1
|-unboost|p2a: Koraidon|spd|1
|-damage|p2a: Koraidon|70/100 brn|[from] item: Life Orb
|cant|p1a: Gouging Fire|par
|
|-weather|SunnyDay|[upkeep]
|-damage|p2a: Koraidon|64/100 brn|[from] brn
|-sideend|p2: PullinAPan|move: Light Screen
|upkeep
|turn|10
|
|t:|1750771937
|move|p2b: Grimmsnarl|Reflect|p2b: Grimmsnarl
|-sidestart|p2: PullinAPan|Reflect
|move|p2a: Koraidon|Flame Charge|p1b: Giratina
|-damage|p1b: Giratina|0 fnt
|-boost|p2a: Koraidon|spe|1
|faint|p1b: Giratina
|-damage|p2a: Koraidon|54/100 brn|[from] item: Life Orb
|move|p1a: Gouging Fire|Raging Fury|p2a: Koraidon
|-resisted|p2a: Koraidon
|-damage|p2a: Koraidon|0 fnt
|faint|p2a: Koraidon
|
|-weather|none
|-end|p1a: Gouging Fire|Protosynthesis
|upkeep
|
|t:|1750771944
|switch|p2a: Walking Dog|Walking Wake, L50|100/100
|turn|11
|
|t:|1750771964
|move|p2a: Walking Dog|Draco Meteor|p1a: Gouging Fire
|-supereffective|p1a: Gouging Fire
|-damage|p1a: Gouging Fire|0 fnt
|-unboost|p2a: Walking Dog|spa|2
|faint|p1a: Gouging Fire
|-end|p1a: Gouging Fire|Protosynthesis|[silent]
|
|win|PullinAPan
|raw|SixthH0kage's rating: 1192 &rarr; <strong>1167</strong><br />(-25 for losing)
|raw|PullinAPan's rating: 1192 &rarr; <strong>1217</strong><br />(+25 for winning)
|l|☆SixthH0kage
|player|p1|
