|j|☆hair bucket
|j|☆samtheworld
|t:|1750728636
|gametype|doubles
|player|p1|hair bucket|doctor|1425
|player|p2|samtheworld|102|1413
|teamsize|p1|6
|teamsize|p2|6
|gen|9
|tier|[Gen 9] VGC 2025 Reg I
|rated|
|rule|Species Clause: Limit one of each Pokémon
|rule|Item Clause: Limit 1 of each item
|clearpoke
|poke|p1|Weezing, L50, M|
|poke|p1|Regigigas, L50|
|poke|p1|Calyrex-Shadow, L50|
|poke|p1|Flutter Mane, L50|
|poke|p1|Iron Hands, L50|
|poke|p1|Koraidon, L50|
|poke|p2|Miraidon, L50|
|poke|p2|Whimsicott, L50, F|
|poke|p2|Chi-Yu, L50|
|poke|p2|Lunala, L50|
|poke|p2|Kingambit, L50, F|
|poke|p2|Iron Bundle, L50|
|teampreview|4
|j| coolio2001
|
|t:|1750728667
|start
|switch|p1a: Koraidon|Koraidon, L50|100/100
|switch|p1b: Weezing|Weezing, L50, M, shiny|100/100
|switch|p2a: Lunala|Lunala, L50|100/100
|switch|p2b: Whimsicott|Whimsicott, L50, F|100/100
|-ability|p1b: Weezing|Neutralizing Gas
|-block|p1a: Koraidon|item: Ability Shield
|-weather|SunnyDay|[from] ability: Orichalcum Pulse|[of] p1a: Koraidon
|-activate|p1a: Koraidon|Orichalcum Pulse|[source]
|turn|1
|
|t:|1750728677
|-terastallize|p1a: Koraidon|Fire
|-terastallize|p2b: Whimsicott|Water
|move|p1a: Koraidon|Flare Blitz|p2a: Lunala
|-damage|p2a: Lunala|3/100
|-damage|p1a: Koraidon|56/100|[from] Recoil
|move|p2b: Whimsicott|Fake Tears|p1b: Weezing
|-unboost|p1b: Weezing|spd|2
|move|p2a: Lunala|Moongeist Beam|p1b: Weezing
|-damage|p1b: Weezing|0 fnt
|faint|p1b: Weezing
|-end|p1b: Weezing|ability: Neutralizing Gas
|
|-weather|SunnyDay|[upkeep]
|upkeep
|
|t:|1750728692
|switch|p1b: Iron Hands|Iron Hands, L50, shiny|100/100
|turn|2
|
|t:|1750728705
|move|p2b: Whimsicott|Tailwind|p2b: Whimsicott
|-sidestart|p2: samtheworld|move: Tailwind
|move|p2a: Lunala|Meteor Beam||[still]
|-prepare|p2a: Lunala|Meteor Beam
|-boost|p2a: Lunala|spa|1
|-enditem|p2a: Lunala|Power Herb
|-anim|p2a: Lunala|Meteor Beam|p1a: Koraidon
|-supereffective|p1a: Koraidon
|-damage|p1a: Koraidon|0 fnt
|faint|p1a: Koraidon
|move|p1b: Iron Hands|Wild Charge|p2b: Whimsicott
|-supereffective|p2b: Whimsicott
|-damage|p2b: Whimsicott|14/100
|-damage|p1b: Iron Hands|87/100|[from] Recoil
|
|-weather|SunnyDay|[upkeep]
|upkeep
|
|t:|1750728709
|switch|p1a: Calyrex|Calyrex-Shadow, L50|100/100
|-ability|p1a: Calyrex|As One
|-ability|p1a: Calyrex|Unnerve
|turn|3
|
|t:|1750728717
|move|p2a: Lunala|Protect|p2a: Lunala
|-singleturn|p2a: Lunala|Protect
|move|p2b: Whimsicott|Moonblast|p1a: Calyrex
|-damage|p1a: Calyrex|76/100
|-unboost|p1a: Calyrex|spa|1
|move|p1a: Calyrex|Astral Barrage|p2b: Whimsicott|[spread] p2b
|-activate|p2a: Lunala|move: Protect
|-damage|p2b: Whimsicott|0 fnt
|faint|p2b: Whimsicott
|-ability|p1a: Calyrex|Grim Neigh|boost
|-boost|p1a: Calyrex|spa|1
|move|p1b: Iron Hands|Ice Punch|p2a: Lunala
|-activate|p2a: Lunala|move: Protect
|
|-weather|SunnyDay|[upkeep]
|upkeep
|
|t:|1750728733
|switch|p2b: Chi-Yu|Chi-Yu, L50|100/100
|-ability|p2b: Chi-Yu|Beads of Ruin
|turn|4
|
|t:|1750728742
|move|p1a: Calyrex|Protect|p1a: Calyrex
|-singleturn|p1a: Calyrex|Protect
|move|p2b: Chi-Yu|Psychic|p1b: Iron Hands
|-supereffective|p1b: Iron Hands
|-damage|p1b: Iron Hands|35/100
|move|p2a: Lunala|Moongeist Beam|p1a: Calyrex
|-activate|p1a: Calyrex|move: Protect
|move|p1b: Iron Hands|Drain Punch|p2b: Chi-Yu
|-supereffective|p2b: Chi-Yu
|-damage|p2b: Chi-Yu|0 fnt
|-heal|p1b: Iron Hands|61/100|[from] drain|[of] p2b: Chi-Yu
|faint|p2b: Chi-Yu
|
|-weather|SunnyDay|[upkeep]
|upkeep
|
|t:|1750728746
|switch|p2b: Miraidon|Miraidon, L50|100/100
|-fieldstart|move: Electric Terrain|[from] ability: Hadron Engine|[of] p2b: Miraidon
|-activate|p1b: Iron Hands|ability: Quark Drive
|-start|p1b: Iron Hands|quarkdriveatk
|turn|5
|
|t:|1750728762
|move|p1a: Calyrex|Protect||[still]
|-fail|p1a: Calyrex
|move|p2b: Miraidon|Dazzling Gleam|p1b: Iron Hands|[spread] p1a,p1b
|-supereffective|p1b: Iron Hands
|-damage|p1a: Calyrex|30/100
|-damage|p1b: Iron Hands|13/100
|move|p2a: Lunala|Moonblast|p1a: Calyrex
|-damage|p1a: Calyrex|0 fnt
|faint|p1a: Calyrex
|move|p1b: Iron Hands|Drain Punch|p2b: Miraidon
|-damage|p2b: Miraidon|47/100
|-heal|p1b: Iron Hands|31/100|[from] drain|[of] p2b: Miraidon
|
|-weather|none
|-sideend|p2: samtheworld|move: Tailwind
|upkeep
|turn|6
|
|t:|1750728770
|move|p2b: Miraidon|Dazzling Gleam|p1b: Iron Hands
|-supereffective|p1b: Iron Hands
|-damage|p1b: Iron Hands|0 fnt
|faint|p1b: Iron Hands
|-end|p1b: Iron Hands|Quark Drive|[silent]
|
|win|samtheworld
|raw|hair bucket's rating: 1425 &rarr; <strong>1404</strong><br />(-21 for losing)
|raw|samtheworld's rating: 1413 &rarr; <strong>1434</strong><br />(+21 for winning)
|l|☆hair bucket
|player|p1|
|l| coolio2001
|l|☆samtheworld
|player|p2|
