|j|☆drakkulll
|j|☆Tobiazz91
|t:|1750805008
|gametype|doubles
|player|p1|drakkulll|giovanni|1327
|player|p2|Tobiazz91|2|1456
|teamsize|p1|6
|teamsize|p2|6
|gen|9
|tier|[Gen 9] VGC 2025 Reg I
|rated|
|rule|Species Clause: Limit one of each Pokémon
|rule|Item Clause: Limit 1 of each item
|clearpoke
|poke|p1|Mightyena, L50, M|
|poke|p1|Lunala, L50|
|poke|p1|Groudon, L50|
|poke|p1|Raging Bolt, L50|
|poke|p1|Chi-Yu, L50|
|poke|p1|Rillaboom, L50, F|
|poke|p2|Lunala, L50|
|poke|p2|Calyrex-Shadow, L50|
|poke|p2|Indeedee-F, L50, F|
|poke|p2|Tornadus, L50, M|
|poke|p2|Ogerpon-Wellspring, L50, F|
|poke|p2|Urshifu-*, L50, M|
|teampreview|4
|inactive|Battle timer is ON: inactive players will automatically lose when time's up. (requested by Tobiazz91)
|
|t:|1750805032
|start
|switch|p1a: Jesus|Lunala, L50|100/100
|switch|p1b: Cthulu|Mightyena, L50, M|100/100
|switch|p2a: Tornadus|Tornadus, L50, M|100/100
|switch|p2b: Ogerpon|Ogerpon-Wellspring, L50, F|100/100
|-ability|p1b: Cthulu|Intimidate|boost
|-unboost|p2a: Tornadus|atk|1
|-unboost|p2b: Ogerpon|atk|1
|turn|1
|inactive|Tobiazz91 has 30 seconds left.
|inactive|Tobiazz91 has 20 seconds left.
|inactive|Tobiazz91 has 15 seconds left.
|
|t:|1750805076
|move|p2b: Ogerpon|Spiky Shield|p2b: Ogerpon
|-singleturn|p2b: Ogerpon|move: Protect
|move|p2a: Tornadus|Bleakwind Storm|p1b: Cthulu|[spread] p1b
|-miss|p2a: Tornadus|p1a: Jesus
|-damage|p1b: Cthulu|54/100
|move|p1b: Cthulu|Yawn|p2b: Ogerpon
|-activate|p2b: Ogerpon|move: Protect
|move|p1a: Jesus|Trick Room|p1a: Jesus
|-fieldstart|move: Trick Room|[of] p1a: Jesus
|
|upkeep
|turn|2
|
|t:|1750805096
|move|p1b: Cthulu|Yawn|p2b: Ogerpon
|-start|p2b: Ogerpon|move: Yawn|[of] p1b: Cthulu
|move|p1a: Jesus|Meteor Beam||[still]
|-prepare|p1a: Jesus|Meteor Beam
|-boost|p1a: Jesus|spa|1
|-enditem|p1a: Jesus|Power Herb
|-anim|p1a: Jesus|Meteor Beam|p2a: Tornadus
|-supereffective|p2a: Tornadus
|-damage|p2a: Tornadus|0 fnt
|faint|p2a: Tornadus
|move|p2b: Ogerpon|Ivy Cudgel|p1a: Jesus|[anim] Ivy Cudgel Water
|-damage|p1a: Jesus|86/100
|
|upkeep
|
|t:|1750805103
|switch|p2a: Lunala|Lunala, L50|100/100
|turn|3
|inactive|drakkulll has 30 seconds left.
|
|t:|1750805136
|switch|p2b: Calyrex|Calyrex-Shadow, L50|100/100
|-ability|p2b: Calyrex|As One
|-ability|p2b: Calyrex|Unnerve
|-terastallize|p2a: Lunala|Fairy
|move|p1b: Cthulu|Foul Play|p2a: Lunala
|-resisted|p2a: Lunala
|-damage|p2a: Lunala|93/100
|move|p1a: Jesus|Moongeist Beam|p2a: Lunala
|-damage|p2a: Lunala|33/100
|move|p2a: Lunala|Moongeist Beam|p1a: Jesus
|-supereffective|p1a: Jesus
|-damage|p1a: Jesus|0 fnt
|faint|p1a: Jesus
|
|upkeep
|
|t:|1750805150
|switch|p1a: Behemoth|Groudon, L50|100/100
|-weather|SunnyDay|[from] ability: Drought|[of] p1a: Behemoth
|turn|4
|
|t:|1750805168
|move|p2b: Calyrex|Protect|p2b: Calyrex
|-singleturn|p2b: Calyrex|Protect
|move|p2a: Lunala|Wide Guard|p2a: Lunala
|-singleturn|p2a: Lunala|Wide Guard
|move|p1b: Cthulu|Foul Play|p2b: Calyrex
|-activate|p2b: Calyrex|move: Protect
|move|p1a: Behemoth|Precipice Blades|p2b: Calyrex|[spread] 
|-activate|p2a: Lunala|move: Wide Guard
|-activate|p2b: Calyrex|move: Wide Guard
|
|-weather|SunnyDay|[upkeep]
|upkeep
|turn|5
|inactive|drakkulll has 30 seconds left.
|
|t:|1750805196
|switch|p2b: Ogerpon|Ogerpon-Wellspring, L50, F|100/100
|-terastallize|p1a: Behemoth|Fire
|move|p2a: Lunala|Wide Guard|p2a: Lunala
|-singleturn|p2a: Lunala|Wide Guard
|move|p1b: Cthulu|Yawn|p2a: Lunala
|-start|p2a: Lunala|move: Yawn|[of] p1b: Cthulu
|move|p1a: Behemoth|Heat Crash|p2b: Ogerpon
|-damage|p2b: Ogerpon|0 fnt
|faint|p2b: Ogerpon
|
|-weather|SunnyDay|[upkeep]
|-fieldend|move: Trick Room
|upkeep
|
|t:|1750805209
|switch|p2b: Calyrex|Calyrex-Shadow, L50|100/100
|-ability|p2b: Calyrex|As One
|-ability|p2b: Calyrex|Unnerve
|turn|6
|
|t:|1750805220
|switch|p1b: Nemo|Chi-Yu, L50|100/100
|-ability|p1b: Nemo|Beads of Ruin
|move|p1a: Behemoth|Protect|p1a: Behemoth
|-singleturn|p1a: Behemoth|Protect
|move|p2b: Calyrex|Astral Barrage|p1a: Behemoth|[spread] p1b
|-activate|p1a: Behemoth|move: Protect
|-resisted|p1b: Nemo
|-damage|p1b: Nemo|69/100
|-damage|p2b: Calyrex|91/100|[from] item: Life Orb
|move|p2a: Lunala|Moongeist Beam|p1a: Behemoth
|-activate|p1a: Behemoth|move: Protect
|
|-weather|SunnyDay|[upkeep]
|-end|p2a: Lunala|move: Yawn|[silent]
|-status|p2a: Lunala|slp
|upkeep
|turn|7
|
|t:|1750805230
|move|p2b: Calyrex|Protect|p2b: Calyrex
|-singleturn|p2b: Calyrex|Protect
|cant|p2a: Lunala|slp
|move|p1b: Nemo|Heat Wave|p2b: Calyrex|[spread] p2a
|-activate|p2b: Calyrex|move: Protect
|-damage|p2a: Lunala|0 fnt
|faint|p2a: Lunala
|move|p1a: Behemoth|Heat Crash|p2b: Calyrex
|-activate|p2b: Calyrex|move: Protect
|
|-weather|SunnyDay|[upkeep]
|upkeep
|turn|8
|
|t:|1750805239
|move|p2b: Calyrex|Astral Barrage|p1a: Behemoth|[spread] p1a,p1b
|-resisted|p1b: Nemo
|-damage|p1a: Behemoth|8/100
|-damage|p1b: Nemo|34/100
|-damage|p2b: Calyrex|81/100|[from] item: Life Orb
|move|p1b: Nemo|Dark Pulse|p2b: Calyrex
|-supereffective|p2b: Calyrex
|-damage|p2b: Calyrex|0 fnt
|faint|p2b: Calyrex
|
|win|drakkulll
|raw|drakkulll's rating: 1327 &rarr; <strong>1354</strong><br />(+27 for winning)
|raw|Tobiazz91's rating: 1456 &rarr; <strong>1429</strong><br />(-27 for losing)
|l|☆Tobiazz91
|player|p2|
|l|☆drakkulll
|player|p1|
