|j|☆chaostnt
|j|☆knucklee
|t:|1750773694
|gametype|doubles
|player|p1|chaostnt|102|1357
|player|p2|knucklee|169|1381
|teamsize|p1|6
|teamsize|p2|6
|gen|9
|tier|[Gen 9] VGC 2025 Reg I
|rated|
|rule|Species Clause: Limit one of each Pokémon
|rule|Item Clause: Limit 1 of each item
|clearpoke
|poke|p1|Miraidon, L50|
|poke|p1|Farigiraf, L50, F|
|poke|p1|Okidogi, L50, M|
|poke|p1|Whimsicott, L50, F|
|poke|p1|Groudon, L50|
|poke|p1|Shiftry, L50, F|
|poke|p2|Calyrex-Shadow, L50|
|poke|p2|Incineroar, L50, F|
|poke|p2|Rillaboom, L50, M|
|poke|p2|Raging Bolt, L50|
|poke|p2|Zamazenta-*, L50|
|poke|p2|Ogerpon-Hearthflame, L50, F|
|teampreview|4
chaostnt has agreed to open team sheets.
|
|t:|1750773722
|start
|switch|p1a: Okidogi|Okidogi, L50, M|100/100
|switch|p1b: Whimsicott|Whimsicott, L50, F|100/100
|switch|p2a: Calyrex|Calyrex-Shadow, L50|100/100
|switch|p2b: Ogerpon|Ogerpon-Hearthflame, L50, F|100/100
|-ability|p2a: Calyrex|As One
|-ability|p2a: Calyrex|Unnerve
|-ability|p2b: Ogerpon|Mold Breaker
|turn|1
|inactive|Battle timer is ON: inactive players will automatically lose when time's up. (requested by knucklee)
|
|t:|1750773738
|-terastallize|p2a: Calyrex|Dark
|move|p1b: Whimsicott|Tailwind|p1b: Whimsicott
|-sidestart|p1: chaostnt|move: Tailwind
|move|p2a: Calyrex|Astral Barrage|p1a: Okidogi|[spread] p1a,p1b
|-damage|p1a: Okidogi|52/100
|-damage|p1b: Whimsicott|12/100
|-damage|p2a: Calyrex|91/100|[from] item: Life Orb
|move|p1a: Okidogi|Knock Off|p2a: Calyrex
|-resisted|p2a: Calyrex
|-damage|p2a: Calyrex|72/100
|-enditem|p2a: Calyrex|Life Orb|[from] move: Knock Off|[of] p1a: Okidogi
|move|p2b: Ogerpon|Ivy Cudgel|p1a: Okidogi|[anim] Ivy Cudgel Fire
|-damage|p1a: Okidogi|6/100
|
|upkeep
|turn|2
|
|t:|1750773763
|move|p2b: Ogerpon|Follow Me|p2b: Ogerpon
|-singleturn|p2b: Ogerpon|move: Follow Me
|move|p1b: Whimsicott|Taunt|p2b: Ogerpon
|-start|p2b: Ogerpon|move: Taunt
|move|p2a: Calyrex|Astral Barrage|p1b: Whimsicott|[spread] p1a,p1b
|-damage|p1a: Okidogi|0 fnt
|-damage|p1b: Whimsicott|0 fnt
|faint|p1a: Okidogi
|faint|p1b: Whimsicott
|-ability|p2a: Calyrex|Grim Neigh|boost
|-boost|p2a: Calyrex|spa|2
|
|upkeep
|
|t:|1750773767
|switch|p1b: Miraidon|Miraidon, L50|100/100
|switch|p1a: Groudon|Groudon, L50|100/100
|-fieldstart|move: Electric Terrain|[from] ability: Hadron Engine|[of] p1b: Miraidon
|-weather|SunnyDay|[from] ability: Drought|[of] p1a: Groudon
|turn|3
|
|t:|1750773783
|switch|p2b: Rillaboom|Rillaboom, L50, M|100/100
|-fieldstart|move: Grassy Terrain|[from] ability: Grassy Surge|[of] p2b: Rillaboom
|-terastallize|p1b: Miraidon|Fairy
|move|p2a: Calyrex|Protect|p2a: Calyrex
|-singleturn|p2a: Calyrex|Protect
|move|p1b: Miraidon|Dazzling Gleam|p2b: Rillaboom|[spread] p2b
|-activate|p2a: Calyrex|move: Protect
|-damage|p2b: Rillaboom|76/100
|move|p1a: Groudon|Rock Slide|p2a: Calyrex|[spread] p2b
|-activate|p2a: Calyrex|move: Protect
|-damage|p2b: Rillaboom|56/100
|
|-weather|SunnyDay|[upkeep]
|-heal|p2a: Calyrex|79/100|[from] Grassy Terrain
|-heal|p2b: Rillaboom|61/100|[from] Grassy Terrain
|upkeep
|turn|4
|
|t:|1750773805
|move|p2b: Rillaboom|Fake Out|p1b: Miraidon
|-damage|p1b: Miraidon|87/100
|cant|p1b: Miraidon|flinch
|move|p1a: Groudon|Rock Slide|p2a: Calyrex|[spread] p2a,p2b
|-damage|p2a: Calyrex|57/100
|-damage|p2b: Rillaboom|40/100
|move|p2a: Calyrex|Astral Barrage|p1a: Groudon|[spread] p1a,p1b
|-damage|p1a: Groudon|0 fnt
|-damage|p1b: Miraidon|7/100
|faint|p1a: Groudon
|-ability|p2a: Calyrex|Grim Neigh|boost
|-boost|p2a: Calyrex|spa|1
|
|-weather|SunnyDay|[upkeep]
|-heal|p1b: Miraidon|13/100|[from] Grassy Terrain
|-heal|p2a: Calyrex|63/100|[from] Grassy Terrain
|-heal|p2b: Rillaboom|46/100|[from] Grassy Terrain
|-sideend|p1: chaostnt|move: Tailwind
|upkeep
|turn|5
|-message|chaostnt forfeited.
|
|win|knucklee
|raw|chaostnt's rating: 1357 &rarr; <strong>1338</strong><br />(-19 for losing)
|raw|knucklee's rating: 1381 &rarr; <strong>1400</strong><br />(+19 for winning)
|l|☆chaostnt
|player|p1|
|l|☆knucklee
|player|p2|
