|j|☆Honored1
|j|☆Auragami
|t:|1750880533
|gametype|doubles
|player|p1|Honored1|silver|
|player|p2|Auragami|burglar|
|teamsize|p1|6
|teamsize|p2|6
|gen|9
|tier|[Gen 9] VGC 2025 Reg I
|rule|Species Clause: Limit one of each Pokémon
|rule|Item Clause: Limit 1 of each item
|clearpoke
|poke|p1|Calyrex-Ice, L50|
|poke|p1|Miraidon, L50|
|poke|p1|Grimmsnarl, L50, M|
|poke|p1|Urshifu-*, L50, F|
|poke|p1|Infernape, L50, F|
|poke|p1|Landorus, L50, M|
|poke|p2|Slowking, L50, M|
|poke|p2|Weezing-Galar, L50, F|
|poke|p2|Baxcalibur, L50, M|
|poke|p2|Kyogre, L50|
|poke|p2|Indeedee-F, L50, F|
|poke|p2|Smeargle, L50, M|
|teampreview|4
|
|t:|1750880568
|start
|switch|p1a: Infernape|Infernape, L50, F|100/100
|switch|p1b: Grimmsnarl|Grimmsnarl, L50, M|100/100
|switch|p2a: LOL GG?|Smeargle, L50, M, shiny|100/100
|switch|p2b: THIS IS MY LINT|Weezing-Galar, L50, F|100/100
|-ability|p2b: THIS IS MY LINT|Neutralizing Gas
|turn|1
|
|t:|1750880595
|-terastallize|p2b: THIS IS MY LINT|Normal
|move|p2a: LOL GG?|Fake Out|p1b: Grimmsnarl
|-damage|p1b: Grimmsnarl|96/100
|move|p1a: Infernape|Focus Blast|p2b: THIS IS MY LINT
|-supereffective|p2b: THIS IS MY LINT
|-damage|p2b: THIS IS MY LINT|0 fnt
|faint|p2b: THIS IS MY LINT
|-end|p2b: THIS IS MY LINT|ability: Neutralizing Gas
|-damage|p1a: Infernape|91/100|[from] item: Life Orb
|cant|p1b: Grimmsnarl|flinch
|
|-ability|p2a: LOL GG?|Moody|boost
|-boost|p2a: LOL GG?|spd|2
|-unboost|p2a: LOL GG?|spe|1
|upkeep
|
|t:|1750880612
|switch|p2b: CIG WHALE|Kyogre, L50|100/100
|-weather|RainDance|[from] ability: Drizzle|[of] p2b: CIG WHALE
|turn|2
|
|t:|1750880641
|switch|p1a: Miraidon|Miraidon, L50|100/100
|-fieldstart|move: Electric Terrain|[from] ability: Hadron Engine|[of] p1a: Miraidon
|move|p2a: LOL GG?|Follow Me|p2a: LOL GG?
|-singleturn|p2a: LOL GG?|move: Follow Me
|move|p1b: Grimmsnarl|Light Screen|p1b: Grimmsnarl
|-sidestart|p1: Honored1|move: Light Screen
|move|p2b: CIG WHALE|Origin Pulse|p1a: Miraidon|[spread] p1a,p1b
|-resisted|p1a: Miraidon
|-damage|p1a: Miraidon|85/100
|-damage|p1b: Grimmsnarl|52/100
|
|-weather|RainDance|[upkeep]
|-ability|p2a: LOL GG?|Moody|boost
|-boost|p2a: LOL GG?|spa|2
|-unboost|p2a: LOL GG?|def|1
|upkeep
|turn|3
|
|t:|1750880663
|move|p1b: Grimmsnarl|Reflect|p1b: Grimmsnarl
|-sidestart|p1: Honored1|Reflect
|move|p2b: CIG WHALE|Origin Pulse|p1a: Miraidon|[spread] p1a,p1b
|-resisted|p1a: Miraidon
|-damage|p1a: Miraidon|68/100
|-damage|p1b: Grimmsnarl|7/100
|move|p1a: Miraidon|Dazzling Gleam|p2b: CIG WHALE|[spread] p2a,p2b
|-damage|p2a: LOL GG?|60/100
|-damage|p2b: CIG WHALE|68/100
|move|p2a: LOL GG?|Spore|p1a: Miraidon
|-activate|p1a: Miraidon|move: Electric Terrain
|
|-weather|RainDance|[upkeep]
|-ability|p2a: LOL GG?|Moody|boost
|-boost|p2a: LOL GG?|spe|2
|-unboost|p2a: LOL GG?|def|1
|upkeep
|turn|4
|
|t:|1750880684
|move|p1b: Grimmsnarl|Thunder Wave|p2b: CIG WHALE
|-status|p2b: CIG WHALE|par
|move|p2a: LOL GG?|Shed Tail|p2a: LOL GG?
|-start|p2a: LOL GG?|Substitute|[from] move: Shed Tail
|-damage|p2a: LOL GG?|10/100
|
|t:|1750880692
|switch|p2a: RRR DEM|Baxcalibur, L50, M|100/100|[from] Shed Tail
|move|p1a: Miraidon|Dazzling Gleam|p2b: CIG WHALE|[spread] p2a,p2b
|-supereffective|p2a: RRR DEM
|-end|p2a: RRR DEM|Substitute
|-crit|p2b: CIG WHALE
|-damage|p2b: CIG WHALE|23/100 par
|cant|p2b: CIG WHALE|par
|
|-weather|RainDance|[upkeep]
|upkeep
|turn|5
|
|t:|1750880711
|switch|p1b: Calyrex|Calyrex-Ice, L50|100/100
|-ability|p1b: Calyrex|As One
|-ability|p1b: Calyrex|Unnerve
|move|p1a: Miraidon|Dazzling Gleam|p2b: CIG WHALE|[spread] p2a,p2b
|-supereffective|p2a: RRR DEM
|-damage|p2a: RRR DEM|19/100
|-damage|p2b: CIG WHALE|0 fnt
|faint|p2b: CIG WHALE
|move|p2a: RRR DEM|Swords Dance|p2a: RRR DEM
|-boost|p2a: RRR DEM|atk|2
|
|-weather|RainDance|[upkeep]
|upkeep
|
|t:|1750880725
|switch|p2b: LOL GG?|Smeargle, L50, M, shiny|10/100
|turn|6
|
|t:|1750880742
|switch|p1a: Infernape|Infernape, L50, F|91/100
|move|p2b: LOL GG?|Fake Out|p1a: Infernape
|-damage|p1a: Infernape|85/100
|move|p2a: RRR DEM|Scale Shot|p1b: Calyrex
|-damage|p1b: Calyrex|89/100
|-damage|p1b: Calyrex|78/100
|-damage|p1b: Calyrex|66/100
|-damage|p1b: Calyrex|56/100
|-damage|p1b: Calyrex|44/100
|-hitcount|p1b: Calyrex|5
|-unboost|p2a: RRR DEM|def|1
|-boost|p2a: RRR DEM|spe|1
|move|p1b: Calyrex|Leech Seed|p2b: LOL GG?
|-start|p2b: LOL GG?|move: Leech Seed
|
|-weather|none
|-heal|p1b: Calyrex|50/100|[from] item: Leftovers
|-damage|p2b: LOL GG?|0 fnt|[from] Leech Seed|[of] p1b: Calyrex
|-heal|p1b: Calyrex|57/100|[silent]
|faint|p2b: LOL GG?
|-fieldend|move: Electric Terrain
|upkeep
|turn|7
|
|t:|1750880768
|move|p1b: Calyrex|Protect|p1b: Calyrex
|-singleturn|p1b: Calyrex|Protect
|move|p1a: Infernape|Vacuum Wave|p2a: RRR DEM
|-supereffective|p2a: RRR DEM
|-damage|p2a: RRR DEM|0 fnt
|faint|p2a: RRR DEM
|-damage|p1a: Infernape|75/100|[from] item: Life Orb
|
|win|Honored1
