|j|☆bananahammuck
|j|☆antisocialwalrus
|t:|1750714272
|gametype|doubles
|player|p1|bananahammuck|169|1470
|player|p2|antisocialwalrus|dawn|1664
|teamsize|p1|6
|teamsize|p2|6
|gen|9
|tier|[Gen 9] VGC 2025 Reg I
|rated|
|rule|Species Clause: Limit one of each Pokémon
|rule|Item Clause: Limit 1 of each item
|clearpoke
|poke|p1|Calyrex-Ice, L50|
|poke|p1|Miraidon, L50|
|poke|p1|Raichu-Alola, L50, F|
|poke|p1|Volcarona, L50, F|
|poke|p1|Scraggy, L50, F|
|poke|p1|Ogerpon-Cornerstone, L50, F|
|poke|p2|Groudon, L50|
|poke|p2|Calyrex-Ice, L50|
|poke|p2|Jumpluff, L50, M|
|poke|p2|Chi-Yu, L50|
|poke|p2|Raging Bolt, L50|
|poke|p2|Flutter Mane, L50|
|teampreview|4
|
|t:|1750714317
|start
|switch|p1a: Miraidon|Miraidon, L50|100/100
|switch|p1b: Raichu|Raichu-Alola, L50, F|100/100
|switch|p2a: Flutter Mane|Flutter Mane, L50|100/100
|switch|p2b: Calyrex|Calyrex-Ice, L50|100/100
|-ability|p2b: Calyrex|As One
|-ability|p2b: Calyrex|Unnerve
|-fieldstart|move: Electric Terrain|[from] ability: Hadron Engine|[of] p1a: Miraidon
|turn|1
|inactive|Battle timer is ON: inactive players will automatically lose when time's up. (requested by bananahammuck)
|
|t:|1750714330
|move|p2a: Flutter Mane|Protect|p2a: Flutter Mane
|-singleturn|p2a: Flutter Mane|Protect
|move|p1b: Raichu|Electroweb|p2a: Flutter Mane|[spread] p2b
|-activate|p2a: Flutter Mane|move: Protect
|-damage|p2b: Calyrex|87/100
|-unboost|p2b: Calyrex|spe|1
|move|p1a: Miraidon|Volt Switch|p2a: Flutter Mane
|-activate|p2a: Flutter Mane|move: Protect
|move|p2b: Calyrex|Glacial Lance|p1b: Raichu|[spread] p1a,p1b
|-supereffective|p1a: Miraidon
|-damage|p1a: Miraidon|0 fnt
|-enditem|p1b: Raichu|Focus Sash
|-damage|p1b: Raichu|1/100
|faint|p1a: Miraidon
|-ability|p2b: Calyrex|Chilling Neigh|boost
|-boost|p2b: Calyrex|atk|1
|
|upkeep
|
|t:|1750714335
|switch|p1a: Ogerpon|Ogerpon-Cornerstone, L50, F|100/100
|turn|2
|inactive|bananahammuck has 30 seconds left.
|inactive|bananahammuck has 20 seconds left.
|
|t:|1750714374
|switch|p2b: Groudon|Groudon, L50|100/100
|-weather|SunnyDay|[from] ability: Drought|[of] p2b: Groudon
|-activate|p2a: Flutter Mane|ability: Protosynthesis
|-start|p2a: Flutter Mane|protosynthesisspe
|-terastallize|p1a: Ogerpon|Rock
|detailschange|p1a: Ogerpon|Ogerpon-Cornerstone-Tera, L50, F, tera:Rock
|-ability|p1a: Ogerpon|Embody Aspect (Cornerstone)|boost
|-boost|p1a: Ogerpon|def|1
|move|p1b: Raichu|Encore|p2a: Flutter Mane
|-start|p2a: Flutter Mane|Encore
|move|p2a: Flutter Mane|Protect|p2a: Flutter Mane
|-singleturn|p2a: Flutter Mane|Protect
|move|p1a: Ogerpon|Ivy Cudgel|p2b: Groudon|[anim] Ivy Cudgel Rock
|-resisted|p2b: Groudon
|-crit|p2b: Groudon
|-damage|p2b: Groudon|61/100
|
|-weather|SunnyDay|[upkeep]
|upkeep
|turn|3
|inactive|bananahammuck has 30 seconds left.
|
|t:|1750714400
|switch|p1b: Calyrex|Calyrex-Ice, L50|100/100
|-ability|p1b: Calyrex|As One
|-ability|p1b: Calyrex|Unnerve
|-end|p2a: Flutter Mane|Protosynthesis|[silent]
|switch|p2a: Calyrex|Calyrex-Ice, L50|87/100
|-ability|p2a: Calyrex|As One
|-ability|p2a: Calyrex|Unnerve
|move|p1a: Ogerpon|Horn Leech|p2b: Groudon
|-supereffective|p2b: Groudon
|-damage|p2b: Groudon|0 fnt
|faint|p2b: Groudon
|
|-weather|SunnyDay|[upkeep]
|upkeep
|
|t:|1750714418
|switch|p2b: Chi-Yu|Chi-Yu, L50|100/100
|-ability|p2b: Chi-Yu|Beads of Ruin
|turn|4
|
|t:|1750714441
|-terastallize|p2a: Calyrex|Water
|move|p1a: Ogerpon|Spiky Shield|p1a: Ogerpon
|-singleturn|p1a: Ogerpon|move: Protect
|move|p2b: Chi-Yu|Overheat|p1a: Ogerpon
|-activate|p1a: Ogerpon|move: Protect
|move|p2a: Calyrex|Imprison|p2a: Calyrex
|-start|p2a: Calyrex|move: Imprison
|move|p1b: Calyrex|High Horsepower|p2b: Chi-Yu
|-supereffective|p2b: Chi-Yu
|-damage|p2b: Chi-Yu|0 fnt
|faint|p2b: Chi-Yu
|-ability|p1b: Calyrex|Chilling Neigh|boost
|-boost|p1b: Calyrex|atk|1
|
|-weather|SunnyDay|[upkeep]
|upkeep
|
|t:|1750714450
|switch|p2b: Flutter Mane|Flutter Mane, L50|100/100
|-activate|p2b: Flutter Mane|ability: Protosynthesis
|-start|p2b: Flutter Mane|protosynthesisspe
|turn|5
|
|t:|1750714465
|move|p2b: Flutter Mane|Moonblast|p1a: Ogerpon
|-damage|p1a: Ogerpon|43/100
|move|p1a: Ogerpon|Horn Leech|p2a: Calyrex
|-supereffective|p2a: Calyrex
|-damage|p2a: Calyrex|31/100
|-heal|p1a: Ogerpon|80/100|[from] drain|[of] p2a: Calyrex
|move|p2a: Calyrex|Leech Seed|p1a: Ogerpon
|-start|p1a: Ogerpon|move: Leech Seed
|move|p1b: Calyrex|High Horsepower|p2b: Flutter Mane
|-enditem|p2b: Flutter Mane|Focus Sash
|-damage|p2b: Flutter Mane|1/100
|
|-weather|SunnyDay|[upkeep]
|-damage|p1a: Ogerpon|68/100|[from] Leech Seed|[of] p2a: Calyrex
|-heal|p2a: Calyrex|41/100|[silent]
|-fieldend|move: Electric Terrain
|upkeep
|turn|6
|-message|antisocialwalrus forfeited.
|
|win|bananahammuck
|raw|bananahammuck's rating: 1470 &rarr; <strong>1500</strong><br />(+30 for winning)
|raw|antisocialwalrus's rating: 1664 &rarr; <strong>1634</strong><br />(-30 for losing)
|l|☆antisocialwalrus
|player|p2|
|c|☆bananahammuck|xD
|l|☆bananahammuck
|player|p1|
