|j|☆TheParasectKing
|j|☆21Kieran
|t:|1750826972
|gametype|doubles
|player|p1|TheParasectKing|acetrainer-gen4dp|
|player|p2|21Kieran|hau-masters|
|teamsize|p1|6
|teamsize|p2|6
|gen|9
|tier|[Gen 9] VGC 2025 Reg I
|rated|Tournament battle
|rule|Species Clause: Limit one of each Pokémon
|rule|Item Clause: Limit 1 of each item
|clearpoke
|poke|p1|Lunala, L50|
|poke|p1|Zamazenta-*, L50|
|poke|p1|Flutter Mane, L50|
|poke|p1|Urshifu-*, L50, M|
|poke|p1|Incineroar, L50, F|
|poke|p1|Rillaboom, L50, M|
|poke|p2|Miraidon, L50|
|poke|p2|Terapagos, L50, M|
|poke|p2|Urshifu-*, L50, F|
|poke|p2|Incineroar, L50, M|
|poke|p2|Sinistcha, L50|
|poke|p2|Landorus, L50, M|
|teampreview|4
|inactive|Battle timer is ON: inactive players will automatically lose when time's up. (requested by TheParasectKing)
21Kieran has agreed to open team sheets.
|c|☆21Kieran|glhf tpk
|c|☆TheParasectKing|glhf!
TheParasectKing has agreed to open team sheets.
|showteam|p1|Lunala||PowerHerb|ShadowShield|MoongeistBeam,MeteorBeam,Moonblast,WideGuard||||||50|,,,,,Water]Zamazenta-Crowned||RustedShield|DauntlessShield|BodyPress,HeavySlam,WideGuard,Protect||||||50|,,,,,Dragon]Flutter Mane||BoosterEnergy|Protosynthesis|Moonblast,ShadowBall,IcyWind,Protect||||||50|,,,,,Normal]Urshifu-Rapid-Strike||FocusSash|UnseenFist|SurgingStrikes,CloseCombat,Taunt,Protect|||M|||50|,,,,,Stellar]Incineroar||AssaultVest|Intimidate|FakeOut,FlareBlitz,KnockOff,Uturn|||F|||50|,,,,,Bug]Rillaboom||MiracleSeed|GrassySurge|FakeOut,GrassyGlide,WoodHammer,Uturn|||M|||50|,,,,,Grass
|showteam|p2|Miraidon||AssaultVest|HadronEngine|ElectroDrift,VoltSwitch,DracoMeteor,Snarl||||||50|,,,,,Electric]Terapagos||ElectricSeed|TeraShift|TeraStarstorm,EarthPower,CalmMind,Protect|||M|||50|,,,,,Stellar]Urshifu-Rapid-Strike||ChoiceScarf|UnseenFist|SurgingStrikes,CloseCombat,RainDance,Uturn|||F|||50|,,,,,Water]Incineroar||RockyHelmet|Intimidate|FakeOut,PartingShot,KnockOff,FlareBlitz|||M|||50|,,,,,Ghost]Sinistcha||FocusSash|Hospitality|ShadowBall,RagePowder,LifeDew,Protect||||||50|,,,,,Fire]Landorus||LifeOrb|SheerForce|EarthPower,SludgeBomb,Protect,SandsearStorm|||M|||50|,,,,,Poison
|
|t:|1750827000
|start
|switch|p1a: Zamazenta|Zamazenta-Crowned, L50|100/100
|switch|p1b: Incineroar|Incineroar, L50, F|100/100
|switch|p2a: Miraidon|Miraidon, L50|100/100
|switch|p2b: Terapagos|Terapagos, L50, M|100/100
|-activate|p2b: Terapagos|ability: Tera Shift
|detailschange|p2b: Terapagos|Terapagos-Terastal, L50, M
|-heal|p2b: Terapagos|100/100|[silent]
|-ability|p1a: Zamazenta|Dauntless Shield|boost
|-boost|p1a: Zamazenta|def|1
|-fieldstart|move: Electric Terrain|[from] ability: Hadron Engine|[of] p2a: Miraidon
|-enditem|p2b: Terapagos|Electric Seed
|-boost|p2b: Terapagos|def|1|[from] item: Electric Seed
|-ability|p1b: Incineroar|Intimidate|boost
|-unboost|p2a: Miraidon|atk|1
|-unboost|p2b: Terapagos|atk|1
|turn|1
|inactive|TheParasectKing has 30 seconds left.
|inactive|TheParasectKing has 20 seconds left.
|inactive|TheParasectKing has 15 seconds left.
|inactive|TheParasectKing has 10 seconds left.
|
|t:|1750827049
|-terastallize|p1a: Zamazenta|Dragon
|move|p1b: Incineroar|Fake Out|p2b: Terapagos
|-activate|p2b: Terapagos|ability: Tera Shell
|-resisted|p2b: Terapagos
|-damage|p2b: Terapagos|97/100
|move|p1a: Zamazenta|Heavy Slam|p2a: Miraidon
|-resisted|p2a: Miraidon
|-damage|p2a: Miraidon|87/100
|move|p2a: Miraidon|Volt Switch|p1a: Zamazenta
|-resisted|p1a: Zamazenta
|-damage|p1a: Zamazenta|72/100
|
|t:|1750827059
|switch|p2a: Incineroar|Incineroar, L50, M, shiny|100/100|[from] Volt Switch
|-ability|p2a: Incineroar|Intimidate|boost
|-unboost|p1a: Zamazenta|atk|1
|-unboost|p1b: Incineroar|atk|1
|cant|p2b: Terapagos|flinch
|
|upkeep
|turn|2
|
|t:|1750827075
|move|p1a: Zamazenta|Protect|p1a: Zamazenta
|-singleturn|p1a: Zamazenta|Protect
|move|p2a: Incineroar|Fake Out|p1a: Zamazenta
|-activate|p1a: Zamazenta|move: Protect
|move|p2b: Terapagos|Calm Mind|p2b: Terapagos
|-boost|p2b: Terapagos|spa|1
|-boost|p2b: Terapagos|spd|1
|move|p1b: Incineroar|Knock Off|p2b: Terapagos
|-damage|p2b: Terapagos|87/100
|
|upkeep
|turn|3
|c|☆21Kieran|._.
|inactive|TheParasectKing has 30 seconds left.
|
|t:|1750827101
|switch|p2a: Sinistcha|Sinistcha, L50|100/100
|-heal|p2b: Terapagos|100/100|[from] ability: Hospitality|[of] p2a: Sinistcha
|-terastallize|p2b: Terapagos|Stellar
|detailschange|p2b: Terapagos|Terapagos-Stellar, L50, M, tera:Stellar
|-heal|p2b: Terapagos|100/100|[silent]
|-ability|p2b: Terapagos|Teraform Zero
|-fieldend|move: Electric Terrain
|move|p1a: Zamazenta|Body Press|p2b: Terapagos
|-supereffective|p2b: Terapagos
|-damage|p2b: Terapagos|61/100
|move|p2b: Terapagos|Tera Starstorm|p1b: Incineroar|[spread] p1a,p1b
|-supereffective|p1a: Zamazenta
|-damage|p1a: Zamazenta|0 fnt
|-damage|p1b: Incineroar|63/100
|faint|p1a: Zamazenta
|move|p1b: Incineroar|U-turn|p2b: Terapagos
|-damage|p2b: Terapagos|55/100
|
|t:|1750827108
|switch|p1b: Lunala|Lunala, L50|100/100|[from] U-turn
|
|upkeep
|
|t:|1750827110
|switch|p1a: Incineroar|Incineroar, L50, F|63/100
|-ability|p1a: Incineroar|Intimidate|boost
|-unboost|p2a: Sinistcha|atk|1
|-unboost|p2b: Terapagos|atk|1
|turn|4
|j| Tindall64
|
|t:|1750827132
|switch|p2a: Incineroar|Incineroar, L50, M, shiny|100/100
|-ability|p2a: Incineroar|Intimidate|boost
|-unboost|p1a: Incineroar|atk|1
|-unboost|p1b: Lunala|atk|1
|move|p2b: Terapagos|Protect|p2b: Terapagos
|-singleturn|p2b: Terapagos|Protect
|move|p1a: Incineroar|Fake Out|p2b: Terapagos
|-activate|p2b: Terapagos|move: Protect
|move|p1b: Lunala|Moongeist Beam|p2a: Incineroar
|-resisted|p2a: Incineroar
|-damage|p2a: Incineroar|77/100
|
|upkeep
|turn|5
|
|t:|1750827140
|switch|p1b: Rillaboom|Rillaboom, L50, M|100/100
|-fieldstart|move: Grassy Terrain|[from] ability: Grassy Surge|[of] p1b: Rillaboom
|move|p2b: Terapagos|Earth Power|p1a: Incineroar
|-supereffective|p1a: Incineroar
|-damage|p1a: Incineroar|0 fnt
|faint|p1a: Incineroar
|move|p2a: Incineroar|Knock Off|p1b: Rillaboom
|-damage|p1b: Rillaboom|68/100
|-enditem|p1b: Rillaboom|Miracle Seed|[from] move: Knock Off|[of] p2a: Incineroar
|
|-heal|p1b: Rillaboom|74/100|[from] Grassy Terrain
|-heal|p2b: Terapagos|61/100|[from] Grassy Terrain
|-heal|p2a: Incineroar|83/100|[from] Grassy Terrain
|upkeep
|
|t:|1750827144
|switch|p1a: Lunala|Lunala, L50|100/100
|turn|6
|-message|TheParasectKing forfeited.
|
|win|21Kieran
|n|☆TheParasectKing|theparasectking
|n|☆21Kieran|21kieran
|n| Tindall64|tindall64
