|j|☆Blu94
|j|☆Gnello11
|t:|1750861747
|gametype|doubles
|player|p1|Blu94|266|1422
|player|p2|Gnello11|170|1433
|teamsize|p1|6
|teamsize|p2|6
|gen|9
|tier|[Gen 9] VGC 2025 Reg I
|rated|
|rule|Species Clause: Limit one of each Pokémon
|rule|Item Clause: Limit 1 of each item
|clearpoke
|poke|p1|Zacian-*, L50|
|poke|p1|Miraidon, L50|
|poke|p1|Pelipper, L50, F|
|poke|p1|Whimsicott, L50, F|
|poke|p1|Okidogi, L50, M|
|poke|p1|Urshifu-*, L50, F|
|poke|p2|Calyrex-Shadow, L50|
|poke|p2|Incineroar, L50, M|
|poke|p2|Rillaboom, L50, F|
|poke|p2|Landorus, L50, M|
|poke|p2|Grimmsnarl, L50, M|
|poke|p2|Zamazenta-*, L50|
|teampreview|4
Blu94 rejected open team sheets.
|inactive|Battle timer is ON: inactive players will automatically lose when time's up. (requested by Blu94)
|
|t:|1750861794
|start
|switch|p1a: Okidogi|Okidogi, L50, M|100/100
|switch|p1b: Urshifu|Urshifu-Rapid-Strike, L50, F|100/100
|switch|p2a: Landorus|Landorus, L50, M|100/100
|switch|p2b: Grimmsnarl|Grimmsnarl, L50, M|100/100
|turn|1
|
|t:|1750861814
|move|p2b: Grimmsnarl|Thunder Wave|p1b: Urshifu
|-status|p1b: Urshifu|par
|move|p2a: Landorus|U-turn|p1b: Urshifu
|-resisted|p1b: Urshifu
|-damage|p1b: Urshifu|91/100 par
|
|t:|1750861824
|switch|p2a: Rillaboom|Rillaboom, L50, F|100/100|[from] U-turn
|-fieldstart|move: Grassy Terrain|[from] ability: Grassy Surge|[of] p2a: Rillaboom
|move|p1b: Urshifu|Surging Strikes|p2a: Rillaboom
|-resisted|p2a: Rillaboom
|-crit|p2a: Rillaboom
|-damage|p2a: Rillaboom|90/100
|-resisted|p2a: Rillaboom
|-crit|p2a: Rillaboom
|-damage|p2a: Rillaboom|80/100
|-resisted|p2a: Rillaboom
|-crit|p2a: Rillaboom
|-damage|p2a: Rillaboom|70/100
|-hitcount|p2a: Rillaboom|3
|move|p1a: Okidogi|Poison Jab|p2b: Grimmsnarl
|-supereffective|p2b: Grimmsnarl
|-damage|p2b: Grimmsnarl|16/100
|
|-heal|p2a: Rillaboom|76/100|[from] Grassy Terrain
|-heal|p1b: Urshifu|98/100 par|[from] Grassy Terrain
|-heal|p2b: Grimmsnarl|22/100|[from] Grassy Terrain
|upkeep
|turn|2
|inactive|Blu94 has 30 seconds left.
|inactive|Gnello11 has 30 seconds left.
|inactive|Blu94 has 20 seconds left.
|inactive|Gnello11 has 20 seconds left.
|inactive|Blu94 has 15 seconds left.
|inactive|Gnello11 has 15 seconds left.
|inactive|Blu94 has 10 seconds left.
|inactive|Gnello11 has 10 seconds left.
|inactive|Gnello11 has 5 seconds left.
|
|t:|1750861879
|move|p2a: Rillaboom|Grassy Glide|p1b: Urshifu
|-supereffective|p1b: Urshifu
|-damage|p1b: Urshifu|23/100 par
|move|p1b: Urshifu|Surging Strikes|p2a: Rillaboom
|-resisted|p2a: Rillaboom
|-crit|p2a: Rillaboom
|-damage|p2a: Rillaboom|65/100
|-resisted|p2a: Rillaboom
|-crit|p2a: Rillaboom
|-damage|p2a: Rillaboom|54/100
|-resisted|p2a: Rillaboom
|-crit|p2a: Rillaboom
|-damage|p2a: Rillaboom|45/100
|-hitcount|p2a: Rillaboom|3
|move|p1a: Okidogi|Poison Jab|p2b: Grimmsnarl
|-supereffective|p2b: Grimmsnarl
|-damage|p2b: Grimmsnarl|0 fnt
|faint|p2b: Grimmsnarl
|
|-heal|p2a: Rillaboom|51/100|[from] Grassy Terrain
|-heal|p1b: Urshifu|29/100 par|[from] Grassy Terrain
|upkeep
|
|t:|1750861900
|switch|p2b: Calyrex|Calyrex-Shadow, L50|100/100
|-ability|p2b: Calyrex|As One
|-ability|p2b: Calyrex|Unnerve
|turn|3
|
|t:|1750861916
|switch|p2a: Landorus|Landorus, L50, M|100/100
|-terastallize|p1a: Okidogi|Dark
|move|p2b: Calyrex|Astral Barrage|p1b: Urshifu|[spread] p1a,p1b
|-resisted|p1a: Okidogi
|-damage|p1a: Okidogi|83/100
|-damage|p1b: Urshifu|0 fnt
|faint|p1b: Urshifu
|-ability|p2b: Calyrex|Grim Neigh|boost
|-boost|p2b: Calyrex|spa|1
|move|p1a: Okidogi|Knock Off|p2b: Calyrex
|-supereffective|p2b: Calyrex
|-enditem|p2b: Calyrex|Focus Sash
|-damage|p2b: Calyrex|1/100
|
|-heal|p2b: Calyrex|7/100|[from] Grassy Terrain
|-heal|p1a: Okidogi|89/100|[from] Grassy Terrain
|upkeep
|
|t:|1750861934
|switch|p1b: Pelipper|Pelipper, L50, F|100/100
|-weather|RainDance|[from] ability: Drizzle|[of] p1b: Pelipper
|turn|4
|
|t:|1750861956
|move|p2b: Calyrex|Protect|p2b: Calyrex
|-singleturn|p2b: Calyrex|Protect
|move|p2a: Landorus|Earth Power|p1a: Okidogi
|-damage|p1a: Okidogi|52/100
|move|p1b: Pelipper|Tailwind|p1b: Pelipper
|-sidestart|p1: Blu94|move: Tailwind
|move|p1a: Okidogi|Poison Jab|p2b: Calyrex
|-activate|p2b: Calyrex|move: Protect
|
|-weather|RainDance|[upkeep]
|-heal|p2b: Calyrex|14/100|[from] Grassy Terrain
|-heal|p1a: Okidogi|58/100|[from] Grassy Terrain
|upkeep
|turn|5
|
|t:|1750861974
|move|p2a: Landorus|Earth Power|p1a: Okidogi
|-damage|p1a: Okidogi|22/100
|move|p1b: Pelipper|Weather Ball|p2b: Calyrex
|-damage|p2b: Calyrex|0 fnt
|faint|p2b: Calyrex
|move|p1a: Okidogi|Knock Off|p2a: Landorus
|-damage|p2a: Landorus|45/100
|-enditem|p2a: Landorus|Choice Scarf|[from] move: Knock Off|[of] p1a: Okidogi
|
|-weather|RainDance|[upkeep]
|-heal|p1a: Okidogi|28/100|[from] Grassy Terrain
|-fieldend|move: Grassy Terrain
|upkeep
|-message|Gnello11 forfeited.
|
|win|Blu94
|raw|Blu94's rating: 1422 &rarr; <strong>1443</strong><br />(+21 for winning)
|raw|Gnello11's rating: 1433 &rarr; <strong>1412</strong><br />(-21 for losing)
|l|☆Gnello11
|player|p2|
|l|☆Blu94
|player|p1|
