|j|☆mysteryperson101
|j|☆TheIsley
|t:|1750860006
|gametype|doubles
|player|p1|mysteryperson101|102|1231
|player|p2|TheIsley|pokemonranger-gen4|1261
|teamsize|p1|6
|teamsize|p2|6
|gen|9
|tier|[Gen 9] VGC 2025 Reg I
|rated|
|rule|Species Clause: Limit one of each Pokémon
|rule|Item Clause: Limit 1 of each item
|clearpoke
|poke|p1|Lunala, L50|
|poke|p1|Ursaluna, L50, M|
|poke|p1|Urshifu-*, L50, M|
|poke|p1|Miraidon, L50|
|poke|p1|Grimmsnarl, L50, M|
|poke|p1|Incineroar, L50, M|
|poke|p2|Koraidon, L50|
|poke|p2|Reshiram, L50|
|poke|p2|Tornadus, L50, M|
|poke|p2|Brute Bonnet, L50|
|poke|p2|Flutter Mane, L50|
|poke|p2|Incineroar, L50, M|
|teampreview|4
|j| DaTryharder3
|inactive|Battle timer is ON: inactive players will automatically lose when time's up. (requested by TheIsley)
|
|t:|1750860024
|start
|switch|p1a: Incineroar|Incineroar, L50, M|100/100
|switch|p1b: Grimmsnarl|Grimmsnarl, L50, M|100/100
|switch|p2a: Koraidon|Koraidon, L50|100/100
|switch|p2b: Flutter Mane|Flutter Mane, L50, shiny|100/100
|-weather|SunnyDay|[from] ability: Orichalcum Pulse|[of] p2a: Koraidon
|-activate|p2b: Flutter Mane|ability: Protosynthesis
|-start|p2b: Flutter Mane|protosynthesisspe
|-activate|p2a: Koraidon|Orichalcum Pulse|[source]
|-ability|p1a: Incineroar|Intimidate|boost
|-unboost|p2a: Koraidon|atk|1
|-unboost|p2b: Flutter Mane|atk|1
|turn|1
|
|t:|1750860044
|-terastallize|p2a: Koraidon|Fire
|move|p1a: Incineroar|Fake Out|p2a: Koraidon
|-damage|p2a: Koraidon|91/100
|move|p1b: Grimmsnarl|Reflect|p1b: Grimmsnarl
|-sidestart|p1: mysteryperson101|Reflect
|move|p2b: Flutter Mane|Moonblast|p1b: Grimmsnarl
|-supereffective|p1b: Grimmsnarl
|-damage|p1b: Grimmsnarl|13/100
|cant|p2a: Koraidon|flinch
|
|-weather|SunnyDay|[upkeep]
|upkeep
|turn|2
|inactive|mysteryperson101 has 30 seconds left.
|inactive|mysteryperson101 has 20 seconds left.
|inactive|mysteryperson101 has 15 seconds left.
|inactive|mysteryperson101 has 10 seconds left.
|
|t:|1750860090
|move|p1b: Grimmsnarl|Thunder Wave|p2a: Koraidon
|-status|p2a: Koraidon|par
|move|p2b: Flutter Mane|Moonblast|p1b: Grimmsnarl
|-supereffective|p1b: Grimmsnarl
|-damage|p1b: Grimmsnarl|0 fnt
|faint|p1b: Grimmsnarl
|move|p2a: Koraidon|U-turn|p1a: Incineroar
|-damage|p1a: Incineroar|86/100
|-damage|p2a: Koraidon|74/100 par|[from] item: Rocky Helmet|[of] p1a: Incineroar
|
|t:|1750860099
|switch|p2a: Reshiram|Reshiram, L50, shiny|100/100|[from] U-turn
|-ability|p2a: Reshiram|Turboblaze
|move|p1a: Incineroar|Parting Shot|p2a: Reshiram
|-unboost|p2a: Reshiram|atk|1
|-unboost|p2a: Reshiram|spa|1
|
|t:|1750860110
|switch|p1a: Miraidon|Miraidon, L50|100/100|[from] Parting Shot
|-fieldstart|move: Electric Terrain|[from] ability: Hadron Engine|[of] p1a: Miraidon
|
|-weather|SunnyDay|[upkeep]
|upkeep
|
|t:|1750860117
|switch|p1b: Incineroar|Incineroar, L50, M|86/100
|-ability|p1b: Incineroar|Intimidate|boost
|-unboost|p2a: Reshiram|atk|1
|-unboost|p2b: Flutter Mane|atk|1
|turn|3
|
|t:|1750860128
|switch|p2a: Incineroar|Incineroar, L50, M, shiny|100/100
|-ability|p2a: Incineroar|Intimidate|boost
|-unboost|p1a: Miraidon|atk|1
|-unboost|p1b: Incineroar|atk|1
|-terastallize|p1a: Miraidon|Electric
|move|p2b: Flutter Mane|Protect|p2b: Flutter Mane
|-singleturn|p2b: Flutter Mane|Protect
|move|p1b: Incineroar|Fake Out|p2a: Incineroar
|-damage|p2a: Incineroar|95/100
|move|p1a: Miraidon|Electro Drift|p2a: Incineroar
|-damage|p2a: Incineroar|0 fnt
|faint|p2a: Incineroar
|
|-weather|SunnyDay|[upkeep]
|upkeep
|
|t:|1750860143
|switch|p2a: Reshiram|Reshiram, L50, shiny|100/100
|-ability|p2a: Reshiram|Turboblaze
|turn|4
|
|t:|1750860156
|move|p2b: Flutter Mane|Moonblast|p1a: Miraidon
|-damage|p1a: Miraidon|74/100
|move|p1a: Miraidon|Electro Drift|p2b: Flutter Mane
|-enditem|p2b: Flutter Mane|Focus Sash
|-damage|p2b: Flutter Mane|1/100
|move|p2a: Reshiram|Fusion Flare|p1a: Miraidon
|-damage|p1a: Miraidon|26/100
|move|p1b: Incineroar|Knock Off|p2a: Reshiram
|-damage|p2a: Reshiram|80/100
|-enditem|p2a: Reshiram|Assault Vest|[from] move: Knock Off|[of] p1b: Incineroar
|
|-weather|SunnyDay|[upkeep]
|upkeep
|turn|5
|inactive|TheIsley has 30 seconds left.
|inactive|TheIsley has 20 seconds left.
|
|t:|1750860196
|move|p2b: Flutter Mane|Moonblast|p1a: Miraidon
|-damage|p1a: Miraidon|0 fnt
|faint|p1a: Miraidon
|move|p2a: Reshiram|Earth Power|p1b: Incineroar
|-supereffective|p1b: Incineroar
|-damage|p1b: Incineroar|20/100
|move|p1b: Incineroar|Knock Off|p2b: Flutter Mane
|-damage|p2b: Flutter Mane|0 fnt
|faint|p2b: Flutter Mane
|-end|p2b: Flutter Mane|Protosynthesis|[silent]
|
|-weather|none
|upkeep
|inactive|mysteryperson101 has 30 seconds left.
|inactive|mysteryperson101 has 20 seconds left.
|inactive|mysteryperson101 has 15 seconds left.
|inactive|mysteryperson101 has 10 seconds left.
|
|t:|1750860242
|switch|p2b: Koraidon|Koraidon, L50, tera:Fire|74/100 par
|switch|p1a: Lunala|Lunala, L50|100/100
|-weather|SunnyDay|[from] ability: Orichalcum Pulse|[of] p2b: Koraidon
|-activate|p2b: Koraidon|Orichalcum Pulse|[source]
|-enditem|p1a: Lunala|Electric Seed
|-boost|p1a: Lunala|def|1|[from] item: Electric Seed
|turn|6
|inactive|TheIsley has 30 seconds left.
|
|t:|1750860275
|move|p1a: Lunala|Moonblast|p2a: Reshiram
|-damage|p2a: Reshiram|52/100
|move|p2a: Reshiram|Heat Wave|p1b: Incineroar|[spread] p1a,p1b
|-resisted|p1b: Incineroar
|-damage|p1a: Lunala|79/100
|-damage|p1b: Incineroar|0 fnt
|faint|p1b: Incineroar
|cant|p2b: Koraidon|par
|
|-weather|SunnyDay|[upkeep]
|-fieldend|move: Electric Terrain
|upkeep
|turn|7
|inactive|mysteryperson101 has 30 seconds left.
|-message|mysteryperson101 forfeited.
|
|win|TheIsley
|raw|mysteryperson101's rating: 1231 &rarr; <strong>1208</strong><br />(-23 for losing)
|raw|TheIsley's rating: 1261 &rarr; <strong>1284</strong><br />(+23 for winning)
|l|☆mysteryperson101
|player|p1|
|l|☆TheIsley
|player|p2|
|l| DaTryharder3
