|j|☆APigeonVGC
|j|☆candytrouble
|t:|1750776818
|gametype|doubles
|player|p1|APigeonVGC|li|1133
|player|p2|candytrouble|flannery|1082
|teamsize|p1|6
|teamsize|p2|6
|gen|9
|tier|[Gen 9] VGC 2025 Reg I
|rated|
|rule|Species Clause: Limit one of each Pokémon
|rule|Item Clause: Limit 1 of each item
|clearpoke
|poke|p1|Groudon, L50|
|poke|p1|Ho-Oh, L50|
|poke|p1|Vikavolt, L50, M|
|poke|p1|Flutter Mane, L50|
|poke|p1|Amoonguss, L50, F|
|poke|p1|Scream Tail, L50|
|poke|p2|Calyrex-Shadow, L50|
|poke|p2|Zamazenta-*, L50|
|poke|p2|Incineroar, L50, F|
|poke|p2|Urshifu-*, L50, M|
|poke|p2|Rillaboom, L50, M|
|poke|p2|Ogerpon-Hearthflame, L50, F|
|teampreview|4
|inactive|Battle timer is ON: inactive players will automatically lose when time's up. (requested by APigeonVGC)
candytrouble rejected open team sheets.
|inactive|APigeonVGC has 60 seconds left.
|
|t:|1750776879
|start
|switch|p1a: Vikavolt|Vikavolt, L50, M|100/100
|switch|p1b: Ho-Oh|Ho-Oh, L50|100/100
|switch|p2a: Calyrex|Calyrex-Shadow, L50|100/100
|switch|p2b: Incineroar|Incineroar, L50, F|100/100
|-ability|p2a: Calyrex|As One
|-ability|p2a: Calyrex|Unnerve
|-ability|p2b: Incineroar|Intimidate|boost
|-unboost|p1a: Vikavolt|atk|1
|-fail|p1b: Ho-Oh|unboost|[from] item: Clear Amulet|[of] p1b: Ho-Oh
|turn|1
|inactive|APigeonVGC has 30 seconds left.
|
|t:|1750776908
|move|p2b: Incineroar|Fake Out|p1b: Ho-Oh
|-damage|p1b: Ho-Oh|91/100
|move|p2a: Calyrex|Nasty Plot|p2a: Calyrex
|-boost|p2a: Calyrex|spa|2
|cant|p1b: Ho-Oh|flinch
|move|p1a: Vikavolt|Struggle Bug|p2b: Incineroar|[spread] p2a,p2b
|-damage|p2a: Calyrex|83/100
|-damage|p2b: Incineroar|80/100
|-unboost|p2a: Calyrex|spa|1
|-unboost|p2b: Incineroar|spa|1
|
|upkeep
|turn|2
|
|t:|1750776930
|move|p2a: Calyrex|Astral Barrage|p1b: Ho-Oh|[spread] p1a,p1b
|-damage|p1a: Vikavolt|28/100
|-damage|p1b: Ho-Oh|34/100
|-damage|p2a: Calyrex|74/100|[from] item: Life Orb
|move|p1b: Ho-Oh|Tailwind|p1b: Ho-Oh
|-sidestart|p1: APigeonVGC|move: Tailwind
|move|p1a: Vikavolt|Struggle Bug|p2a: Calyrex|[spread] p2a,p2b
|-crit|p2a: Calyrex
|-damage|p2a: Calyrex|43/100
|-damage|p2b: Incineroar|60/100
|-unboost|p2a: Calyrex|spa|1
|-unboost|p2b: Incineroar|spa|1
|move|p2b: Incineroar|Knock Off|p1b: Ho-Oh
|-damage|p1b: Ho-Oh|3/100
|-enditem|p1b: Ho-Oh|Clear Amulet|[from] move: Knock Off|[of] p2b: Incineroar
|
|upkeep
|turn|3
|
|t:|1750776954
|move|p1b: Ho-Oh|Protect|p1b: Ho-Oh
|-singleturn|p1b: Ho-Oh|Protect
|move|p2a: Calyrex|Protect|p2a: Calyrex
|-singleturn|p2a: Calyrex|Protect
|move|p1a: Vikavolt|Volt Switch|p2b: Incineroar
|-damage|p2b: Incineroar|23/100
|
|t:|1750776962
|switch|p1a: Scream Tail|Scream Tail, L50|100/100|[from] Volt Switch
|move|p2b: Incineroar|Knock Off|p1b: Ho-Oh
|-activate|p1b: Ho-Oh|move: Protect
|
|upkeep
|turn|4
|inactive|APigeonVGC has 30 seconds left.
|
|t:|1750776996
|switch|p1b: Groudon|Groudon, L50|100/100
|-weather|SunnyDay|[from] ability: Drought|[of] p1b: Groudon
|-activate|p1a: Scream Tail|ability: Protosynthesis
|-start|p1a: Scream Tail|protosynthesisspe
|-terastallize|p2a: Calyrex|Dark
|move|p1a: Scream Tail|Disable|p2b: Incineroar
|-start|p2b: Incineroar|Disable|Knock Off
|move|p2a: Calyrex|Astral Barrage|p1a: Scream Tail|[spread] p1a,p1b
|-supereffective|p1a: Scream Tail
|-damage|p1a: Scream Tail|11/100
|-damage|p1b: Groudon|35/100
|-damage|p2a: Calyrex|34/100|[from] item: Life Orb
|move|p2b: Incineroar|Parting Shot|p1a: Scream Tail
|-unboost|p1a: Scream Tail|atk|1
|-unboost|p1a: Scream Tail|spa|1
|
|t:|1750777012
|switch|p2b: Rillaboom|Rillaboom, L50, M|100/100|[from] Parting Shot
|-fieldstart|move: Grassy Terrain|[from] ability: Grassy Surge|[of] p2b: Rillaboom
|
|-weather|SunnyDay|[upkeep]
|-heal|p1a: Scream Tail|17/100|[from] Grassy Terrain
|-heal|p1b: Groudon|41/100|[from] Grassy Terrain
|-heal|p2a: Calyrex|40/100|[from] Grassy Terrain
|upkeep
|turn|5
|
|t:|1750777028
|move|p1a: Scream Tail|Protect|p1a: Scream Tail
|-singleturn|p1a: Scream Tail|Protect
|move|p1b: Groudon|Protect|p1b: Groudon
|-singleturn|p1b: Groudon|Protect
|move|p2a: Calyrex|Protect|p2a: Calyrex
|-singleturn|p2a: Calyrex|Protect
|move|p2b: Rillaboom|Fake Out|p1a: Scream Tail
|-activate|p1a: Scream Tail|move: Protect
|
|-weather|SunnyDay|[upkeep]
|-heal|p1a: Scream Tail|23/100|[from] Grassy Terrain
|-heal|p1b: Groudon|47/100|[from] Grassy Terrain
|-heal|p2a: Calyrex|45/100|[from] Grassy Terrain
|-sideend|p1: APigeonVGC|move: Tailwind
|upkeep
|turn|6
|
|t:|1750777040
|-terastallize|p1b: Groudon|Fire
|move|p2b: Rillaboom|Grassy Glide|p1a: Scream Tail
|-damage|p1a: Scream Tail|1/100
|move|p1a: Scream Tail|Encore|p2a: Calyrex
|-start|p2a: Calyrex|Encore
|move|p2a: Calyrex|Protect||[still]
|-fail|p2a: Calyrex
|move|p1b: Groudon|Fire Punch|p2b: Rillaboom
|-supereffective|p2b: Rillaboom
|-damage|p2b: Rillaboom|0 fnt
|faint|p2b: Rillaboom
|-damage|p1b: Groudon|38/100|[from] item: Life Orb
|
|-weather|SunnyDay|[upkeep]
|-heal|p1a: Scream Tail|7/100|[from] Grassy Terrain
|-heal|p2a: Calyrex|51/100|[from] Grassy Terrain
|-heal|p1b: Groudon|44/100|[from] Grassy Terrain
|upkeep
|
|t:|1750777055
|switch|p2b: Urshifu|Urshifu-Rapid-Strike, L50, M|100/100
|turn|7
|
|t:|1750777067
|switch|p2a: Incineroar|Incineroar, L50, F|23/100
|-enditem|p1a: Scream Tail|Sitrus Berry|[eat]
|-heal|p1a: Scream Tail|32/100|[from] item: Sitrus Berry
|-ability|p2a: Incineroar|Intimidate|boost
|-unboost|p1a: Scream Tail|atk|1
|-unboost|p1b: Groudon|atk|1
|move|p1a: Scream Tail|Thunder Wave|p2b: Urshifu
|-status|p2b: Urshifu|par
|move|p1b: Groudon|Fire Punch|p2a: Incineroar
|-resisted|p2a: Incineroar
|-damage|p2a: Incineroar|1/100
|-damage|p1b: Groudon|27/100|[from] item: Rocky Helmet|[of] p2a: Incineroar
|-damage|p1b: Groudon|17/100|[from] item: Life Orb
|cant|p2b: Urshifu|par
|
|-weather|SunnyDay|[upkeep]
|-heal|p1a: Scream Tail|37/100|[from] Grassy Terrain
|-heal|p1b: Groudon|23/100|[from] Grassy Terrain
|-heal|p2a: Incineroar|7/100|[from] Grassy Terrain
|upkeep
|turn|8
|inactive|APigeonVGC has 30 seconds left.
|inactive|candytrouble has 30 seconds left.
|
|t:|1750777100
|move|p2a: Incineroar|Fake Out|p1b: Groudon
|-damage|p1b: Groudon|15/100
|move|p1a: Scream Tail|Disable||[still]
|-fail|p1a: Scream Tail
|cant|p1b: Groudon|flinch
|move|p2b: Urshifu|Surging Strikes|p1b: Groudon
|-supereffective|p1b: Groudon
|-crit|p1b: Groudon
|-damage|p1b: Groudon|2/100
|-supereffective|p1b: Groudon
|-crit|p1b: Groudon
|-damage|p1b: Groudon|0 fnt
|faint|p1b: Groudon
|-hitcount|p1: Groudon|2
|
|-weather|none
|-end|p1a: Scream Tail|Protosynthesis
|-heal|p1a: Scream Tail|43/100|[from] Grassy Terrain
|-heal|p2a: Incineroar|13/100|[from] Grassy Terrain
|-fieldend|move: Grassy Terrain
|upkeep
|
|t:|1750777112
|switch|p1b: Ho-Oh|Ho-Oh, L50|37/100
|turn|9
|
|t:|1750777123
|move|p1a: Scream Tail|Disable|p2b: Urshifu
|-start|p2b: Urshifu|Disable|Surging Strikes
|move|p1b: Ho-Oh|Brave Bird|p2a: Incineroar
|-damage|p2a: Incineroar|0 fnt
|-damage|p1b: Ho-Oh|20/100|[from] item: Rocky Helmet|[of] p2a: Incineroar
|faint|p2a: Incineroar
|-damage|p1b: Ho-Oh|16/100|[from] Recoil
|cant|p2b: Urshifu|Disable|Surging Strikes
|
|upkeep
|
|t:|1750777131
|switch|p2a: Calyrex|Calyrex-Shadow, L50, tera:Dark|51/100
|-ability|p2a: Calyrex|As One
|-ability|p2a: Calyrex|Unnerve
|turn|10
|
|t:|1750777150
|switch|p1b: Vikavolt|Vikavolt, L50, M|28/100
|move|p1a: Scream Tail|Protect|p1a: Scream Tail
|-singleturn|p1a: Scream Tail|Protect
|move|p2a: Calyrex|Astral Barrage|p1b: Vikavolt|[spread] p1b
|-activate|p1a: Scream Tail|move: Protect
|-damage|p1b: Vikavolt|0 fnt
|faint|p1b: Vikavolt
|-ability|p2a: Calyrex|Grim Neigh|boost
|-boost|p2a: Calyrex|spa|1
|-damage|p2a: Calyrex|42/100|[from] item: Life Orb
|-activate|p2b: Urshifu|move: Struggle
|move|p2b: Urshifu|Struggle|p1a: Scream Tail
|-damage|p1a: Scream Tail|29/100
|-damage|p2b: Urshifu|75/100 par|[from] recoil
|
|upkeep
|-message|APigeonVGC forfeited.
|
|win|candytrouble
|raw|APigeonVGC's rating: 1133 &rarr; <strong>1104</strong><br />(-29 for losing)
|raw|candytrouble's rating: 1082 &rarr; <strong>1114</strong><br />(+32 for winning)
|l|☆APigeonVGC
|player|p1|
|l|☆candytrouble
|player|p2|
