|j|☆md999
|j|☆Stinkl McPinkl
|t:|1750738128
|gametype|doubles
|player|p1|md999|265|1153
|player|p2|Stinkl McPinkl|hilbert-wonderlauncher|1220
|teamsize|p1|6
|teamsize|p2|6
|gen|9
|tier|[Gen 9] VGC 2025 Reg I
|rated|
|rule|Species Clause: Limit one of each Pokémon
|rule|Item Clause: Limit 1 of each item
|clearpoke
|poke|p1|Incineroar, L50, F|
|poke|p1|Rillaboom, L50, M|
|poke|p1|Rayquaza, L50|
|poke|p1|Calyrex-Shadow, L50|
|poke|p1|Weezing, L50, M|
|poke|p1|Urshifu-*, L50, F|
|poke|p2|Koraidon, L50|
|poke|p2|Miraidon, L50|
|poke|p2|Iron Hands, L50|
|poke|p2|Whimsicott, L50, M|
|poke|p2|Farigiraf, L50, M|
|poke|p2|Iron Valiant, L50|
|teampreview|4
|inactive|Battle timer is ON: inactive players will automatically lose when time's up. (requested by Stinkl McPinkl)
|inactive|Stinkl McPinkl has 60 seconds left.
|
|t:|1750738176
|start
|switch|p1a: Weezing|Weezing, L50, M|100/100
|switch|p1b: Rayquaza|Rayquaza, L50|100/100
|switch|p2a: Koraidon|Koraidon, L50|100/100
|switch|p2b: Iron Valiant|Iron Valiant, L50|100/100
|-ability|p1a: Weezing|Neutralizing Gas
|turn|1
|inactive|md999 has 30 seconds left.
|
|t:|1750738210
|move|p2a: Koraidon|Protect|p2a: Koraidon
|-singleturn|p2a: Koraidon|Protect
|move|p1b: Rayquaza|Protect|p1b: Rayquaza
|-singleturn|p1b: Rayquaza|Protect
|move|p2b: Iron Valiant|Coaching|p2a: Koraidon
|-boost|p2a: Koraidon|atk|1
|-boost|p2a: Koraidon|def|1
|move|p1a: Weezing|Sludge Bomb|p2b: Iron Valiant
|-supereffective|p2b: Iron Valiant
|-enditem|p2b: Iron Valiant|Focus Sash
|-damage|p2b: Iron Valiant|1/100
|
|upkeep
|turn|2
|inactive|md999 has 30 seconds left.
|inactive|Stinkl McPinkl has 30 seconds left.
|inactive|md999 has 20 seconds left.
|
|t:|1750738249
|move|p1b: Rayquaza|Extreme Speed|p2b: Iron Valiant
|-damage|p2b: Iron Valiant|0 fnt
|faint|p2b: Iron Valiant
|-end|p2b: Iron Valiant|Quark Drive|[silent]
|-damage|p1b: Rayquaza|91/100|[from] item: Life Orb
|move|p2a: Koraidon|Flare Blitz|p1a: Weezing
|-damage|p1a: Weezing|27/100
|-damage|p2a: Koraidon|78/100|[from] Recoil
|-damage|p2a: Koraidon|69/100|[from] item: Life Orb
|move|p1a: Weezing|Sludge Bomb|p2a: Koraidon
|-damage|p2a: Koraidon|18/100
|
|upkeep
|
|t:|1750738262
|switch|p2b: Miraidon|Miraidon, L50|100/100
|turn|3
|
|t:|1750738278
|move|p2a: Koraidon|Protect|p2a: Koraidon
|-singleturn|p2a: Koraidon|Protect
|move|p1b: Rayquaza|Extreme Speed|p2a: Koraidon
|-activate|p2a: Koraidon|move: Protect
|move|p2b: Miraidon|Volt Switch|p1a: Weezing
|-damage|p1a: Weezing|0 fnt
|faint|p1a: Weezing
|-end|p1a: Weezing|ability: Neutralizing Gas
|-weather|SunnyDay|[from] ability: Orichalcum Pulse|[of] p2a: Koraidon
|-activate|p2a: Koraidon|Orichalcum Pulse|[source]
|-fieldstart|move: Electric Terrain|[from] ability: Hadron Engine|[of] p2b: Miraidon
|
|t:|1750738289
|switch|p2b: Farigiraf|Farigiraf, L50, M|100/100|[from] Volt Switch
|-enditem|p2b: Farigiraf|Electric Seed
|-boost|p2b: Farigiraf|def|1|[from] item: Electric Seed
|
|-weather|SunnyDay|[upkeep]
|upkeep
|
|t:|1750738295
|switch|p1a: Calyrex|Calyrex-Shadow, L50|100/100
|-ability|p1a: Calyrex|As One
|-ability|p1a: Calyrex|Unnerve
|turn|4
|
|t:|1750738312
|-terastallize|p1a: Calyrex|Fairy
|move|p2a: Koraidon|Protect||[still]
|-fail|p2a: Koraidon
|move|p1a: Calyrex|Draining Kiss|p2a: Koraidon
|-supereffective|p2a: Koraidon
|-damage|p2a: Koraidon|0 fnt
|faint|p2a: Koraidon
|-ability|p1a: Calyrex|Grim Neigh|boost
|-boost|p1a: Calyrex|spa|1
|move|p1b: Rayquaza|Swords Dance|p1b: Rayquaza
|-boost|p1b: Rayquaza|atk|2
|move|p2b: Farigiraf|Trick Room|p2b: Farigiraf
|-fieldstart|move: Trick Room|[of] p2b: Farigiraf
|
|-weather|SunnyDay|[upkeep]
|upkeep
|
|t:|1750738324
|switch|p2a: Miraidon|Miraidon, L50|100/100
|-activate|p2a: Miraidon|ability: Hadron Engine
|turn|5
|inactive|md999 has 30 seconds left.
|inactive|Stinkl McPinkl has 30 seconds left.
|
|t:|1750738351
|-terastallize|p2a: Miraidon|Fairy
|move|p1a: Calyrex|Protect|p1a: Calyrex
|-singleturn|p1a: Calyrex|Protect
|move|p2b: Farigiraf|Ally Switch|p2b: Farigiraf
|swap|p2b: Farigiraf|0|[from] move: Ally Switch
|move|p1b: Rayquaza|Extreme Speed||[still]
|cant|p2a: Farigiraf|ability: Armor Tail|Extreme Speed|[of] p1b: Rayquaza
|move|p2b: Miraidon|Dazzling Gleam|p1b: Rayquaza|[spread] p1b
|-activate|p1a: Calyrex|move: Protect
|-supereffective|p1b: Rayquaza
|-damage|p1b: Rayquaza|0 fnt
|faint|p1b: Rayquaza
|
|-weather|SunnyDay|[upkeep]
|upkeep
|
|t:|1750738360
|switch|p1b: Incineroar|Incineroar, L50, F|100/100
|-ability|p1b: Incineroar|Intimidate|boost
|-unboost|p2a: Farigiraf|atk|1
|-unboost|p2b: Miraidon|atk|1
|turn|6
|
|t:|1750738373
|move|p2a: Farigiraf|Hyper Voice|p1a: Calyrex|[spread] p1a,p1b
|-damage|p1a: Calyrex|73/100
|-damage|p1b: Incineroar|78/100
|move|p1b: Incineroar|Knock Off|p2a: Farigiraf
|-supereffective|p2a: Farigiraf
|-damage|p2a: Farigiraf|65/100
|move|p2b: Miraidon|Dazzling Gleam|p1b: Incineroar|[spread] p1a,p1b
|-damage|p1a: Calyrex|10/100
|-damage|p1b: Incineroar|9/100
|move|p1a: Calyrex|Astral Barrage|p2b: Miraidon|[spread] p2b
|-immune|p2a: Farigiraf
|-damage|p2b: Miraidon|30/100
|
|-weather|SunnyDay|[upkeep]
|upkeep
|turn|7
|-message|md999 forfeited.
|
|win|Stinkl McPinkl
|raw|md999's rating: 1153 &rarr; <strong>1133</strong><br />(-20 for losing)
|raw|Stinkl McPinkl's rating: 1220 &rarr; <strong>1240</strong><br />(+20 for winning)
|l|☆md999
|player|p1|
|l|☆Stinkl McPinkl
|player|p2|
