|j|☆Saltsizzle
|j|☆limaozin140794
|t:|1750863310
|gametype|doubles
|player|p1|Saltsizzle|2|1549
|player|p2|limaozin140794|101|1549
|teamsize|p1|6
|teamsize|p2|6
|gen|9
|tier|[Gen 9] VGC 2025 Reg I
|rated|
|rule|Species Clause: Limit one of each Pokémon
|rule|Item Clause: Limit 1 of each item
|clearpoke
|poke|p1|Smeargle, L50, M|
|poke|p1|Calyrex-Ice, L50|
|poke|p1|Eternatus, L50|
|poke|p1|Mimikyu, L50, M|
|poke|p1|Grimmsnarl, L50, M|
|poke|p1|Incineroar, L50, M|
|poke|p2|Whimsicott, L50, M|
|poke|p2|Calyrex-Shadow, L50|
|poke|p2|Zamazenta-*, L50|
|poke|p2|Flutter Mane, L50|
|poke|p2|Chi-Yu, L50|
|poke|p2|Urshifu-*, L50, M|
|teampreview|4
|inactive|Battle timer is ON: inactive players will automatically lose when time's up. (requested by Saltsizzle)
|
|t:|1750863332
|start
|switch|p1a: Mimikyu|Mimikyu, L50, M, shiny|100/100
|switch|p1b: Smeargle|Smeargle, L50, M, shiny|100/100
|switch|p2a: Whimsicott|Whimsicott, L50, M|100/100
|switch|p2b: Chi-Yu|Chi-Yu, L50|100/100
|-ability|p2b: Chi-Yu|Beads of Ruin
|turn|1
|
|t:|1750863342
|move|p2b: Chi-Yu|Protect|p2b: Chi-Yu
|-singleturn|p2b: Chi-Yu|Protect
|move|p1b: Smeargle|Follow Me|p1b: Smeargle
|-singleturn|p1b: Smeargle|move: Follow Me
|move|p2a: Whimsicott|Taunt|p1b: Smeargle
|-start|p1b: Smeargle|move: Taunt
|move|p1a: Mimikyu|Trick Room|p1a: Mimikyu
|-fieldstart|move: Trick Room|[of] p1a: Mimikyu
|
|upkeep
|turn|2
|
|t:|1750863361
|move|p2a: Whimsicott|Taunt|p1a: Mimikyu
|-start|p1a: Mimikyu|move: Taunt
|-enditem|p1a: Mimikyu|Mental Herb
|-end|p1a: Mimikyu|move: Taunt
|move|p1b: Smeargle|Pollen Puff|p2a: Whimsicott
|-damage|p2a: Whimsicott|86/100
|move|p1a: Mimikyu|Night Shade|p2b: Chi-Yu
|-damage|p2b: Chi-Yu|62/100
|move|p2b: Chi-Yu|Dark Pulse|p1a: Mimikyu
|-activate|p1a: Mimikyu|ability: Disguise
|-damage|p1a: Mimikyu|100/100
|detailschange|p1a: Mimikyu|Mimikyu-Busted, L50, M, shiny
|-damage|p1a: Mimikyu|88/100|[from] pokemon: Mimikyu-Busted
|-damage|p2b: Chi-Yu|52/100|[from] item: Life Orb
|
|upkeep
|turn|3
|inactive|Saltsizzle has 30 seconds left.
|inactive|limaozin140794 has 30 seconds left.
|
|t:|1750863394
|move|p2b: Chi-Yu|Protect|p2b: Chi-Yu
|-singleturn|p2b: Chi-Yu|Protect
|move|p1b: Smeargle|Pollen Puff|p2b: Chi-Yu
|-activate|p2b: Chi-Yu|move: Protect
|move|p1a: Mimikyu|Night Shade|p2b: Chi-Yu
|-activate|p2b: Chi-Yu|move: Protect
|move|p2a: Whimsicott|Moonblast|p1b: Smeargle
|-damage|p1b: Smeargle|28/100
|
|upkeep
|turn|4
|
|t:|1750863411
|switch|p2b: Zamazenta|Zamazenta-Crowned, L50|100/100
|-ability|p2b: Zamazenta|Dauntless Shield|boost
|-boost|p2b: Zamazenta|def|1
|move|p1b: Smeargle|Pollen Puff|p2b: Zamazenta
|-resisted|p2b: Zamazenta
|-damage|p2b: Zamazenta|99/100
|move|p1a: Mimikyu|Night Shade|p2b: Zamazenta
|-damage|p2b: Zamazenta|71/100
|move|p2a: Whimsicott|Moonblast|p1a: Mimikyu
|-damage|p1a: Mimikyu|57/100
|
|-end|p1b: Smeargle|move: Taunt
|upkeep
|turn|5
|inactive|limaozin140794 has 30 seconds left.
|
|t:|1750863440
|move|p2a: Whimsicott|Taunt|p1b: Smeargle
|-start|p1b: Smeargle|move: Taunt
|move|p1b: Smeargle|Pollen Puff|p1a: Mimikyu
|-heal|p1a: Mimikyu|100/100
|move|p1a: Mimikyu|Curse|p2b: Zamazenta
|-start|p2b: Zamazenta|Curse|[of] p1a: Mimikyu
|-damage|p1a: Mimikyu|50/100
|move|p2b: Zamazenta|Heavy Slam|p1a: Mimikyu
|-supereffective|p1a: Mimikyu
|-damage|p1a: Mimikyu|0 fnt
|faint|p1a: Mimikyu
|
|-damage|p2b: Zamazenta|46/100|[from] Curse
|-fieldend|move: Trick Room
|upkeep
|inactive|Saltsizzle has 30 seconds left.
|
|t:|1750863468
|switch|p1a: Eternatus|Eternatus, L50|100/100
|-ability|p1a: Eternatus|Pressure
|turn|6
|
|t:|1750863481
|move|p2a: Whimsicott|Taunt|p1a: Eternatus
|-start|p1a: Eternatus|move: Taunt
|move|p2b: Zamazenta|Heavy Slam|p1a: Eternatus
|-damage|p1a: Eternatus|90/100
|move|p1a: Eternatus|Flamethrower|p2a: Whimsicott
|-supereffective|p2a: Whimsicott
|-damage|p2a: Whimsicott|0 fnt
|faint|p2a: Whimsicott
|move|p1b: Smeargle|Pollen Puff|p2b: Zamazenta
|-resisted|p2b: Zamazenta
|-damage|p2b: Zamazenta|45/100
|
|-heal|p1a: Eternatus|96/100|[from] item: Black Sludge
|-damage|p2b: Zamazenta|20/100|[from] Curse
|upkeep
|
|t:|1750863495
|switch|p2a: Chi-Yu|Chi-Yu, L50|52/100
|-ability|p2a: Chi-Yu|Beads of Ruin
|turn|7
|
|t:|1750863503
|-terastallize|p2a: Chi-Yu|Ground
|move|p2b: Zamazenta|Body Press|p1b: Smeargle
|-supereffective|p1b: Smeargle
|-damage|p1b: Smeargle|0 fnt
|faint|p1b: Smeargle
|move|p2a: Chi-Yu|Tera Blast|p1a: Eternatus|[anim] Tera Blast Ground
|-supereffective|p1a: Eternatus
|-damage|p1a: Eternatus|4/100
|-damage|p2a: Chi-Yu|42/100|[from] item: Life Orb
|move|p1a: Eternatus|Flamethrower|p2b: Zamazenta
|-supereffective|p2b: Zamazenta
|-damage|p2b: Zamazenta|0 fnt
|faint|p2b: Zamazenta
|
|-heal|p1a: Eternatus|10/100|[from] item: Black Sludge
|upkeep
|
|t:|1750863518
|switch|p2b: Calyrex|Calyrex-Shadow, L50|100/100
|switch|p1b: Calyrex|Calyrex-Ice, L50|100/100
|-ability|p2b: Calyrex|As One
|-ability|p2b: Calyrex|Unnerve
|-ability|p1b: Calyrex|As One
|-ability|p1b: Calyrex|Unnerve
|turn|8
|
|t:|1750863528
|-terastallize|p1b: Calyrex|Fire
|move|p2b: Calyrex|Astral Barrage|p1b: Calyrex|[spread] p1a,p1b
|-crit|p1a: Eternatus
|-damage|p1a: Eternatus|0 fnt
|-damage|p1b: Calyrex|58/100
|faint|p1a: Eternatus
|-ability|p2b: Calyrex|Grim Neigh|boost
|-boost|p2b: Calyrex|spa|1
|move|p2a: Chi-Yu|Dark Pulse|p1b: Calyrex
|-damage|p1b: Calyrex|13/100
|-damage|p2a: Chi-Yu|33/100|[from] item: Life Orb
|move|p1b: Calyrex|Trick Room|p1b: Calyrex
|-fieldstart|move: Trick Room|[of] p1b: Calyrex
|
|upkeep
|turn|9
|
|t:|1750863545
|move|p2a: Chi-Yu|Protect|p2a: Chi-Yu
|-singleturn|p2a: Chi-Yu|Protect
|move|p1b: Calyrex|Glacial Lance|p2b: Calyrex|[spread] p2b
|-activate|p2a: Chi-Yu|move: Protect
|-damage|p2b: Calyrex|40/100
|move|p2b: Calyrex|Astral Barrage|p1b: Calyrex
|-damage|p1b: Calyrex|0 fnt
|faint|p1b: Calyrex
|
|win|limaozin140794
|raw|Saltsizzle's rating: 1549 &rarr; <strong>1529</strong><br />(-20 for losing)
|raw|limaozin140794's rating: 1549 &rarr; <strong>1569</strong><br />(+20 for winning)
|l|☆Saltsizzle
|player|p1|
|l|☆limaozin140794
|player|p2|
