|j|☆duoduoa
|j|☆Vitalis24
|t:|1750734531
|gametype|doubles
|player|p1|duoduoa|266|1409
|player|p2|Vitalis24|crasherwake|1394
|teamsize|p1|6
|teamsize|p2|6
|gen|9
|tier|[Gen 9] VGC 2025 Reg I
|rated|
|rule|Species Clause: Limit one of each Pokémon
|rule|Item Clause: Limit 1 of each item
|clearpoke
|poke|p1|Calyrex-Shadow, L50|
|poke|p1|Zamazenta-*, L50|
|poke|p1|Rillaboom, L50, F|
|poke|p1|Ogerpon-Hearthflame, L50, F|
|poke|p1|Tornadus, L50, M|
|poke|p1|Raging Bolt, L50|
|poke|p2|Urshifu-*, L50, M|
|poke|p2|Tornadus, L50, M|
|poke|p2|Indeedee-F, L50, F|
|poke|p2|Zacian-*, L50|
|poke|p2|Landorus, L50, M|
|poke|p2|Kyogre, L50|
|teampreview|4
|inactive|Battle timer is ON: inactive players will automatically lose when time's up. (requested by duoduoa)
|inactive|Vitalis24 has 60 seconds left.
|inactive|Vitalis24 has 30 seconds left.
|
|t:|1750734594
|start
|switch|p1a: Raging Bolt|Raging Bolt, L50|100/100
|switch|p1b: Calyrex|Calyrex-Shadow, L50|100/100
|switch|p2a: Tornadus|Tornadus, L50, M|100/100
|switch|p2b: Kyogre|Kyogre, L50|100/100
|-ability|p1b: Calyrex|As One
|-ability|p1b: Calyrex|Unnerve
|-weather|RainDance|[from] ability: Drizzle|[of] p2b: Kyogre
|-enditem|p1a: Raging Bolt|Booster Energy
|-activate|p1a: Raging Bolt|ability: Protosynthesis|[fromitem]
|-start|p1a: Raging Bolt|protosynthesisspa
|turn|1
|inactive|Vitalis24 has 30 seconds left.
|inactive|Vitalis24 has 20 seconds left.
|inactive|Vitalis24 has 15 seconds left.
|
|t:|1750734635
|-terastallize|p2b: Kyogre|Grass
|move|p1b: Calyrex|Protect|p1b: Calyrex
|-singleturn|p1b: Calyrex|Protect
|move|p2a: Tornadus|Tailwind|p2a: Tornadus
|-sidestart|p2: Vitalis24|move: Tailwind
|move|p2b: Kyogre|Water Spout|p1b: Calyrex|[spread] p1a
|-activate|p1b: Calyrex|move: Protect
|-resisted|p1a: Raging Bolt
|-damage|p1a: Raging Bolt|60/100
|move|p1a: Raging Bolt|Electroweb|p2b: Kyogre|[spread] p2a,p2b
|-supereffective|p2a: Tornadus
|-resisted|p2b: Kyogre
|-damage|p2a: Tornadus|28/100
|-damage|p2b: Kyogre|94/100
|-unboost|p2b: Kyogre|spe|1
|
|-weather|RainDance|[upkeep]
|upkeep
|turn|2
|inactive|Vitalis24 has 30 seconds left.
|inactive|duoduoa has 30 seconds left.
|inactive|duoduoa has 20 seconds left.
|
|t:|1750734677
|switch|p1b: Rillaboom|Rillaboom, L50, F|100/100
|-fieldstart|move: Grassy Terrain|[from] ability: Grassy Surge|[of] p1b: Rillaboom
|move|p2a: Tornadus|Bleakwind Storm|p1a: Raging Bolt|[spread] p1a,p1b
|-resisted|p1a: Raging Bolt
|-supereffective|p1b: Rillaboom
|-damage|p1a: Raging Bolt|45/100
|-damage|p1b: Rillaboom|50/100
|-unboost|p1b: Rillaboom|spe|1
|move|p2b: Kyogre|Ice Beam|p1a: Raging Bolt
|-supereffective|p1a: Raging Bolt
|-damage|p1a: Raging Bolt|0 fnt
|faint|p1a: Raging Bolt
|-end|p1a: Raging Bolt|Protosynthesis|[silent]
|
|-weather|RainDance|[upkeep]
|-heal|p2b: Kyogre|99/100|[from] Grassy Terrain
|-heal|p1b: Rillaboom|56/100|[from] Grassy Terrain
|upkeep
|
|t:|1750734695
|switch|p1a: Calyrex|Calyrex-Shadow, L50|100/100
|-ability|p1a: Calyrex|As One
|-ability|p1a: Calyrex|Unnerve
|turn|3
|
|t:|1750734706
|-terastallize|p1a: Calyrex|Ghost
|move|p1b: Rillaboom|Fake Out|p2b: Kyogre
|-damage|p2b: Kyogre|86/100
|move|p2a: Tornadus|Bleakwind Storm|p1b: Rillaboom|[spread] p1a,p1b
|-supereffective|p1b: Rillaboom
|-damage|p1a: Calyrex|68/100
|-damage|p1b: Rillaboom|7/100
|move|p1a: Calyrex|Astral Barrage|p2a: Tornadus|[spread] p2a,p2b
|-damage|p2a: Tornadus|0 fnt
|-damage|p2b: Kyogre|53/100
|faint|p2a: Tornadus
|-ability|p1a: Calyrex|Grim Neigh|boost
|-boost|p1a: Calyrex|spa|1
|cant|p2b: Kyogre|flinch
|
|-weather|RainDance|[upkeep]
|-heal|p1a: Calyrex|74/100|[from] Grassy Terrain
|-heal|p2b: Kyogre|58/100|[from] Grassy Terrain
|-heal|p1b: Rillaboom|13/100|[from] Grassy Terrain
|upkeep
|inactive|Vitalis24 has 30 seconds left.
|
|t:|1750734732
|switch|p2a: Urshifu|Urshifu, L50, M|100/100
|turn|4
|
|t:|1750734749
|switch|p1a: Zamazenta|Zamazenta-Crowned, L50|100/100
|-ability|p1a: Zamazenta|Dauntless Shield|boost
|-boost|p1a: Zamazenta|def|1
|move|p2a: Urshifu|Wicked Blow|p1a: Zamazenta
|-resisted|p1a: Zamazenta
|-crit|p1a: Zamazenta
|-damage|p1a: Zamazenta|82/100
|move|p2b: Kyogre|Ice Beam|p1b: Rillaboom
|-supereffective|p1b: Rillaboom
|-damage|p1b: Rillaboom|0 fnt
|faint|p1b: Rillaboom
|
|-weather|RainDance|[upkeep]
|-heal|p1a: Zamazenta|88/100|[from] Grassy Terrain
|-heal|p2b: Kyogre|64/100|[from] Grassy Terrain
|-sideend|p2: Vitalis24|move: Tailwind
|upkeep
|
|t:|1750734765
|switch|p1b: Calyrex|Calyrex-Shadow, L50, tera:Ghost|74/100
|-ability|p1b: Calyrex|As One
|-ability|p1b: Calyrex|Unnerve
|turn|5
|
|t:|1750734778
|move|p2a: Urshifu|Wicked Blow|p1b: Calyrex
|-supereffective|p1b: Calyrex
|-crit|p1b: Calyrex
|-damage|p1b: Calyrex|0 fnt
|faint|p1b: Calyrex
|move|p1a: Zamazenta|Body Press|p2a: Urshifu
|-supereffective|p2a: Urshifu
|-damage|p2a: Urshifu|0 fnt
|faint|p2a: Urshifu
|move|p2b: Kyogre|Thunder|p1a: Zamazenta
|-damage|p1a: Zamazenta|58/100
|
|-weather|none
|-heal|p1a: Zamazenta|64/100|[from] Grassy Terrain
|-heal|p2b: Kyogre|70/100|[from] Grassy Terrain
|upkeep
|
|t:|1750734796
|switch|p2a: Landorus|Landorus, L50, M|100/100
|turn|6
|-message|duoduoa forfeited.
|
|win|Vitalis24
|raw|duoduoa's rating: 1409 &rarr; <strong>1388</strong><br />(-21 for losing)
|raw|Vitalis24's rating: 1394 &rarr; <strong>1415</strong><br />(+21 for winning)
|l|☆duoduoa
|player|p1|
