|j|☆Ultimate Socialist
|j|☆im throwing up
|t:|1750712289
|gametype|doubles
|player|p1|Ultimate Socialist|lucas-gen4pt|1028
|player|p2|im throwing up|1|1000
|teamsize|p1|6
|teamsize|p2|4
|gen|9
|tier|[Gen 9] VGC 2025 Reg I
|rated|
|rule|Species Clause: Limit one of each Pokémon
|rule|Item Clause: Limit 1 of each item
|clearpoke
|poke|p1|Zekrom, L50|
|poke|p1|Greninja-*, L50, M|
|poke|p1|Iron Treads, L50|
|poke|p1|Pincurchin, L50, M|
|poke|p1|Baxcalibur, L50, M|
|poke|p1|Krookodile, L50, M|
|poke|p2|Reshiram, L50|
|poke|p2|Koraidon, L50|
|poke|p2|Hydrapple, L50, M|
|poke|p2|Weezing-Galar, L50, F|
|teampreview|4
|inactive|Battle timer is ON: inactive players will automatically lose when time's up. (requested by im throwing up)
|inactive|Ultimate Socialist has 60 seconds left.
|
|t:|1750712321
|start
|switch|p1a: Pincurchin|Pincurchin, L50, M|100/100
|switch|p1b: Baxcalibur|Baxcalibur, L50, M|100/100
|switch|p2a: im throwing up4|Weezing-Galar, L50, F|100/100
|switch|p2b: im throwing up2|Koraidon, L50|100/100
|-weather|SunnyDay|[from] ability: Orichalcum Pulse|[of] p2b: im throwing up2
|-activate|p2b: im throwing up2|Orichalcum Pulse|[source]
|-fieldstart|move: Misty Terrain|[from] ability: Misty Surge|[of] p2a: im throwing up4
|-fieldstart|move: Electric Terrain|[from] ability: Electric Surge|[of] p1a: Pincurchin
|-enditem|p1b: Baxcalibur|Electric Seed
|-boost|p1b: Baxcalibur|def|1|[from] item: Electric Seed
|turn|1
|
|t:|1750712339
|-terastallize|p2a: im throwing up4|Fairy
|move|p1a: Pincurchin|Protect|p1a: Pincurchin
|-singleturn|p1a: Pincurchin|Protect
|move|p2b: im throwing up2|Flare Blitz|p1a: Pincurchin
|-activate|p1a: Pincurchin|move: Protect
|move|p2a: im throwing up4|Misty Explosion|p1b: Baxcalibur|[spread] p2b,p1b
|-activate|p1a: Pincurchin|move: Protect
|-supereffective|p2b: im throwing up2
|-supereffective|p1b: Baxcalibur
|-damage|p2b: im throwing up2|0 fnt
|-damage|p1b: Baxcalibur|0 fnt
|faint|p2a: im throwing up4
|faint|p2b: im throwing up2
|faint|p1b: Baxcalibur
|
|-weather|SunnyDay|[upkeep]
|upkeep
|
|t:|1750712355
|switch|p2b: im throwing up|Reshiram, L50|100/100
|switch|p1b: Zekrom|Zekrom, L50|100/100
|switch|p2a: im throwing up3|Hydrapple, L50, M|100/100
|-ability|p2b: im throwing up|Turboblaze
|-ability|p1b: Zekrom|Teravolt
|-ability|p2a: im throwing up3|Supersweet Syrup
|-unboost|p1a: Pincurchin|evasion|1
|-fail|p1b: Zekrom|unboost|[from] item: Clear Amulet|[of] p1b: Zekrom
|turn|2
|inactive|Ultimate Socialist has 30 seconds left.
|
|t:|1750712381
|move|p2b: im throwing up|Blue Flare|p1b: Zekrom|[miss]
|-miss|p2b: im throwing up|p1b: Zekrom
|move|p1b: Zekrom|Crunch|p2b: im throwing up
|-damage|p2b: im throwing up|68/100
|-unboost|p2b: im throwing up|def|1
|move|p2a: im throwing up3|Dragon Cheer|p2b: im throwing up
|-start|p2b: im throwing up|move: Dragon Cheer
|move|p1a: Pincurchin|Electroweb|p2a: im throwing up3|[spread] p2a,p2b
|-resisted|p2a: im throwing up3
|-resisted|p2b: im throwing up
|-damage|p2a: im throwing up3|97/100
|-damage|p2b: im throwing up|62/100
|-unboost|p2a: im throwing up3|spe|1
|-unboost|p2b: im throwing up|spe|1
|
|-weather|SunnyDay|[upkeep]
|upkeep
|turn|3
|inactive|Ultimate Socialist has 30 seconds left.
|
|t:|1750712409
|move|p1b: Zekrom|Crunch|p2b: im throwing up
|-damage|p2b: im throwing up|15/100
|move|p2b: im throwing up|Blue Flare|p1a: Pincurchin
|-crit|p1a: Pincurchin
|-damage|p1a: Pincurchin|0 fnt
|faint|p1a: Pincurchin
|move|p2a: im throwing up3|Draco Meteor|p1b: Zekrom
|-supereffective|p1b: Zekrom
|-damage|p1b: Zekrom|0 fnt
|-unboost|p2a: im throwing up3|spa|2
|faint|p1b: Zekrom
|
|-weather|SunnyDay|[upkeep]
|upkeep
|
|t:|1750712419
|switch|p1b: Greninja|Greninja, L50, M|100/100
|turn|4
|
|t:|1750712429
|-terastallize|p1b: Greninja|Water
|move|p1b: Greninja|Water Shuriken|p2b: im throwing up
|-damage|p2b: im throwing up|12/100
|-damage|p2b: im throwing up|8/100
|-damage|p2b: im throwing up|5/100
|-damage|p2b: im throwing up|2/100
|-damage|p2b: im throwing up|0 fnt
|faint|p2b: im throwing up
|-hitcount|p2: im throwing up|5
|move|p2a: im throwing up3|Leaf Storm|p1b: Greninja|[miss]
|-miss|p2a: im throwing up3|p1b: Greninja
|
|-weather|SunnyDay|[upkeep]
|upkeep
|turn|5
|
|t:|1750712446
|move|p1b: Greninja|Ice Beam|p2a: im throwing up3
|-supereffective|p2a: im throwing up3
|-damage|p2a: im throwing up3|0 fnt
|faint|p2a: im throwing up3
|
|win|Ultimate Socialist
|raw|Ultimate Socialist's rating: 1028 &rarr; <strong>1061</strong><br />(+33 for winning)
|raw|im throwing up's rating: 1000 &rarr; <strong>1000</strong><br />(+0 for losing)
