|j|☆nolemonnomelon
|j|☆burngold
|t:|1750708976
|gametype|doubles
|player|p1|nolemonnomelon|hilda|1451
|player|p2|burngold|102|1464
|teamsize|p1|6
|teamsize|p2|6
|gen|9
|tier|[Gen 9] VGC 2025 Reg I
|rated|
|rule|Species Clause: Limit one of each Pokémon
|rule|Item Clause: Limit 1 of each item
|clearpoke
|poke|p1|Kyogre, L50|
|poke|p1|Tornadus, L50, M|
|poke|p1|Incineroar, L50, F|
|poke|p1|Farigiraf, L50, F|
|poke|p1|Tinkaton, L50, F|
|poke|p1|Calyrex-Ice, L50|
|poke|p2|Amoonguss, L50, F|
|poke|p2|Lunala, L50|
|poke|p2|Kyogre, L50|
|poke|p2|Whimsicott, L50, F|
|poke|p2|Incineroar, L50, F|
|poke|p2|Ursaluna, L50, F|
|teampreview|4
|inactive|Battle timer is ON: inactive players will automatically lose when time's up. (requested by burngold)
|inactive|nolemonnomelon also wants the timer to be on.
|inactive|nolemonnomelon has 60 seconds left.
|inactive|burngold has 60 seconds left.
|
|t:|1750709033
|start
|switch|p1a: Kyogre|Kyogre, L50|100/100
|switch|p1b: Tornadus|Tornadus, L50, M|100/100
|switch|p2a: Amoonguss|Amoonguss, L50, F|100/100
|switch|p2b: Whimsicott|Whimsicott, L50, F|100/100
|-weather|RainDance|[from] ability: Drizzle|[of] p1a: Kyogre
|turn|1
|inactive|burngold has 30 seconds left.
|
|t:|1750709063
|-terastallize|p1a: Kyogre|Water
|move|p2b: Whimsicott|Light Screen|p2b: Whimsicott
|-sidestart|p2: burngold|move: Light Screen
|move|p1b: Tornadus|Bleakwind Storm|p2b: Whimsicott|[spread] p2a,p2b
|-supereffective|p2a: Amoonguss
|-supereffective|p2b: Whimsicott
|-damage|p2a: Amoonguss|66/100
|-damage|p2b: Whimsicott|28/100
|move|p1a: Kyogre|Water Spout|p2b: Whimsicott|[spread] p2a,p2b
|-resisted|p2a: Amoonguss
|-resisted|p2b: Whimsicott
|-damage|p2a: Amoonguss|18/100
|-damage|p2b: Whimsicott|0 fnt
|-enditem|p2a: Amoonguss|Sitrus Berry|[eat]
|-heal|p2a: Amoonguss|43/100|[from] item: Sitrus Berry
|faint|p2b: Whimsicott
|move|p2a: Amoonguss|Spore|p1a: Kyogre
|-status|p1a: Kyogre|slp|[from] move: Spore
|
|-weather|RainDance|[upkeep]
|upkeep
|
|t:|1750709080
|switch|p2b: Kyogre|Kyogre, L50|100/100
|turn|2
|
|t:|1750709097
|switch|p2a: Lunala|Lunala, L50|100/100
|-terastallize|p2b: Kyogre|Water
|move|p1b: Tornadus|Bleakwind Storm|p2b: Kyogre|[spread] p2a,p2b
|-damage|p2a: Lunala|90/100
|-damage|p2b: Kyogre|78/100
|-unboost|p2b: Kyogre|spe|1
|cant|p1a: Kyogre|slp
|move|p2b: Kyogre|Water Spout|p1a: Kyogre|[spread] p1a,p1b
|-resisted|p1a: Kyogre
|-crit|p1b: Tornadus
|-damage|p1a: Kyogre|55/100 slp
|-enditem|p1b: Tornadus|Focus Sash
|-damage|p1b: Tornadus|1/100
|
|-weather|RainDance|[upkeep]
|-heal|p2a: Lunala|96/100|[from] item: Leftovers
|upkeep
|turn|3
|inactive|nolemonnomelon has 30 seconds left.
|inactive|nolemonnomelon has 20 seconds left.
|inactive|nolemonnomelon has 15 seconds left.
|inactive|nolemonnomelon has 10 seconds left.
|inactive|burngold has 30 seconds left.
|
|t:|1750709149
|switch|p1a: Tinkaton|Tinkaton, L50, F|100/100
|-ability|p1a: Tinkaton|Mold Breaker
|move|p1b: Tornadus|Bleakwind Storm|p2a: Lunala|[spread] p2a,p2b
|-damage|p2a: Lunala|78/100
|-damage|p2b: Kyogre|56/100
|-unboost|p2a: Lunala|spe|1
|move|p2b: Kyogre|Water Spout|p1b: Tornadus|[spread] p1a,p1b
|-damage|p1a: Tinkaton|41/100
|-damage|p1b: Tornadus|0 fnt
|faint|p1b: Tornadus
|move|p2a: Lunala|Trick Room|p2a: Lunala
|-fieldstart|move: Trick Room|[of] p2a: Lunala
|
|-weather|RainDance|[upkeep]
|-heal|p2a: Lunala|85/100|[from] item: Leftovers
|upkeep
|
|t:|1750709160
|switch|p1b: Calyrex|Calyrex-Ice, L50|100/100
|-ability|p1b: Calyrex|As One
|-ability|p1b: Calyrex|Unnerve
|turn|4
|
|t:|1750709179
|switch|p2b: Amoonguss|Amoonguss, L50, F|76/100
|move|p1a: Tinkaton|Fake Out|p2b: Amoonguss
|-damage|p2b: Amoonguss|67/100
|move|p1b: Calyrex|Glacial Lance|p2a: Lunala|[spread] p2a,p2b
|-supereffective|p2b: Amoonguss
|-damage|p2a: Lunala|40/100
|-damage|p2b: Amoonguss|0 fnt
|faint|p2b: Amoonguss
|-ability|p1b: Calyrex|Chilling Neigh|boost
|-boost|p1b: Calyrex|atk|1
|move|p2a: Lunala|Moongeist Beam|p1b: Calyrex
|-supereffective|p1b: Calyrex
|-damage|p1b: Calyrex|28/100
|
|-weather|RainDance|[upkeep]
|-heal|p2a: Lunala|46/100|[from] item: Leftovers
|upkeep
|
|t:|1750709194
|switch|p2b: Kyogre|Kyogre, L50, tera:Water|56/100
|turn|5
|
|t:|1750709199
|move|p2a: Lunala|Wide Guard|p2a: Lunala
|-singleturn|p2a: Lunala|Wide Guard
|move|p1a: Tinkaton|Feint|p2b: Kyogre
|-activate|p2b: Kyogre|move: Feint
|-damage|p2b: Kyogre|50/100
|move|p1b: Calyrex|Glacial Lance|p2b: Kyogre|[spread] p2a,p2b
|-resisted|p2b: Kyogre
|-damage|p2a: Lunala|0 fnt
|-damage|p2b: Kyogre|0 fnt
|faint|p2a: Lunala
|faint|p2b: Kyogre
|
|win|nolemonnomelon
|raw|nolemonnomelon's rating: 1451 &rarr; <strong>1472</strong><br />(+21 for winning)
|raw|burngold's rating: 1464 &rarr; <strong>1443</strong><br />(-21 for losing)
|l|☆nolemonnomelon
|player|p1|
|l|☆burngold
|player|p2|
