|j|☆pinkerstinker69
|j|☆AnotherAshnSoul
|t:|1750802150
|gametype|doubles
|player|p1|pinkerstinker69|ghetsis-gen5bw|1170
|player|p2|AnotherAshnSoul|mars|1115
|teamsize|p1|6
|teamsize|p2|6
|gen|9
|tier|[Gen 9] VGC 2025 Reg I
|rated|
|rule|Species Clause: Limit one of each Pokémon
|rule|Item Clause: Limit 1 of each item
|clearpoke
|poke|p1|Weezing-Galar, L50, M|
|poke|p1|Koraidon, L50|
|poke|p1|Toedscruel, L50, M|
|poke|p1|Regieleki, L50|
|poke|p1|Eternatus, L50|
|poke|p1|Metagross, L50|
|poke|p2|Zacian-*, L50|
|poke|p2|Kyogre, L50|
|poke|p2|Thundurus-Therian, L50, M|
|poke|p2|Tornadus, L50, M|
|poke|p2|Archaludon, L50, F|
|poke|p2|Grimmsnarl, L50, M|
|teampreview|4
|inactive|Battle timer is ON: inactive players will automatically lose when time's up. (requested by pinkerstinker69)
|c|☆pinkerstinker69|interesting team!
|c|☆AnotherAshnSoul|thxx <3
|
|t:|1750802191
|start
|switch|p1a: Weezing|Weezing-Galar, L50, M, shiny|100/100
|switch|p1b: Toedscruel|Toedscruel, L50, M, shiny|100/100
|switch|p2a: Zacian|Zacian-Crowned, L50|100/100
|switch|p2b: Tornadus|Tornadus, L50, M|100/100
|-ability|p1a: Weezing|Neutralizing Gas
|turn|1
|c|☆AnotherAshnSoul|i keep seeing this fucking dogshit ass weezing team
|inactive|AnotherAshnSoul has 30 seconds left.
|c|☆pinkerstinker69|lmaooo
|inactive|AnotherAshnSoul has 20 seconds left.
|
|t:|1750802227
|move|p2a: Zacian|Protect|p2a: Zacian
|-singleturn|p2a: Zacian|Protect
|move|p1a: Weezing|Protect|p1a: Weezing
|-singleturn|p1a: Weezing|Protect
|move|p1b: Toedscruel|Spore|p2b: Tornadus
|-status|p2b: Tornadus|slp|[from] move: Spore
|cant|p2b: Tornadus|slp
|
|upkeep
|turn|2
|c|☆pinkerstinker69|its not dog dookie
|c|☆pinkerstinker69|takes skillz to not use your abilities haha
|inactive|pinkerstinker69 has 30 seconds left.
|inactive|AnotherAshnSoul has 30 seconds left.
|c|☆AnotherAshnSoul|i swear i'm swapping covert cloak to mental herb to cteam this dogshit
|inactive|AnotherAshnSoul has 20 seconds left.
|inactive|pinkerstinker69 has 20 seconds left.
|inactive|AnotherAshnSoul has 15 seconds left.
|inactive|pinkerstinker69 has 15 seconds left.
|inactive|pinkerstinker69 has 10 seconds left.
|
|t:|1750802279
|-terastallize|p1a: Weezing|Water
|move|p2a: Zacian|Swords Dance|p2a: Zacian
|-boost|p2a: Zacian|atk|2
|move|p1b: Toedscruel|Spore|p2a: Zacian
|-status|p2a: Zacian|slp|[from] move: Spore
|-curestatus|p2b: Tornadus|slp|[msg]
|move|p2b: Tornadus|Taunt|p1b: Toedscruel
|-start|p1b: Toedscruel|move: Taunt
|move|p1a: Weezing|Strange Steam|p2b: Tornadus
|-damage|p2b: Tornadus|76/100
|
|upkeep
|turn|3
|
|t:|1750802299
|cant|p2a: Zacian|slp
|move|p1b: Toedscruel|Earth Power|p2a: Zacian
|-supereffective|p2a: Zacian
|-damage|p2a: Zacian|32/100 slp
|-unboost|p2a: Zacian|spd|1
|move|p2b: Tornadus|Taunt|p1a: Weezing
|-start|p1a: Weezing|move: Taunt
|move|p1a: Weezing|Strange Steam|p2b: Tornadus
|-damage|p2b: Tornadus|50/100
|
|upkeep
|turn|4
|
|t:|1750802322
|-end|p1a: Weezing|ability: Neutralizing Gas
|-ability|p2a: Zacian|Intrepid Sword|boost
|-boost|p2a: Zacian|atk|1
|switch|p1a: Regieleki|Regieleki, L50|100/100
|-terastallize|p2a: Zacian|Flying
|move|p2b: Tornadus|Tailwind|p2b: Tornadus
|-sidestart|p2: AnotherAshnSoul|move: Tailwind
|cant|p2a: Zacian|slp
|move|p1b: Toedscruel|Earth Power|p2a: Zacian
|-immune|p2a: Zacian
|
|upkeep
|turn|5
|c|☆pinkerstinker69|WP
|
|t:|1750802345
|switch|p1b: Weezing|Weezing-Galar, L50, M, shiny, tera:Water|100/100
|-ability|p1b: Weezing|Neutralizing Gas
|cant|p2a: Zacian|slp
|move|p2b: Tornadus|Taunt|p1a: Regieleki
|-start|p1a: Regieleki|move: Taunt
|move|p1a: Regieleki|Electroweb|p2b: Tornadus|[spread] p2a,p2b
|-supereffective|p2a: Zacian
|-supereffective|p2b: Tornadus
|-damage|p2a: Zacian|0 fnt
|-damage|p2b: Tornadus|20/100
|faint|p2a: Zacian
|
|upkeep
|
|t:|1750802356
|switch|p2a: Kyogre|Kyogre, L50|100/100
|turn|6
|
|t:|1750802372
|switch|p2a: Thundurus|Thundurus-Therian, L50, M|100/100
|move|p1b: Weezing|Protect|p1b: Weezing
|-singleturn|p1b: Weezing|Protect
|move|p2b: Tornadus|Taunt|p1b: Weezing
|-activate|p1b: Weezing|move: Protect
|move|p1a: Regieleki|Electroweb|p2a: Thundurus|[spread] p2a,p2b
|-supereffective|p2b: Tornadus
|-damage|p2a: Thundurus|75/100
|-damage|p2b: Tornadus|0 fnt
|-unboost|p2a: Thundurus|spe|1
|faint|p2b: Tornadus
|
|upkeep
|
|t:|1750802384
|switch|p2b: Kyogre|Kyogre, L50|100/100
|turn|7
|
|t:|1750802396
|move|p2b: Kyogre|Protect|p2b: Kyogre
|-singleturn|p2b: Kyogre|Protect
|move|p1a: Regieleki|Electroweb|p2b: Kyogre|[spread] p2a
|-activate|p2b: Kyogre|move: Protect
|-damage|p2a: Thundurus|48/100
|-unboost|p2a: Thundurus|spe|1
|move|p2a: Thundurus|Wildbolt Storm|p1b: Weezing|[spread] p1a,p1b
|-resisted|p1a: Regieleki
|-supereffective|p1b: Weezing
|-damage|p1a: Regieleki|58/100
|-damage|p1b: Weezing|0 fnt
|faint|p1b: Weezing
|-end|p1b: Weezing|ability: Neutralizing Gas
|-weather|RainDance|[from] ability: Drizzle|[of] p2b: Kyogre
|
|-weather|RainDance|[upkeep]
|-end|p1a: Regieleki|move: Taunt
|-sideend|p2: AnotherAshnSoul|move: Tailwind
|upkeep
|c|☆AnotherAshnSoul|?
|
|t:|1750802408
|switch|p1b: Koraidon|Koraidon, L50|100/100
|-weather|SunnyDay|[from] ability: Orichalcum Pulse|[of] p1b: Koraidon
|-activate|p1b: Koraidon|Orichalcum Pulse|[source]
|turn|8
|c|☆AnotherAshnSoul|oh fucking gas
|c|☆AnotherAshnSoul|ofc
|c|☆AnotherAshnSoul|gg
|-message|AnotherAshnSoul forfeited.
|
|win|pinkerstinker69
