|j|☆imperial lemons
|j|☆testphalap
|t:|1750875285
|gametype|doubles
|player|p1|imperial lemons|170|1582
|player|p2|testphalap|101|1572
|teamsize|p1|6
|teamsize|p2|6
|gen|9
|tier|[Gen 9] VGC 2025 Reg I
|rated|
|rule|Species Clause: Limit one of each Pokémon
|rule|Item Clause: Limit 1 of each item
|clearpoke
|poke|p1|Zamazenta-*, L50|
|poke|p1|Miraidon, L50|
|poke|p1|Chien-Pao, L50|
|poke|p1|Volcarona, L50, M|
|poke|p1|Whimsicott, L50, M|
|poke|p1|Urshifu-*, L50, F|
|poke|p2|Miraidon, L50|
|poke|p2|Whimsicott, L50, M|
|poke|p2|Incineroar, L50, F|
|poke|p2|Calyrex-Ice, L50|
|poke|p2|Urshifu-*, L50, M|
|poke|p2|Landorus, L50, M|
|teampreview|4
|inactive|Battle timer is ON: inactive players will automatically lose when time's up. (requested by testphalap)
|
|t:|1750875319
|start
|switch|p1a: Chien-Pao|Chien-Pao, L50|100/100
|switch|p1b: Miraidon|Miraidon, L50|100/100
|switch|p2a: Whimsicott|Whimsicott, L50, M, shiny|100/100
|switch|p2b: Landorus|Landorus, L50, M|100/100
|-ability|p1a: Chien-Pao|Sword of Ruin
|-fieldstart|move: Electric Terrain|[from] ability: Hadron Engine|[of] p1b: Miraidon
|turn|1
|inactive|testphalap has 30 seconds left.
|inactive|testphalap has 20 seconds left.
|
|t:|1750875357
|-terastallize|p1b: Miraidon|Fairy
|-terastallize|p2b: Landorus|Poison
|move|p2a: Whimsicott|Tailwind|p2a: Whimsicott
|-sidestart|p2: testphalap|move: Tailwind
|move|p2b: Landorus|Sludge Bomb|p1b: Miraidon
|-supereffective|p1b: Miraidon
|-damage|p1b: Miraidon|0 fnt
|faint|p1b: Miraidon
|move|p1a: Chien-Pao|Icicle Crash|p2b: Landorus
|-damage|p2b: Landorus|26/100
|-damage|p1a: Chien-Pao|91/100|[from] item: Life Orb
|
|upkeep
|
|t:|1750875365
|switch|p1b: Zamazenta|Zamazenta-Crowned, L50|100/100
|-ability|p1b: Zamazenta|Dauntless Shield|boost
|-boost|p1b: Zamazenta|def|1
|turn|2
|
|t:|1750875384
|move|p2b: Landorus|Protect|p2b: Landorus
|-singleturn|p2b: Landorus|Protect
|move|p1a: Chien-Pao|Sucker Punch||[still]
|-fail|p1a: Chien-Pao
|move|p2a: Whimsicott|Moonblast|p1a: Chien-Pao
|-supereffective|p1a: Chien-Pao
|-damage|p1a: Chien-Pao|10/100
|move|p1b: Zamazenta|Behemoth Bash|p2a: Whimsicott
|-supereffective|p2a: Whimsicott
|-damage|p2a: Whimsicott|0 fnt
|faint|p2a: Whimsicott
|
|upkeep
|
|t:|1750875392
|switch|p2a: Urshifu|Urshifu-Rapid-Strike, L50, M|100/100
|turn|3
|
|t:|1750875412
|switch|p1a: Urshifu|Urshifu-Rapid-Strike, L50, F|100/100
|move|p1b: Zamazenta|Protect|p1b: Zamazenta
|-singleturn|p1b: Zamazenta|Protect
|move|p2a: Urshifu|Aqua Jet|p1a: Urshifu
|-resisted|p1a: Urshifu
|-damage|p1a: Urshifu|88/100
|move|p2b: Landorus|Earth Power|p1b: Zamazenta
|-activate|p1b: Zamazenta|move: Protect
|
|upkeep
|turn|4
|inactive|testphalap has 30 seconds left.
|
|t:|1750875440
|switch|p2b: Miraidon|Miraidon, L50|100/100
|-activate|p2b: Miraidon|ability: Hadron Engine
|move|p1a: Urshifu|Aqua Jet|p2b: Miraidon
|-resisted|p2b: Miraidon
|-damage|p2b: Miraidon|90/100
|move|p2a: Urshifu|Taunt|p1b: Zamazenta
|-start|p1b: Zamazenta|move: Taunt
|move|p1b: Zamazenta|Body Press|p2b: Miraidon
|-crit|p2b: Miraidon
|-damage|p2b: Miraidon|0 fnt
|faint|p2b: Miraidon
|
|-sideend|p2: testphalap|move: Tailwind
|upkeep
|
|t:|1750875449
|switch|p2b: Landorus|Landorus, L50, M, tera:Poison|26/100
|turn|5
|
|t:|1750875467
|switch|p1b: Chien-Pao|Chien-Pao, L50|10/100
|-ability|p1b: Chien-Pao|Sword of Ruin
|move|p1a: Urshifu|Aqua Jet|p2b: Landorus
|-damage|p2b: Landorus|0 fnt
|faint|p2b: Landorus
|move|p2a: Urshifu|Surging Strikes|p1b: Chien-Pao
|-crit|p1b: Chien-Pao
|-damage|p1b: Chien-Pao|0 fnt
|faint|p1b: Chien-Pao
|-hitcount|p1: Chien-Pao|1
|
|-fieldend|move: Electric Terrain
|upkeep
|
|t:|1750875475
|switch|p1b: Zamazenta|Zamazenta-Crowned, L50|100/100
|turn|6
|-message|testphalap forfeited.
|
|win|imperial lemons
|raw|imperial lemons's rating: 1582 &rarr; <strong>1601</strong><br />(+19 for winning)
|raw|testphalap's rating: 1572 &rarr; <strong>1553</strong><br />(-19 for losing)
|l|☆testphalap
|player|p2|
