|j|☆actuallysherk
|j|☆blu3cr33p3r
|t:|1750773816
|gametype|doubles
|player|p1|actuallysherk|1|1203
|player|p2|blu3cr33p3r|bruno|1200
|teamsize|p1|6
|teamsize|p2|6
|gen|9
|tier|[Gen 9] VGC 2025 Reg I
|rated|
|rule|Species Clause: Limit one of each Pokémon
|rule|Item Clause: Limit 1 of each item
|clearpoke
|poke|p1|Calyrex-Shadow, L50|
|poke|p1|Zamazenta-*, L50|
|poke|p1|Chien-Pao, L50|
|poke|p1|Ogerpon-Hearthflame, L50, F|
|poke|p1|Whimsicott, L50, F|
|poke|p1|Raging Bolt, L50|
|poke|p2|Lunala, L50|
|poke|p2|Ursaluna, L50, F|
|poke|p2|Urshifu-*, L50, M|
|poke|p2|Miraidon, L50|
|poke|p2|Grimmsnarl, L50, M|
|poke|p2|Incineroar, L50, M|
|teampreview|4
|inactive|Battle timer is ON: inactive players will automatically lose when time's up. (requested by actuallysherk)
|inactive|actuallysherk has 60 seconds left.
|inactive|blu3cr33p3r has 60 seconds left.
|inactive|blu3cr33p3r has 30 seconds left.
|inactive|blu3cr33p3r has 20 seconds left.
|
|t:|1750773888
|start
|switch|p1a: Calyrex|Calyrex-Shadow, L50|100/100
|switch|p1b: Chien-Pao|Chien-Pao, L50|100/100
|switch|p2a: Grimmsnarl|Grimmsnarl, L50, M|100/100
|switch|p2b: Ursaluna|Ursaluna, L50, F|100/100
|-ability|p1a: Calyrex|As One
|-ability|p1a: Calyrex|Unnerve
|-ability|p1b: Chien-Pao|Sword of Ruin
|turn|1
|inactive|blu3cr33p3r has 30 seconds left.
|
|t:|1750773916
|move|p2b: Ursaluna|Protect|p2b: Ursaluna
|-singleturn|p2b: Ursaluna|Protect
|move|p2a: Grimmsnarl|Light Screen|p2a: Grimmsnarl
|-sidestart|p2: blu3cr33p3r|move: Light Screen
|move|p1a: Calyrex|Substitute|p1a: Calyrex
|-start|p1a: Calyrex|Substitute
|-damage|p1a: Calyrex|76/100
|move|p1b: Chien-Pao|Ice Spinner|p2b: Ursaluna
|-activate|p2b: Ursaluna|move: Protect
|
|-status|p2b: Ursaluna|brn|[from] item: Flame Orb
|upkeep
|turn|2
|inactive|blu3cr33p3r has 30 seconds left.
|inactive|blu3cr33p3r has 20 seconds left.
|inactive|blu3cr33p3r has 15 seconds left.
|inactive|blu3cr33p3r has 10 seconds left.
|inactive|blu3cr33p3r has 5 seconds left.
|
|t:|1750773971
|move|p2a: Grimmsnarl|Reflect|p2a: Grimmsnarl
|-sidestart|p2: blu3cr33p3r|Reflect
|move|p1a: Calyrex|Astral Barrage|p2a: Grimmsnarl|[spread] p2a
|-immune|p2b: Ursaluna
|-resisted|p2a: Grimmsnarl
|-damage|p2a: Grimmsnarl|81/100
|-damage|p1a: Calyrex|66/100|[from] item: Life Orb
|move|p1b: Chien-Pao|Ice Spinner|p2b: Ursaluna
|-supereffective|p2b: Ursaluna
|-damage|p2b: Ursaluna|50/100 brn
|move|p2b: Ursaluna|Headlong Rush|p1a: Calyrex
|-end|p1a: Calyrex|Substitute
|-unboost|p2b: Ursaluna|def|1
|-unboost|p2b: Ursaluna|spd|1
|
|-damage|p2b: Ursaluna|44/100 brn|[from] brn
|upkeep
|turn|3
|inactive|actuallysherk has 30 seconds left.
|inactive|blu3cr33p3r has 30 seconds left.
|
|t:|1750774004
|move|p2b: Ursaluna|Protect|p2b: Ursaluna
|-singleturn|p2b: Ursaluna|Protect
|move|p2a: Grimmsnarl|Thunder Wave|p1a: Calyrex
|-status|p1a: Calyrex|par
|move|p1b: Chien-Pao|Ice Spinner|p2b: Ursaluna
|-activate|p2b: Ursaluna|move: Protect
|cant|p1a: Calyrex|par
|
|-damage|p2b: Ursaluna|38/100 brn|[from] brn
|upkeep
|turn|4
|
|t:|1750774029
|move|p1a: Calyrex|Protect|p1a: Calyrex
|-singleturn|p1a: Calyrex|Protect
|move|p1b: Chien-Pao|Ice Spinner|p2b: Ursaluna
|-supereffective|p2b: Ursaluna
|-damage|p2b: Ursaluna|0 fnt
|faint|p2b: Ursaluna
|move|p2a: Grimmsnarl|Spirit Break|p1b: Chien-Pao
|-supereffective|p1b: Chien-Pao
|-damage|p1b: Chien-Pao|22/100
|-unboost|p1b: Chien-Pao|spa|1
|
|upkeep
|inactive|blu3cr33p3r has 30 seconds left.
|
|t:|1750774057
|switch|p2b: Lunala|Lunala, L50|100/100
|turn|5
|inactive|blu3cr33p3r has 30 seconds left.
|
|t:|1750774082
|-terastallize|p2b: Lunala|Fairy
|move|p1b: Chien-Pao|Ice Spinner|p2b: Lunala
|-damage|p2b: Lunala|88/100
|move|p2b: Lunala|Moongeist Beam|p1a: Calyrex
|-supereffective|p1a: Calyrex
|-damage|p1a: Calyrex|0 fnt
|faint|p1a: Calyrex
|move|p2a: Grimmsnarl|Spirit Break|p1b: Chien-Pao
|-supereffective|p1b: Chien-Pao
|-damage|p1b: Chien-Pao|0 fnt
|faint|p1b: Chien-Pao
|
|upkeep
|
|t:|1750774095
|switch|p1a: Raging Bolt|Raging Bolt, L50|100/100
|switch|p1b: Ogerpon|Ogerpon-Hearthflame, L50, F|100/100
|-ability|p1b: Ogerpon|Mold Breaker
|-enditem|p1a: Raging Bolt|Booster Energy
|-activate|p1a: Raging Bolt|ability: Protosynthesis|[fromitem]
|-start|p1a: Raging Bolt|protosynthesisspa
|turn|6
|inactive|blu3cr33p3r has 30 seconds left.
|inactive|blu3cr33p3r has 20 seconds left.
|
|t:|1750774131
|-terastallize|p1b: Ogerpon|Fire
|detailschange|p1b: Ogerpon|Ogerpon-Hearthflame-Tera, L50, F, tera:Fire
|-ability|p1b: Ogerpon|Embody Aspect (Hearthflame)|boost
|-boost|p1b: Ogerpon|atk|1
|move|p1b: Ogerpon|Ivy Cudgel|p2b: Lunala|[anim] Ivy Cudgel Fire
|-damage|p2b: Lunala|41/100
|move|p2b: Lunala|Moonblast|p1a: Raging Bolt
|-supereffective|p1a: Raging Bolt
|-damage|p1a: Raging Bolt|9/100
|-unboost|p1a: Raging Bolt|spa|1
|move|p1a: Raging Bolt|Thunderbolt|p2b: Lunala
|-damage|p2b: Lunala|19/100
|move|p2a: Grimmsnarl|Spirit Break|p1a: Raging Bolt
|-supereffective|p1a: Raging Bolt
|-damage|p1a: Raging Bolt|0 fnt
|faint|p1a: Raging Bolt
|-end|p1a: Raging Bolt|Protosynthesis|[silent]
|
|upkeep
|turn|7
|inactive|actuallysherk has 30 seconds left.
|inactive|blu3cr33p3r has 30 seconds left.
|inactive|blu3cr33p3r has 20 seconds left.
|
|t:|1750774169
|move|p2a: Grimmsnarl|Thunder Wave|p1b: Ogerpon
|-status|p1b: Ogerpon|par
|move|p2b: Lunala|Moongeist Beam|p1b: Ogerpon
|-damage|p1b: Ogerpon|49/100 par
|move|p1b: Ogerpon|Ivy Cudgel|p2b: Lunala|[anim] Ivy Cudgel Fire
|-damage|p2b: Lunala|0 fnt
|faint|p2b: Lunala
|
|upkeep
|
|t:|1750774181
|switch|p2b: Miraidon|Miraidon, L50|100/100
|-fieldstart|move: Electric Terrain|[from] ability: Hadron Engine|[of] p2b: Miraidon
|turn|8
|
|t:|1750774204
|move|p2b: Miraidon|Electro Drift|p1b: Ogerpon
|-damage|p1b: Ogerpon|0 fnt
|faint|p1b: Ogerpon
|detailschange|p1: Ogerpon|Ogerpon-Hearthflame, L50, F|[silent]
|
|win|blu3cr33p3r
|raw|actuallysherk's rating: 1203 &rarr; <strong>1178</strong><br />(-25 for losing)
|raw|blu3cr33p3r's rating: 1200 &rarr; <strong>1225</strong><br />(+25 for winning)
|l|☆actuallysherk
|player|p1|
