|j|☆MiautzGenau
|j|☆Foeluis
|t:|1750834743
|gametype|doubles
|player|p1|MiautzGenau|2|1461
|player|p2|Foeluis|170|1562
|teamsize|p1|6
|teamsize|p2|6
|gen|9
|tier|[Gen 9] VGC 2025 Reg I
|rated|
|rule|Species Clause: Limit one of each Pokémon
|rule|Item Clause: Limit 1 of each item
|clearpoke
|poke|p1|Calyrex-Shadow, L50|
|poke|p1|Koraidon, L50|
|poke|p1|Weezing-Galar, L50, M|
|poke|p1|Raging Bolt, L50|
|poke|p1|Brute Bonnet, L50|
|poke|p1|Incineroar, L50, M|
|poke|p2|Kyogre, L50|
|poke|p2|Incineroar, L50, M|
|poke|p2|Zacian-*, L50|
|poke|p2|Rillaboom, L50, F|
|poke|p2|Tornadus, L50, M|
|poke|p2|Urshifu-*, L50, F|
|teampreview|4
|inactive|Battle timer is ON: inactive players will automatically lose when time's up. (requested by MiautzGenau)
|
|t:|1750834765
|start
|switch|p1a: Raging Bolt|Raging Bolt, L50|100/100
|switch|p1b: Weezing|Weezing-Galar, L50, M|100/100
|switch|p2a: Zacian|Zacian-Crowned, L50|100/100
|switch|p2b: Urshifu|Urshifu, L50, F|100/100
|-ability|p1b: Weezing|Neutralizing Gas
|turn|1
|inactive|MiautzGenau has 30 seconds left.
|
|t:|1750834800
|-terastallize|p1a: Raging Bolt|Electric
|move|p2b: Urshifu|Protect|p2b: Urshifu
|-singleturn|p2b: Urshifu|Protect
|move|p2a: Zacian|Behemoth Blade|p1b: Weezing
|-supereffective|p1b: Weezing
|-damage|p1b: Weezing|0 fnt
|faint|p1b: Weezing
|-end|p1b: Weezing|ability: Neutralizing Gas
|-ability|p2a: Zacian|Intrepid Sword|boost
|-boost|p2a: Zacian|atk|1
|move|p1a: Raging Bolt|Thunderbolt|p2a: Zacian
|-damage|p2a: Zacian|37/100
|
|upkeep
|
|t:|1750834815
|switch|p1b: Koraidon|Koraidon, L50|100/100
|-weather|SunnyDay|[from] ability: Orichalcum Pulse|[of] p1b: Koraidon
|-activate|p1a: Raging Bolt|ability: Protosynthesis
|-start|p1a: Raging Bolt|protosynthesisspa
|-activate|p1b: Koraidon|Orichalcum Pulse|[source]
|turn|2
|inactive|Foeluis has 30 seconds left.
|inactive|Foeluis has 20 seconds left.
|inactive|Foeluis has 15 seconds left.
|inactive|Foeluis has 10 seconds left.
|
|t:|1750834862
|switch|p1b: Calyrex|Calyrex-Shadow, L50|100/100
|-ability|p1b: Calyrex|As One
|-ability|p1b: Calyrex|Unnerve
|-terastallize|p2a: Zacian|Ground
|move|p1a: Raging Bolt|Thunderclap|p2a: Zacian
|-immune|p2a: Zacian
|move|p2a: Zacian|Play Rough|p1b: Calyrex
|-damage|p1b: Calyrex|8/100
|move|p2b: Urshifu|Close Combat|p1a: Raging Bolt
|-damage|p1a: Raging Bolt|51/100
|-unboost|p2b: Urshifu|def|1
|-unboost|p2b: Urshifu|spd|1
|
|-weather|SunnyDay|[upkeep]
|upkeep
|turn|3
|
|t:|1750834887
|move|p1b: Calyrex|Protect|p1b: Calyrex
|-singleturn|p1b: Calyrex|Protect
|move|p2b: Urshifu|Sucker Punch||[still]
|-fail|p2b: Urshifu
|move|p1a: Raging Bolt|Thunderclap||[still]
|-fail|p1a: Raging Bolt
|move|p2a: Zacian|Play Rough|p1a: Raging Bolt
|-damage|p1a: Raging Bolt|0 fnt
|faint|p1a: Raging Bolt
|-end|p1a: Raging Bolt|Protosynthesis|[silent]
|
|-weather|SunnyDay|[upkeep]
|upkeep
|
|t:|1750834892
|switch|p1a: Koraidon|Koraidon, L50|100/100
|-activate|p1a: Koraidon|ability: Orichalcum Pulse
|turn|4
|inactive|Foeluis has 30 seconds left.
|
|t:|1750834921
|move|p2b: Urshifu|Sucker Punch||[still]
|-fail|p2b: Urshifu
|move|p1b: Calyrex|Nasty Plot|p1b: Calyrex
|-boost|p1b: Calyrex|spa|2
|move|p2a: Zacian|Play Rough|p1a: Koraidon
|-supereffective|p1a: Koraidon
|-damage|p1a: Koraidon|0 fnt
|faint|p1a: Koraidon
|
|-weather|SunnyDay|[upkeep]
|upkeep
|turn|5
|-message|MiautzGenau forfeited.
|
|win|Foeluis
|raw|MiautzGenau's rating: 1461 &rarr; <strong>1447</strong><br />(-14 for losing)
|raw|Foeluis's rating: 1562 &rarr; <strong>1576</strong><br />(+14 for winning)
|l|☆MiautzGenau
|player|p1|
|l|☆Foeluis
|player|p2|
