|j|☆Mokh
|j|☆TheDecommissioner
|t:|1750769559
|gametype|doubles
|player|p1|Mokh|chuck|1179
|player|p2|TheDecommissioner|preschooler|1189
|teamsize|p1|6
|teamsize|p2|6
|gen|9
|tier|[Gen 9] VGC 2025 Reg I
|rated|
|rule|Species Clause: Limit one of each Pokémon
|rule|Item Clause: Limit 1 of each item
|clearpoke
|poke|p1|Solgaleo, L50|
|poke|p1|Zoroark-Hisui, L50, F|
|poke|p1|Hydreigon, L50, M|
|poke|p1|Ho-Oh, L50|
|poke|p1|Farigiraf, L50, M|
|poke|p1|Garganacl, L50, M|
|poke|p2|Walking Wake, L50|
|poke|p2|Torkoal, L50, F|
|poke|p2|Indeedee-F, L50, F|
|poke|p2|Koraidon, L50|
|poke|p2|Lilligant-Hisui, L50, F|
|poke|p2|Archaludon, L50, M|
|teampreview|4
|inactive|Battle timer is ON: inactive players will automatically lose when time's up. (requested by TheDecommissioner)
|inactive|Mokh has 60 seconds left.
|
|t:|1750769602
|start
|switch|p1a: Garganacl|Garganacl, L50, M|100/100
|switch|p1b: Ho-Oh|Ho-Oh, L50|100/100
|switch|p2a: Scotland|Walking Wake, L50|100/100
|switch|p2b: Koraidon|Koraidon, L50|100/100
|-weather|SunnyDay|[from] ability: Orichalcum Pulse|[of] p2b: Koraidon
|-activate|p2a: Scotland|ability: Protosynthesis
|-start|p2a: Scotland|protosynthesisspe
|-activate|p2b: Koraidon|Orichalcum Pulse|[source]
|turn|1
|inactive|TheDecommissioner has 30 seconds left.
|
|t:|1750769636
|-terastallize|p1a: Garganacl|Water
|move|p1b: Ho-Oh|Protect|p1b: Ho-Oh
|-singleturn|p1b: Ho-Oh|Protect
|move|p2a: Scotland|Snarl|p1b: Ho-Oh|[spread] p1a
|-activate|p1b: Ho-Oh|move: Protect
|-damage|p1a: Garganacl|86/100
|-unboost|p1a: Garganacl|spa|1
|move|p2b: Koraidon|Flare Blitz|p1a: Garganacl
|-resisted|p1a: Garganacl
|-damage|p1a: Garganacl|63/100
|-damage|p2b: Koraidon|93/100|[from] Recoil
|move|p1a: Garganacl|Salt Cure|p2a: Scotland
|-damage|p2a: Scotland|85/100
|-start|p2a: Scotland|Salt Cure
|
|-weather|SunnyDay|[upkeep]
|-heal|p1a: Garganacl|69/100|[from] item: Leftovers
|-damage|p2a: Scotland|60/100|[from] Salt Cure
|upkeep
|turn|2
|inactive|Mokh has 30 seconds left.
|
|t:|1750769670
|move|p2a: Scotland|Hydro Steam|p1b: Ho-Oh
|-supereffective|p1b: Ho-Oh
|-damage|p1b: Ho-Oh|49/100
|move|p2b: Koraidon|Flare Blitz|p1b: Ho-Oh
|-resisted|p1b: Ho-Oh
|-damage|p1b: Ho-Oh|9/100
|-damage|p2b: Koraidon|79/100|[from] Recoil
|move|p1b: Ho-Oh|Tailwind|p1b: Ho-Oh
|-sidestart|p1: Mokh|move: Tailwind
|move|p1a: Garganacl|Salt Cure|p2b: Koraidon
|-resisted|p2b: Koraidon
|-damage|p2b: Koraidon|73/100
|-start|p2b: Koraidon|Salt Cure
|
|-weather|SunnyDay|[upkeep]
|-heal|p1a: Garganacl|74/100|[from] item: Leftovers
|-damage|p2a: Scotland|36/100|[from] Salt Cure
|-damage|p2b: Koraidon|61/100|[from] Salt Cure
|upkeep
|turn|3
|
|t:|1750769691
|-end|p2a: Scotland|Protosynthesis|[silent]
|switch|p2a: Talking|Lilligant-Hisui, L50, F|100/100
|move|p1b: Ho-Oh|Protect|p1b: Ho-Oh
|-singleturn|p1b: Ho-Oh|Protect
|move|p2b: Koraidon|Flare Blitz|p1b: Ho-Oh
|-activate|p1b: Ho-Oh|move: Protect
|move|p1a: Garganacl|Recover|p1a: Garganacl
|-heal|p1a: Garganacl|100/100
|
|-weather|SunnyDay|[upkeep]
|-damage|p2b: Koraidon|49/100|[from] Salt Cure
|upkeep
|turn|4
|
|t:|1750769710
|switch|p1a: Hydreigon|Hydreigon, L50, M|100/100
|move|p2a: Talking|Sleep Powder|p1a: Hydreigon
|-status|p1a: Hydreigon|slp|[from] move: Sleep Powder
|move|p2b: Koraidon|Flare Blitz|p1b: Ho-Oh
|-resisted|p1b: Ho-Oh
|-damage|p1b: Ho-Oh|0 fnt
|faint|p1b: Ho-Oh
|-damage|p2b: Koraidon|46/100|[from] Recoil
|
|-weather|SunnyDay|[upkeep]
|-damage|p2b: Koraidon|34/100|[from] Salt Cure
|upkeep
|
|t:|1750769721
|switch|p1b: Solgaleo|Solgaleo, L50|100/100
|turn|5
|
|t:|1750769728
|switch|p2b: Is|Archaludon, L50, M|100/100
|move|p2a: Talking|Bullet Seed|p2b: Is
|-resisted|p2b: Is
|-damage|p2b: Is|98/100
|-ability|p2b: Is|Stamina|boost
|-boost|p2b: Is|def|1
|-resisted|p2b: Is
|-damage|p2b: Is|97/100
|-ability|p2b: Is|Stamina|boost
|-boost|p2b: Is|def|1
|-resisted|p2b: Is
|-damage|p2b: Is|96/100
|-ability|p2b: Is|Stamina|boost
|-boost|p2b: Is|def|1
|-resisted|p2b: Is
|-damage|p2b: Is|95/100
|-ability|p2b: Is|Stamina|boost
|-boost|p2b: Is|def|1
|-resisted|p2b: Is
|-damage|p2b: Is|95/100
|-ability|p2b: Is|Stamina|boost
|-boost|p2b: Is|def|1
|-hitcount|p2b: Is|5
|cant|p1a: Hydreigon|slp
|move|p1b: Solgaleo|Psychic Fangs|p2a: Talking
|-supereffective|p2a: Talking
|-damage|p2a: Talking|0 fnt
|faint|p2a: Talking
|
|-weather|none
|-sideend|p1: Mokh|move: Tailwind
|upkeep
|
|t:|1750769736
|switch|p2a: Koraidon|Koraidon, L50|34/100
|-weather|SunnyDay|[from] ability: Orichalcum Pulse|[of] p2a: Koraidon
|-activate|p2a: Koraidon|Orichalcum Pulse|[source]
|turn|6
|
|t:|1750769756
|move|p2a: Koraidon|Flare Blitz|p1b: Solgaleo
|-supereffective|p1b: Solgaleo
|-damage|p1b: Solgaleo|0 fnt
|faint|p1b: Solgaleo
|-damage|p2a: Koraidon|0 fnt|[from] Recoil
|faint|p2a: Koraidon
|-curestatus|p1a: Hydreigon|slp|[msg]
|move|p1a: Hydreigon|Dragon Pulse|p2b: Is
|-damage|p2b: Is|69/100
|-ability|p2b: Is|Stamina|boost
|-boost|p2b: Is|def|1
|move|p2b: Is|Body Press|p1a: Hydreigon
|-supereffective|p1a: Hydreigon
|-damage|p1a: Hydreigon|0 fnt
|faint|p1a: Hydreigon
|
|-weather|SunnyDay|[upkeep]
|upkeep
|
|t:|1750769760
|switch|p2a: Scotland|Walking Wake, L50|36/100
|switch|p1b: Garganacl|Garganacl, L50, M, tera:Water|100/100
|-activate|p2a: Scotland|ability: Protosynthesis
|-start|p2a: Scotland|protosynthesisspe
|turn|7
|
|t:|1750769770
|move|p2a: Scotland|Draco Meteor|p1b: Garganacl
|-damage|p1b: Garganacl|38/100
|-unboost|p2a: Scotland|spa|2
|move|p2b: Is|Body Press|p1b: Garganacl
|-damage|p1b: Garganacl|0 fnt
|faint|p1b: Garganacl
|
|win|TheDecommissioner
|raw|Mokh's rating: 1179 &rarr; <strong>1155</strong><br />(-24 for losing)
|raw|TheDecommissioner's rating: 1189 &rarr; <strong>1213</strong><br />(+24 for winning)
|l|☆Mokh
|player|p1|
|l|☆TheDecommissioner
|player|p2|
