|j|☆column11
|j|☆sweepy boi
|t:|1750861803
|gametype|doubles
|player|p1|column11|ninjaboy|1464
|player|p2|sweepy boi|skyla|1428
|teamsize|p1|6
|teamsize|p2|6
|gen|9
|tier|[Gen 9] VGC 2025 Reg I
|rated|
|rule|Species Clause: Limit one of each Pokémon
|rule|Item Clause: Limit 1 of each item
|clearpoke
|poke|p1|Clefairy, L50, M|
|poke|p1|Rillaboom, L50, F|
|poke|p1|Grimmsnarl, L50, M|
|poke|p1|Iron Jugulis, L50|
|poke|p1|Calyrex-Shadow, L50|
|poke|p1|Zamazenta-*, L50|
|poke|p2|Miraidon, L50|
|poke|p2|Thundurus, L50, M|
|poke|p2|Landorus, L50, M|
|poke|p2|Tornadus, L50, M|
|poke|p2|Enamorus, L50, F|
|poke|p2|Calyrex-Ice, L50|
|teampreview|4
|inactive|Battle timer is ON: inactive players will automatically lose when time's up. (requested by sweepy boi)
|
|t:|1750861895
|start
|switch|p1a: Iron Jugulis|Iron Jugulis, L50, shiny|100/100
|switch|p1b: Zamazenta|Zamazenta-Crowned, L50, shiny|100/100
|switch|p2a: Thundurus|Thundurus, L50, M|100/100
|switch|p2b: Landorus|Landorus, L50, M|100/100
|-ability|p1b: Zamazenta|Dauntless Shield|boost
|-boost|p1b: Zamazenta|def|1
|-enditem|p1a: Iron Jugulis|Booster Energy
|-activate|p1a: Iron Jugulis|ability: Quark Drive|[fromitem]
|-start|p1a: Iron Jugulis|quarkdrivespe
|turn|1
|inactive|sweepy boi has 30 seconds left.
|
|t:|1750861924
|move|p1b: Zamazenta|Protect|p1b: Zamazenta
|-singleturn|p1b: Zamazenta|Protect
|move|p2a: Thundurus|Scary Face|p1b: Zamazenta
|-activate|p1b: Zamazenta|move: Protect
|move|p1a: Iron Jugulis|Snarl|p2a: Thundurus|[spread] p2a,p2b
|-damage|p2a: Thundurus|81/100
|-damage|p2b: Landorus|77/100
|-unboost|p2b: Landorus|spa|1
|move|p2b: Landorus|Earth Power|p1b: Zamazenta
|-activate|p1b: Zamazenta|move: Protect
|
|upkeep
|turn|2
|inactive|sweepy boi has 30 seconds left.
|inactive|sweepy boi has 20 seconds left.
|inactive|sweepy boi has 15 seconds left.
|
|t:|1750861967
|switch|p1b: Rillaboom|Rillaboom, L50, F, shiny|100/100
|-fieldstart|move: Grassy Terrain|[from] ability: Grassy Surge|[of] p1b: Rillaboom
|switch|p2b: Enamorus|Enamorus, L50, F|100/100
|move|p2a: Thundurus|Scary Face|p1b: Rillaboom
|-unboost|p1b: Rillaboom|spe|2
|move|p1a: Iron Jugulis|Snarl|p2a: Thundurus|[spread] p2a,p2b
|-resisted|p2b: Enamorus
|-damage|p2a: Thundurus|61/100
|-damage|p2b: Enamorus|88/100
|-boost|p2b: Enamorus|spa|1
|
|upkeep
|turn|3
|inactive|column11 has 30 seconds left.
|
|t:|1750861993
|move|p2b: Enamorus|Protect|p2b: Enamorus
|-singleturn|p2b: Enamorus|Protect
|move|p1b: Rillaboom|Fake Out|p2b: Enamorus
|-activate|p2b: Enamorus|move: Protect
|move|p1a: Iron Jugulis|Taunt|p2a: Thundurus
|-start|p2a: Thundurus|move: Taunt
|move|p2a: Thundurus|Thunderbolt|p1a: Iron Jugulis
|-supereffective|p1a: Iron Jugulis
|-damage|p1a: Iron Jugulis|21/100
|
|upkeep
|turn|4
|inactive|sweepy boi has 30 seconds left.
|
|t:|1750862026
|switch|p2a: Miraidon|Miraidon, L50|100/100
|-fieldstart|move: Electric Terrain|[from] ability: Hadron Engine|[of] p2a: Miraidon
|switch|p1b: Zamazenta|Zamazenta-Crowned, L50, shiny|100/100
|-terastallize|p2b: Enamorus|Stellar
|move|p1a: Iron Jugulis|Air Slash|p2b: Enamorus
|-damage|p2b: Enamorus|38/100
|cant|p2b: Enamorus|flinch
|
|upkeep
|turn|5
|inactive|column11 has 30 seconds left.
|inactive|column11 has 20 seconds left.
|inactive|column11 has 15 seconds left.
|inactive|column11 has 10 seconds left.
|
|t:|1750862073
|switch|p1b: Rillaboom|Rillaboom, L50, F, shiny|100/100
|-fieldstart|move: Grassy Terrain|[from] ability: Grassy Surge|[of] p1b: Rillaboom
|move|p2b: Enamorus|Protect|p2b: Enamorus
|-singleturn|p2b: Enamorus|Protect
|move|p1a: Iron Jugulis|Air Slash|p2b: Enamorus
|-activate|p2b: Enamorus|move: Protect
|move|p2a: Miraidon|Volt Switch|p1a: Iron Jugulis
|-supereffective|p1a: Iron Jugulis
|-crit|p1a: Iron Jugulis
|-damage|p1a: Iron Jugulis|0 fnt
|faint|p1a: Iron Jugulis
|-end|p1a: Iron Jugulis|Quark Drive|[silent]
|
|t:|1750862088
|switch|p2a: Thundurus|Thundurus, L50, M|61/100|[from] Volt Switch
|
|upkeep
|
|t:|1750862092
|switch|p1a: Calyrex|Calyrex-Shadow, L50|100/100
|-ability|p1a: Calyrex|As One
|-ability|p1a: Calyrex|Unnerve
|turn|6
|
|t:|1750862104
|switch|p2b: Miraidon|Miraidon, L50|100/100
|-fieldstart|move: Electric Terrain|[from] ability: Hadron Engine|[of] p2b: Miraidon
|move|p1b: Rillaboom|Fake Out|p2b: Miraidon
|-damage|p2b: Miraidon|87/100
|move|p2a: Thundurus|Eerie Impulse|p1a: Calyrex
|-unboost|p1a: Calyrex|spa|2
|move|p1a: Calyrex|Astral Barrage|p2b: Miraidon|[spread] p2a,p2b
|-damage|p2a: Thundurus|34/100
|-damage|p2b: Miraidon|73/100
|
|upkeep
|turn|7
|inactive|sweepy boi has 30 seconds left.
|inactive|sweepy boi has 20 seconds left.
|
|t:|1750862140
|switch|p1a: Zamazenta|Zamazenta-Crowned, L50, shiny|100/100
|move|p2a: Thundurus|Scary Face|p1a: Zamazenta
|-unboost|p1a: Zamazenta|spe|2
|move|p2b: Miraidon|Draco Meteor|p1b: Rillaboom
|-damage|p1b: Rillaboom|31/100
|-unboost|p2b: Miraidon|spa|2
|move|p1b: Rillaboom|U-turn|p2b: Miraidon
|-damage|p2b: Miraidon|50/100
|
|t:|1750862159
|switch|p1b: Calyrex|Calyrex-Shadow, L50|100/100|[from] U-turn
|-ability|p1b: Calyrex|As One
|-ability|p1b: Calyrex|Unnerve
|
|upkeep
|turn|8
|
|t:|1750862180
|switch|p1b: Rillaboom|Rillaboom, L50, F, shiny|31/100
|-fieldstart|move: Grassy Terrain|[from] ability: Grassy Surge|[of] p1b: Rillaboom
|switch|p2b: Landorus|Landorus, L50, M|77/100
|move|p2a: Thundurus|Eerie Impulse|p1b: Rillaboom
|-unboost|p1b: Rillaboom|spa|2
|move|p1a: Zamazenta|Iron Defense|p1a: Zamazenta
|-boost|p1a: Zamazenta|def|2
|
|-heal|p1b: Rillaboom|37/100|[from] Grassy Terrain
|upkeep
|turn|9
|inactive|sweepy boi has 30 seconds left.
|inactive|sweepy boi has 20 seconds left.
|
|t:|1750862218
|-terastallize|p1a: Zamazenta|Grass
|move|p1b: Rillaboom|Fake Out|p2b: Landorus
|-damage|p2b: Landorus|62/100
|move|p2a: Thundurus|Electric Terrain|p2a: Thundurus
|-fieldstart|move: Electric Terrain
|cant|p2b: Landorus|flinch
|move|p1a: Zamazenta|Body Press|p2a: Thundurus
|-resisted|p2a: Thundurus
|-damage|p2a: Thundurus|0 fnt
|faint|p2a: Thundurus
|
|upkeep
|
|t:|1750862234
|switch|p2a: Enamorus|Enamorus, L50, F, tera:Stellar|38/100
|turn|10
|
|t:|1750862243
|switch|p1b: Calyrex|Calyrex-Shadow, L50|100/100
|-ability|p1b: Calyrex|As One
|-ability|p1b: Calyrex|Unnerve
|move|p1a: Zamazenta|Protect|p1a: Zamazenta
|-singleturn|p1a: Zamazenta|Protect
|move|p2a: Enamorus|Tera Blast|p1b: Calyrex|[anim] Tera Blast Stellar
|-damage|p1b: Calyrex|55/100
|-boost|p2a: Enamorus|atk|1
|-boost|p2a: Enamorus|spa|1
|move|p2b: Landorus|Sludge Bomb|p1a: Zamazenta
|-activate|p1a: Zamazenta|move: Protect
|
|upkeep
|turn|11
|
|t:|1750862264
|move|p2a: Enamorus|Protect|p2a: Enamorus
|-singleturn|p2a: Enamorus|Protect
|move|p1b: Calyrex|Astral Barrage|p2a: Enamorus|[spread] p2b
|-activate|p2a: Enamorus|move: Protect
|-damage|p2b: Landorus|5/100
|move|p2b: Landorus|Crunch|p1b: Calyrex
|-supereffective|p1b: Calyrex
|-damage|p1b: Calyrex|0 fnt
|faint|p1b: Calyrex
|move|p1a: Zamazenta|Body Press|p2b: Landorus
|-resisted|p2b: Landorus
|-damage|p2b: Landorus|0 fnt
|faint|p2b: Landorus
|
|upkeep
|
|t:|1750862279
|switch|p1b: Rillaboom|Rillaboom, L50, F, shiny|37/100
|switch|p2b: Miraidon|Miraidon, L50|50/100
|-activate|p2b: Miraidon|ability: Hadron Engine
|-fieldstart|move: Grassy Terrain|[from] ability: Grassy Surge|[of] p1b: Rillaboom
|turn|12
|
|t:|1750862298
|move|p1b: Rillaboom|Fake Out|p2a: Enamorus
|-damage|p2a: Enamorus|11/100
|cant|p2a: Enamorus|flinch
|move|p2b: Miraidon|Draco Meteor|p1b: Rillaboom
|-damage|p1b: Rillaboom|0 fnt
|-unboost|p2b: Miraidon|spa|2
|faint|p1b: Rillaboom
|move|p1a: Zamazenta|Body Press|p2a: Enamorus
|-resisted|p2a: Enamorus
|-damage|p2a: Enamorus|0 fnt
|faint|p2a: Enamorus
|
|-heal|p2b: Miraidon|56/100|[from] Grassy Terrain
|upkeep
|turn|13
|
|t:|1750862312
|move|p2b: Miraidon|Draco Meteor|p1a: Zamazenta
|-damage|p1a: Zamazenta|72/100
|-unboost|p2b: Miraidon|spa|2
|move|p1a: Zamazenta|Body Press|p2b: Miraidon
|-damage|p2b: Miraidon|0 fnt
|faint|p2b: Miraidon
|
|win|column11
|raw|column11's rating: 1464 &rarr; <strong>1482</strong><br />(+18 for winning)
|raw|sweepy boi's rating: 1428 &rarr; <strong>1410</strong><br />(-18 for losing)
|l|☆sweepy boi
|player|p2|
|l|☆column11
|player|p1|
