|j|‽mr.sylent
|j|☆Marlin85
|t:|1750871654
|gametype|doubles
|player|p1|mr.sylent|102|1272
|player|p2|Marlin85|101|1344
|teamsize|p1|6
|teamsize|p2|6
|gen|9
|tier|[Gen 9] VGC 2025 Reg I
|rated|
|rule|Species Clause: Limit one of each Pokémon
|rule|Item Clause: Limit 1 of each item
|clearpoke
|poke|p1|Charjabug, L50, M|
|poke|p1|Chi-Yu, L50|
|poke|p1|Koraidon, L50|
|poke|p1|Gothitelle, L50, M|
|poke|p1|Incineroar, L50, F|
|poke|p1|Flutter Mane, L50|
|poke|p2|Calyrex-Ice, L50|
|poke|p2|Indeedee-F, L50, F|
|poke|p2|Koraidon, L50|
|poke|p2|Ursaluna-Bloodmoon, L50, M|
|poke|p2|Urshifu-*, L50, F|
|poke|p2|Flutter Mane, L50|
|teampreview|4
|
|t:|1750871675
|start
|switch|p1a: Chi-Yu|Chi-Yu, L50|100/100
|switch|p1b: Koraidon|Koraidon, L50|100/100
|switch|p2a: Indeedee|Indeedee-F, L50, F|100/100
|switch|p2b: Koraidon|Koraidon, L50|100/100
|-weather|SunnyDay|[from] ability: Orichalcum Pulse|[of] p2b: Koraidon
|-activate|p2b: Koraidon|Orichalcum Pulse|[source]
|-ability|p1a: Chi-Yu|Beads of Ruin
|-activate|p1b: Koraidon|ability: Orichalcum Pulse
|-fieldstart|move: Psychic Terrain|[from] ability: Psychic Surge|[of] p2a: Indeedee
|-enditem|p2a: Indeedee|Psychic Seed
|-boost|p2a: Indeedee|spd|1|[from] item: Psychic Seed
|turn|1
|
|t:|1750871697
|switch|p1b: Charjabug|Charjabug, L50, M|100/100
|move|p2b: Koraidon|Dragon Claw|p1b: Charjabug
|-damage|p1b: Charjabug|56/100
|move|p1a: Chi-Yu|Heat Wave|p2b: Koraidon|[spread] p2a,p2b
|-resisted|p2b: Koraidon
|-damage|p2a: Indeedee|39/100
|-damage|p2b: Koraidon|47/100
|move|p2a: Indeedee|Reflect|p2a: Indeedee
|-sidestart|p2: Marlin85|Reflect
|
|-weather|SunnyDay|[upkeep]
|upkeep
|turn|2
|
|t:|1750871716
|move|p2b: Koraidon|Dragon Claw|p1a: Chi-Yu
|-damage|p1a: Chi-Yu|1/100
|move|p1a: Chi-Yu|Heat Wave|p2b: Koraidon|[spread] p2a,p2b
|-resisted|p2b: Koraidon
|-damage|p2a: Indeedee|0 fnt
|-damage|p2b: Koraidon|0 fnt
|faint|p2a: Indeedee
|faint|p2b: Koraidon
|move|p1b: Charjabug|Light Screen|p1b: Charjabug
|-sidestart|p1: mr.sylent|move: Light Screen
|
|-weather|SunnyDay|[upkeep]
|upkeep
|
|t:|1750871728
|switch|p2b: Calyrex|Calyrex-Ice, L50|100/100
|switch|p2a: Urshifu|Urshifu, L50, F|100/100
|-ability|p2b: Calyrex|As One
|-ability|p2b: Calyrex|Unnerve
|turn|3
|
|t:|1750871741
|switch|p1b: Incineroar|Incineroar, L50, F|100/100
|-ability|p1b: Incineroar|Intimidate|boost
|-unboost|p2a: Urshifu|atk|1
|-fail|p2b: Calyrex|unboost|[from] item: Clear Amulet|[of] p2b: Calyrex
|-terastallize|p2b: Calyrex|Fire
|move|p1a: Chi-Yu|Heat Wave|p2b: Calyrex|[spread] p2a,p2b
|-resisted|p2b: Calyrex
|-damage|p2a: Urshifu|3/100
|-damage|p2b: Calyrex|70/100
|-status|p2a: Urshifu|brn
|move|p2a: Urshifu|Wicked Blow|p1a: Chi-Yu
|-resisted|p1a: Chi-Yu
|-crit|p1a: Chi-Yu
|-damage|p1a: Chi-Yu|0 fnt
|faint|p1a: Chi-Yu
|move|p2b: Calyrex|Trick Room|p2b: Calyrex
|-fieldstart|move: Trick Room|[of] p2b: Calyrex
|
|-weather|SunnyDay|[upkeep]
|-damage|p2a: Urshifu|0 fnt|[from] brn
|faint|p2a: Urshifu
|upkeep
|
|t:|1750871759
|switch|p1a: Koraidon|Koraidon, L50|100/100
|-activate|p1a: Koraidon|ability: Orichalcum Pulse
|turn|4
|
|t:|1750871779
|move|p1b: Incineroar|Protect|p1b: Incineroar
|-singleturn|p1b: Incineroar|Protect
|move|p1a: Koraidon|Protect|p1a: Koraidon
|-singleturn|p1a: Koraidon|Protect
|move|p2b: Calyrex|High Horsepower|p1a: Koraidon
|-activate|p1a: Koraidon|move: Protect
|
|-weather|SunnyDay|[upkeep]
|upkeep
|turn|5
|
|t:|1750871798
|switch|p1a: Charjabug|Charjabug, L50, M|56/100
|move|p2b: Calyrex|Glacial Lance|p1b: Incineroar|[spread] p1a,p1b
|-resisted|p1b: Incineroar
|-damage|p1a: Charjabug|8/100
|-damage|p1b: Incineroar|78/100
|move|p1b: Incineroar|Parting Shot|p1a: Charjabug
|-unboost|p1a: Charjabug|atk|1
|-unboost|p1a: Charjabug|spa|1
|
|t:|1750871806
|switch|p1b: Koraidon|Koraidon, L50|100/100|[from] Parting Shot
|-activate|p1b: Koraidon|ability: Orichalcum Pulse
|
|-weather|none
|-sideend|p2: Marlin85|Reflect
|-fieldend|move: Psychic Terrain
|upkeep
|turn|6
|
|t:|1750871820
|switch|p1a: Incineroar|Incineroar, L50, F|78/100
|-ability|p1a: Incineroar|Intimidate|boost
|-fail|p2b: Calyrex|unboost|[from] item: Clear Amulet|[of] p2b: Calyrex
|move|p1b: Koraidon|Protect|p1b: Koraidon
|-singleturn|p1b: Koraidon|Protect
|move|p2b: Calyrex|Glacial Lance|p1b: Koraidon|[spread] p1a
|-activate|p1b: Koraidon|move: Protect
|-resisted|p1a: Incineroar
|-damage|p1a: Incineroar|56/100
|
|-sideend|p1: mr.sylent|move: Light Screen
|upkeep
|turn|7
|
|t:|1750871840
|switch|p1b: Charjabug|Charjabug, L50, M|8/100
|move|p2b: Calyrex|Protect|p2b: Calyrex
|-singleturn|p2b: Calyrex|Protect
|move|p1a: Incineroar|Fake Out|p2b: Calyrex
|-activate|p2b: Calyrex|move: Protect
|
|-fieldend|move: Trick Room
|upkeep
|turn|8
|
|t:|1750871866
|move|p1a: Incineroar|Parting Shot|p1b: Charjabug
|-unboost|p1b: Charjabug|atk|1
|-unboost|p1b: Charjabug|spa|1
|
|t:|1750871870
|switch|p1a: Koraidon|Koraidon, L50|100/100|[from] Parting Shot
|-weather|SunnyDay|[from] ability: Orichalcum Pulse|[of] p1a: Koraidon
|-activate|p1a: Koraidon|Orichalcum Pulse|[source]
|move|p1b: Charjabug|Thunder Wave|p2b: Calyrex
|-status|p2b: Calyrex|par
|move|p2b: Calyrex|Trick Room|p2b: Calyrex
|-fieldstart|move: Trick Room|[of] p2b: Calyrex
|
|-weather|SunnyDay|[upkeep]
|upkeep
|turn|9
|
|t:|1750871890
|switch|p1b: Incineroar|Incineroar, L50, F|56/100
|-ability|p1b: Incineroar|Intimidate|boost
|-fail|p2b: Calyrex|unboost|[from] item: Clear Amulet|[of] p2b: Calyrex
|move|p1a: Koraidon|Protect|p1a: Koraidon
|-singleturn|p1a: Koraidon|Protect
|cant|p2b: Calyrex|par
|
|-weather|SunnyDay|[upkeep]
|upkeep
|turn|10
|
|t:|1750871904
|move|p1b: Incineroar|Fake Out|p2b: Calyrex
|-damage|p2b: Calyrex|63/100 par
|cant|p2b: Calyrex|flinch
|move|p1a: Koraidon|Collision Course|p2b: Calyrex
|-damage|p2b: Calyrex|0 fnt
|faint|p2b: Calyrex
|-damage|p1a: Koraidon|91/100|[from] item: Life Orb
|
|win|mr.sylent
|raw|mr.sylent's rating: 1272 &rarr; <strong>1302</strong><br />(+30 for winning)
|raw|Marlin85's rating: 1344 &rarr; <strong>1320</strong><br />(-24 for losing)
|l|☆Marlin85
|player|p2|
|l|‽mr.sylent
|player|p1|
