|j|☆SaunaQueen
|j|☆OttoTheOtocyon
|t:|1750803061
|gametype|doubles
|player|p1|SaunaQueen|bellelba|1190
|player|p2|OttoTheOtocyon|ingo|1090
|teamsize|p1|6
|teamsize|p2|6
|gen|9
|tier|[Gen 9] VGC 2025 Reg I
|rated|
|rule|Species Clause: Limit one of each Pokémon
|rule|Item Clause: Limit 1 of each item
|clearpoke
|poke|p1|Miraidon, L50|
|poke|p1|Terapagos, L50, M|
|poke|p1|Incineroar, L50, F|
|poke|p1|Sinistcha, L50|
|poke|p1|Ogerpon-Hearthflame, L50, F|
|poke|p1|Urshifu-*, L50, M|
|poke|p2|Ninetales-Alola, L50, F|
|poke|p2|Iron Bundle, L50|
|poke|p2|Miraidon, L50|
|poke|p2|Calyrex-Ice, L50|
|poke|p2|Raichu-Alola, L50, M|
|poke|p2|Gastrodon-East, L50, F|
|teampreview|4
|inactive|Battle timer is ON: inactive players will automatically lose when time's up. (requested by SaunaQueen)
|
|t:|1750803108
|start
|switch|p1a: Miraidon|Miraidon, L50|100/100
|switch|p1b: Timerra|Ogerpon-Hearthflame, L50, F|100/100
|switch|p2a: Miraidon|Miraidon, L50|100/100
|switch|p2b: Raichu|Raichu-Alola, L50, M, shiny|100/100
|-fieldstart|move: Electric Terrain|[from] ability: Hadron Engine|[of] p2a: Miraidon
|-enditem|p2b: Raichu|Electric Seed
|-boost|p2b: Raichu|def|1|[from] item: Electric Seed
|-activate|p1a: Miraidon|ability: Hadron Engine
|-ability|p1b: Timerra|Mold Breaker
|turn|1
|
|t:|1750803129
|-terastallize|p2a: Miraidon|Fairy
|move|p2b: Raichu|Fake Out|p1b: Timerra
|-damage|p1b: Timerra|94/100
|cant|p1b: Timerra|flinch
|move|p2a: Miraidon|Dazzling Gleam|p1b: Timerra|[spread] p1a,p1b
|-supereffective|p1a: Miraidon
|-resisted|p1b: Timerra
|-damage|p1a: Miraidon|17/100
|-damage|p1b: Timerra|64/100
|move|p1a: Miraidon|Snarl|p2b: Raichu|[spread] p2a,p2b
|-resisted|p2a: Miraidon
|-supereffective|p2b: Raichu
|-damage|p2a: Miraidon|91/100
|-damage|p2b: Raichu|46/100
|-unboost|p2a: Miraidon|spa|1
|-unboost|p2b: Raichu|spa|1
|
|upkeep
|turn|2
|inactive|SaunaQueen has 30 seconds left.
|
|t:|1750803164
|move|p2b: Raichu|Protect|p2b: Raichu
|-singleturn|p2b: Raichu|Protect
|move|p2a: Miraidon|Dazzling Gleam|p1b: Timerra|[spread] p1a,p1b
|-supereffective|p1a: Miraidon
|-resisted|p1b: Timerra
|-damage|p1a: Miraidon|0 fnt
|-damage|p1b: Timerra|45/100
|faint|p1a: Miraidon
|move|p1b: Timerra|Horn Leech|p2a: Miraidon
|-damage|p2a: Miraidon|55/100
|-heal|p1b: Timerra|62/100|[from] drain|[of] p2a: Miraidon
|
|upkeep
|
|t:|1750803175
|switch|p1a: Terapagos|Terapagos, L50, M|100/100
|-activate|p1a: Terapagos|ability: Tera Shift
|detailschange|p1a: Terapagos|Terapagos-Terastal, L50, M
|-heal|p1a: Terapagos|100/100|[silent]
|-enditem|p1a: Terapagos|Electric Seed
|-boost|p1a: Terapagos|def|1|[from] item: Electric Seed
|turn|3
|
|t:|1750803193
|switch|p2a: Gastrodon|Gastrodon-East, L50, F|100/100
|move|p1b: Timerra|Follow Me|p1b: Timerra
|-singleturn|p1b: Timerra|move: Follow Me
|move|p2b: Raichu|Surf|p1a: Terapagos|[spread] p1a,p1b
|-ability|p2a: Gastrodon|Storm Drain|boost
|-boost|p2a: Gastrodon|spa|1
|-activate|p1a: Terapagos|ability: Tera Shell
|-resisted|p1a: Terapagos
|-damage|p1a: Terapagos|95/100
|-damage|p1b: Timerra|50/100
|move|p1a: Terapagos|Calm Mind|p1a: Terapagos
|-boost|p1a: Terapagos|spa|1
|-boost|p1a: Terapagos|spd|1
|
|upkeep
|turn|4
|
|t:|1750803217
|move|p2b: Raichu|Surf|p1b: Timerra|[spread] p1a,p1b
|-ability|p2a: Gastrodon|Storm Drain|boost
|-boost|p2a: Gastrodon|spa|1
|-damage|p1a: Terapagos|87/100
|-damage|p1b: Timerra|38/100
|move|p1b: Timerra|Horn Leech|p2a: Gastrodon
|-supereffective|p2a: Gastrodon
|-damage|p2a: Gastrodon|0 fnt
|-heal|p1b: Timerra|98/100|[from] drain|[of] p2a: Gastrodon
|faint|p2a: Gastrodon
|move|p1a: Terapagos|Calm Mind|p1a: Terapagos
|-boost|p1a: Terapagos|spa|1
|-boost|p1a: Terapagos|spd|1
|
|upkeep
|
|t:|1750803224
|switch|p2a: Iron Bundle|Iron Bundle, L50|100/100
|-activate|p2a: Iron Bundle|ability: Quark Drive
|-start|p2a: Iron Bundle|quarkdrivespe
|turn|5
|
|t:|1750803241
|move|p2b: Raichu|Protect|p2b: Raichu
|-singleturn|p2b: Raichu|Protect
|move|p1b: Timerra|Spiky Shield|p1b: Timerra
|-singleturn|p1b: Timerra|move: Protect
|move|p1a: Terapagos|Protect|p1a: Terapagos
|-singleturn|p1a: Terapagos|Protect
|move|p2a: Iron Bundle|Encore|p1a: Terapagos
|-activate|p1a: Terapagos|move: Protect
|
|-fieldend|move: Electric Terrain
|-end|p2a: Iron Bundle|Quark Drive
|upkeep
|turn|6
|
|t:|1750803259
|switch|p2b: Miraidon|Miraidon, L50, tera:Fairy|55/100
|-fieldstart|move: Electric Terrain|[from] ability: Hadron Engine|[of] p2b: Miraidon
|-activate|p2a: Iron Bundle|ability: Quark Drive
|-start|p2a: Iron Bundle|quarkdrivespe
|move|p2a: Iron Bundle|Encore|p1a: Terapagos
|-start|p1a: Terapagos|Encore
|move|p1b: Timerra|Ivy Cudgel|p2a: Iron Bundle|[anim] Ivy Cudgel Fire
|-damage|p2a: Iron Bundle|38/100
|move|p1a: Terapagos|Protect||[still]
|-fail|p1a: Terapagos
|
|upkeep
|turn|7
|
|t:|1750803279
|-terastallize|p1b: Timerra|Fire
|detailschange|p1b: Timerra|Ogerpon-Hearthflame-Tera, L50, F, tera:Fire
|-ability|p1b: Timerra|Embody Aspect (Hearthflame)|boost
|-boost|p1b: Timerra|atk|1
|move|p1a: Terapagos|Protect|p1a: Terapagos
|-singleturn|p1a: Terapagos|Protect
|move|p2a: Iron Bundle|Icy Wind|p1a: Terapagos|[spread] p1b
|-activate|p1a: Terapagos|move: Protect
|-resisted|p1b: Timerra
|-damage|p1b: Timerra|87/100
|-unboost|p1b: Timerra|spe|1
|move|p2b: Miraidon|Electro Drift|p1a: Terapagos
|-activate|p1a: Terapagos|move: Protect
|move|p1b: Timerra|Ivy Cudgel|p2a: Iron Bundle|[anim] Ivy Cudgel Fire
|-damage|p2a: Iron Bundle|0 fnt
|faint|p2a: Iron Bundle
|-end|p2a: Iron Bundle|Quark Drive|[silent]
|
|upkeep
|
|t:|1750803290
|switch|p2a: Raichu|Raichu-Alola, L50, M, shiny|46/100
|turn|8
|
|t:|1750803310
|move|p1a: Terapagos|Protect||[still]
|-fail|p1a: Terapagos
|move|p1b: Timerra|Spiky Shield|p1b: Timerra
|-singleturn|p1b: Timerra|move: Protect
|move|p2a: Raichu|Fake Out|p1b: Timerra
|-activate|p1b: Timerra|move: Protect
|-damage|p2a: Raichu|34/100|[from] Spiky Shield|[of] p1b: Timerra
|move|p2b: Miraidon|Electro Drift|p1a: Terapagos
|-damage|p1a: Terapagos|23/100
|
|-end|p1a: Terapagos|Encore
|upkeep
|turn|9
|
|t:|1750803334
|move|p2a: Raichu|Surf|p1b: Timerra|[spread] p2b,p1a,p1b
|-supereffective|p1b: Timerra
|-damage|p2b: Miraidon|39/100
|-damage|p1a: Terapagos|15/100
|-damage|p1b: Timerra|47/100
|move|p2b: Miraidon|Electro Drift|p1b: Timerra
|-damage|p1b: Timerra|0 fnt
|faint|p1b: Timerra
|detailschange|p1: Timerra|Ogerpon-Hearthflame, L50, F|[silent]
|move|p1a: Terapagos|Earth Power|p2b: Miraidon
|-damage|p2b: Miraidon|0 fnt
|faint|p2b: Miraidon
|
|upkeep
|
|t:|1750803346
|switch|p1b: Incineroar|Incineroar, L50, F|100/100
|-ability|p1b: Incineroar|Intimidate|boost
|-unboost|p2a: Raichu|atk|1
|turn|10
|
|t:|1750803360
|move|p1b: Incineroar|Fake Out|p2a: Raichu
|-damage|p2a: Raichu|15/100
|cant|p2a: Raichu|flinch
|move|p1a: Terapagos|Calm Mind|p1a: Terapagos
|-boost|p1a: Terapagos|spa|1
|-boost|p1a: Terapagos|spd|1
|
|-fieldend|move: Electric Terrain
|upkeep
|turn|11
|
|t:|1750803372
|move|p2a: Raichu|Surf|p1a: Terapagos|[spread] p1a,p1b
|-supereffective|p1b: Incineroar
|-damage|p1a: Terapagos|9/100
|-damage|p1b: Incineroar|67/100
|move|p1a: Terapagos|Earth Power|p2a: Raichu
|-supereffective|p2a: Raichu
|-damage|p2a: Raichu|0 fnt
|faint|p2a: Raichu
|
|win|SaunaQueen
|raw|SaunaQueen's rating: 1190 &rarr; <strong>1208</strong><br />(+18 for winning)
|raw|OttoTheOtocyon's rating: 1090 &rarr; <strong>1073</strong><br />(-17 for losing)
