|j|☆ampersandwich
|j|☆abuzzi
|t:|1750712037
|gametype|doubles
|player|p1|ampersandwich|rocketgruntf|1176
|player|p2|abuzzi|2|1124
|teamsize|p1|6
|teamsize|p2|6
|gen|9
|tier|[Gen 9] VGC 2025 Reg I
|rated|
|rule|Species Clause: Limit one of each Pokémon
|rule|Item Clause: Limit 1 of each item
|clearpoke
|poke|p1|Miraidon, L50|
|poke|p1|Lunala, L50|
|poke|p1|Incineroar, L50, F|
|poke|p1|Grimmsnarl, L50, M|
|poke|p1|Landorus, L50, M|
|poke|p1|Ogerpon-Wellspring, L50, F|
|poke|p2|Meowscarada, L50, F|
|poke|p2|Thundurus, L50, M|
|poke|p2|Pelipper, L50, F|
|poke|p2|Archaludon, L50, F|
|poke|p2|Ursaluna, L50, M|
|poke|p2|Tinkaton, L50, F|
|teampreview|4
|inactive|Battle timer is ON: inactive players will automatically lose when time's up. (requested by abuzzi)
|
|t:|1750712053
|start
|switch|p1a: Miraidon|Miraidon, L50|100/100
|switch|p1b: Incineroar|Incineroar, L50, F|100/100
|switch|p2a: Meowscarada|Meowscarada, L50, F|100/100
|switch|p2b: Archaludon|Archaludon, L50, F|100/100
|-fieldstart|move: Electric Terrain|[from] ability: Hadron Engine|[of] p1a: Miraidon
|-ability|p1b: Incineroar|Intimidate|boost
|-unboost|p2a: Meowscarada|atk|1
|-unboost|p2b: Archaludon|atk|1
|turn|1
|inactive|ampersandwich has 30 seconds left.
|inactive|ampersandwich has 20 seconds left.
|inactive|ampersandwich has 15 seconds left.
|
|t:|1750712097
|move|p1a: Miraidon|Volt Switch|p2b: Archaludon
|-resisted|p2b: Archaludon
|-damage|p2b: Archaludon|66/100
|-ability|p2b: Archaludon|Stamina|boost
|-boost|p2b: Archaludon|def|1
|
|t:|1750712103
|switch|p1a: Lunala|Lunala, L50|100/100|[from] Volt Switch
|-enditem|p1a: Lunala|Electric Seed
|-boost|p1a: Lunala|def|1|[from] item: Electric Seed
|move|p2a: Meowscarada|Bullet Seed|p2b: Archaludon
|-start|p2a: Meowscarada|typechange|Grass|[from] ability: Protean
|-resisted|p2b: Archaludon
|-damage|p2b: Archaludon|65/100
|-ability|p2b: Archaludon|Stamina|boost
|-boost|p2b: Archaludon|def|1
|-resisted|p2b: Archaludon
|-damage|p2b: Archaludon|64/100
|-ability|p2b: Archaludon|Stamina|boost
|-boost|p2b: Archaludon|def|1
|-resisted|p2b: Archaludon
|-damage|p2b: Archaludon|64/100
|-ability|p2b: Archaludon|Stamina|boost
|-boost|p2b: Archaludon|def|1
|-resisted|p2b: Archaludon
|-damage|p2b: Archaludon|63/100
|-ability|p2b: Archaludon|Stamina|boost
|-boost|p2b: Archaludon|def|1
|-resisted|p2b: Archaludon
|-damage|p2b: Archaludon|63/100
|-ability|p2b: Archaludon|Stamina|boost
|-boost|p2b: Archaludon|def|1
|-hitcount|p2b: Archaludon|5
|move|p2b: Archaludon|Body Press|p1b: Incineroar
|-supereffective|p1b: Incineroar
|-damage|p1b: Incineroar|0 fnt
|faint|p1b: Incineroar
|
|upkeep
|inactive|ampersandwich has 30 seconds left.
|
|t:|1750712132
|switch|p1b: Miraidon|Miraidon, L50|100/100
|-activate|p1b: Miraidon|ability: Hadron Engine
|turn|2
|inactive|abuzzi has 30 seconds left.
|
|t:|1750712163
|-terastallize|p2b: Archaludon|Steel
|move|p1b: Miraidon|Draco Meteor|p2b: Archaludon
|-resisted|p2b: Archaludon
|-damage|p2b: Archaludon|19/100
|-unboost|p1b: Miraidon|spa|2
|move|p2a: Meowscarada|Knock Off|p1a: Lunala
|-supereffective|p1a: Lunala
|-damage|p1a: Lunala|87/100
|move|p1a: Lunala|Moonblast|p2a: Meowscarada
|-damage|p2a: Meowscarada|40/100
|move|p2b: Archaludon|Body Press|p1b: Miraidon
|-damage|p1b: Miraidon|0 fnt
|faint|p1b: Miraidon
|
|upkeep
|
|t:|1750712177
|switch|p1b: Landorus|Landorus, L50, M|100/100
|turn|3
|inactive|abuzzi has 30 seconds left.
|inactive|abuzzi has 20 seconds left.
|inactive|abuzzi has 15 seconds left.
|
|t:|1750712218
|move|p2a: Meowscarada|U-turn|p1a: Lunala
|-damage|p1a: Lunala|80/100
|
|t:|1750712225
|switch|p2a: Pelipper|Pelipper, L50, F|100/100|[from] U-turn
|-weather|RainDance|[from] ability: Drizzle|[of] p2a: Pelipper
|move|p1b: Landorus|Sludge Bomb|p2a: Pelipper
|-damage|p2a: Pelipper|31/100
|move|p1a: Lunala|Moongeist Beam|p2b: Archaludon
|-damage|p2b: Archaludon|0 fnt
|faint|p2b: Archaludon
|
|-weather|RainDance|[upkeep]
|upkeep
|inactive|abuzzi has 30 seconds left.
|
|t:|1750712259
|switch|p2b: Thundurus|Thundurus, L50, M|100/100
|turn|4
|
|t:|1750712275
|move|p2b: Thundurus|Thunder Wave|p1a: Lunala
|-status|p1a: Lunala|par
|move|p1b: Landorus|Sludge Bomb|p2a: Pelipper
|-damage|p2a: Pelipper|0 fnt
|faint|p2a: Pelipper
|move|p1a: Lunala|Moongeist Beam|p2b: Thundurus
|-damage|p2b: Thundurus|27/100
|
|-weather|RainDance|[upkeep]
|upkeep
|
|t:|1750712286
|switch|p2a: Meowscarada|Meowscarada, L50, F|40/100
|turn|5
|
|t:|1750712304
|move|p2a: Meowscarada|Knock Off|p1a: Lunala
|-start|p2a: Meowscarada|typechange|Dark|[from] ability: Protean
|-supereffective|p1a: Lunala
|-damage|p1a: Lunala|26/100 par
|move|p2b: Thundurus|Weather Ball|p1b: Landorus
|-supereffective|p1b: Landorus
|-damage|p1b: Landorus|0 fnt
|faint|p1b: Landorus
|move|p1a: Lunala|Moonblast|p2a: Meowscarada
|-supereffective|p2a: Meowscarada
|-damage|p2a: Meowscarada|0 fnt
|faint|p2a: Meowscarada
|
|-weather|RainDance|[upkeep]
|-fieldend|move: Electric Terrain
|upkeep
|turn|6
|inactive|ampersandwich has 30 seconds left.
|
|t:|1750712339
|move|p2b: Thundurus|Weather Ball|p1a: Lunala
|-damage|p1a: Lunala|0 fnt
|faint|p1a: Lunala
|
|win|abuzzi
|raw|ampersandwich's rating: 1176 &rarr; <strong>1147</strong><br />(-29 for losing)
|raw|abuzzi's rating: 1124 &rarr; <strong>1153</strong><br />(+29 for winning)
