|j|☆jaffro1738
|j|☆Pallow
|t:|1750866158
|gametype|doubles
|player|p1|jaffro1738|266|1321
|player|p2|Pallow|1|1379
|teamsize|p1|6
|teamsize|p2|6
|gen|9
|tier|[Gen 9] VGC 2025 Reg I
|rated|
|rule|Species Clause: Limit one of each Pokémon
|rule|Item Clause: Limit 1 of each item
|clearpoke
|poke|p1|Calyrex-Ice, L50|
|poke|p1|Regidrago, L50|
|poke|p1|Dusclops, L50, M|
|poke|p1|Oranguru, L50, F|
|poke|p1|Zamazenta-*, L50|
|poke|p1|Chi-Yu, L50|
|poke|p2|Spiritomb, L50, M|
|poke|p2|Terapagos, L50, M|
|poke|p2|Jolteon, L50, F|
|poke|p2|Urshifu-*, L50, M|
|poke|p2|Eternatus, L50|
|poke|p2|Dachsbun, L50, F|
|teampreview|4
jaffro1738 rejected open team sheets.
|inactive|Battle timer is ON: inactive players will automatically lose when time's up. (requested by jaffro1738)
|
|t:|1750866219
|start
|switch|p1a: C|Chi-Yu, L50|100/100
|switch|p1b: Zamazenta|Zamazenta-Crowned, L50|100/100
|switch|p2a: Spiritomb|Spiritomb, L50, M|100/100
|switch|p2b: Dachsbun|Dachsbun, L50, F|100/100
|-ability|p1a: C|Beads of Ruin
|-ability|p1b: Zamazenta|Dauntless Shield|boost
|-boost|p1b: Zamazenta|def|1
|turn|1
|
|t:|1750866241
|move|p2a: Spiritomb|Helping Hand|p2b: Dachsbun
|-singleturn|p2b: Dachsbun|Helping Hand|[of] p2a: Spiritomb
|move|p1a: C|Heat Wave|p2a: Spiritomb|[spread] p2a
|-ability|p2b: Dachsbun|Well-Baked Body|boost
|-boost|p2b: Dachsbun|def|2
|-damage|p2a: Spiritomb|50/100
|move|p1b: Zamazenta|Iron Defense|p1b: Zamazenta
|-boost|p1b: Zamazenta|def|2
|move|p2b: Dachsbun|Body Press|p1a: C
|-supereffective|p1a: C
|-damage|p1a: C|0 fnt
|faint|p1a: C
|
|-heal|p2a: Spiritomb|56/100|[from] item: Leftovers
|upkeep
|
|t:|1750866249
|switch|p1a: O|Oranguru, L50, F|100/100
|turn|2
|
|t:|1750866266
|-terastallize|p1b: Zamazenta|Fighting
|move|p2a: Spiritomb|Ally Switch|p2a: Spiritomb
|swap|p2a: Spiritomb|1|[from] move: Ally Switch
|move|p1b: Zamazenta|Stone Edge|p2b: Spiritomb
|-damage|p2b: Spiritomb|34/100
|move|p2a: Dachsbun|Body Press|p1b: Zamazenta
|-damage|p1b: Zamazenta|87/100
|move|p1a: O|Trick Room|p1a: O
|-fieldstart|move: Trick Room|[of] p1a: O
|
|-heal|p2b: Spiritomb|40/100|[from] item: Leftovers
|upkeep
|turn|3
|inactive|Pallow has 30 seconds left.
|
|t:|1750866294
|move|p2b: Spiritomb|Foul Play|p1b: Zamazenta
|-resisted|p1b: Zamazenta
|-damage|p1b: Zamazenta|83/100
|move|p1a: O|Taunt|p2b: Spiritomb
|-start|p2b: Spiritomb|move: Taunt
|move|p2a: Dachsbun|Body Press|p1a: O
|-damage|p1a: O|61/100
|move|p1b: Zamazenta|Iron Defense|p1b: Zamazenta
|-boost|p1b: Zamazenta|def|2
|
|-heal|p2b: Spiritomb|46/100|[from] item: Leftovers
|upkeep
|turn|4
|
|t:|1750866315
|move|p2b: Spiritomb|Foul Play|p1a: O
|-supereffective|p1a: O
|-damage|p1a: O|32/100
|move|p1a: O|Instruct|p1b: Zamazenta
|-singleturn|p1b: Zamazenta|move: Instruct|[of] p1a: O
|move|p1b: Zamazenta|Iron Defense|p1b: Zamazenta
|-boost|p1b: Zamazenta|def|1
|move|p2a: Dachsbun|Body Press|p1a: O
|-damage|p1a: O|0 fnt
|faint|p1a: O
|move|p1b: Zamazenta|Body Press|p2a: Dachsbun
|-resisted|p2a: Dachsbun
|-damage|p2a: Dachsbun|54/100
|
|-heal|p2b: Spiritomb|51/100|[from] item: Leftovers
|upkeep
|
|t:|1750866327
|switch|p1a: CI|Calyrex-Ice, L50|100/100
|-ability|p1a: CI|As One
|-ability|p1a: CI|Unnerve
|turn|5
|
|t:|1750866351
|move|p2b: Spiritomb|Foul Play|p1a: CI
|-supereffective|p1a: CI
|-damage|p1a: CI|40/100
|move|p1a: CI|Glacial Lance|p2b: Spiritomb|[spread] p2a,p2b
|-damage|p2a: Dachsbun|35/100
|-damage|p2b: Spiritomb|9/100
|move|p2a: Dachsbun|Body Press|p1b: Zamazenta
|-damage|p1b: Zamazenta|75/100
|move|p1b: Zamazenta|Body Press|p2a: Dachsbun
|-resisted|p2a: Dachsbun
|-damage|p2a: Dachsbun|0 fnt
|faint|p2a: Dachsbun
|
|-heal|p2b: Spiritomb|15/100|[from] item: Leftovers
|upkeep
|
|t:|1750866360
|switch|p2a: Terapagos|Terapagos, L50, M|100/100
|-activate|p2a: Terapagos|ability: Tera Shift
|detailschange|p2a: Terapagos|Terapagos-Terastal, L50, M
|-heal|p2a: Terapagos|100/100|[silent]
|turn|6
|
|t:|1750866370
|move|p2a: Terapagos|Protect|p2a: Terapagos
|-singleturn|p2a: Terapagos|Protect
|move|p2b: Spiritomb|Foul Play|p1a: CI
|-supereffective|p1a: CI
|-damage|p1a: CI|0 fnt
|faint|p1a: CI
|move|p1b: Zamazenta|Body Press|p2a: Terapagos
|-activate|p2a: Terapagos|move: Protect
|
|-heal|p2b: Spiritomb|20/100|[from] item: Leftovers
|-end|p2b: Spiritomb|move: Taunt
|-fieldend|move: Trick Room
|upkeep
|turn|7
|
|t:|1750866395
|move|p1b: Zamazenta|Body Press|p2b: Spiritomb
|-immune|p2b: Spiritomb
|move|p2a: Terapagos|Calm Mind|p2a: Terapagos
|-boost|p2a: Terapagos|spa|1
|-boost|p2a: Terapagos|spd|1
|move|p2b: Spiritomb|Trick Room|p2b: Spiritomb
|-fieldstart|move: Trick Room|[of] p2b: Spiritomb
|
|-heal|p2b: Spiritomb|26/100|[from] item: Leftovers
|upkeep
|turn|8
|
|t:|1750866419
|move|p2b: Spiritomb|Helping Hand|p2a: Terapagos
|-singleturn|p2a: Terapagos|Helping Hand|[of] p2b: Spiritomb
|move|p2a: Terapagos|Tera Starstorm|p1b: Zamazenta
|-damage|p1b: Zamazenta|8/100
|move|p1b: Zamazenta|Body Press|p2b: Spiritomb
|-immune|p2b: Spiritomb
|
|-heal|p2b: Spiritomb|32/100|[from] item: Leftovers
|upkeep
|turn|9
|-message|jaffro1738 forfeited.
|
|win|Pallow
|raw|jaffro1738's rating: 1321 &rarr; <strong>1304</strong><br />(-17 for losing)
|raw|Pallow's rating: 1379 &rarr; <strong>1396</strong><br />(+17 for winning)
|l|☆jaffro1738
|player|p1|
