|j|☆EigoPlayz
|j|☆muggypuggy
|t:|1750824555
|gametype|doubles
|player|p1|EigoPlayz|hugh|1134
|player|p2|muggypuggy|veteran|1122
|teamsize|p1|6
|teamsize|p2|5
|gen|9
|tier|[Gen 9] VGC 2025 Reg I
|rated|
|rule|Species Clause: Limit one of each Pokémon
|rule|Item Clause: Limit 1 of each item
|clearpoke
|poke|p1|Calyrex-Shadow, L50|
|poke|p1|Incineroar, L50, M|
|poke|p1|Walking Wake, L50|
|poke|p1|Koraidon, L50|
|poke|p1|Grimmsnarl, L50, M|
|poke|p1|Gastrodon-East, L50, F|
|poke|p2|Ninetales-Alola, L50, F|
|poke|p2|Kyurem-White, L50|
|poke|p2|Calyrex-Ice, L50|
|poke|p2|Abomasnow, L50, M|
|poke|p2|Chien-Pao, L50|
|teampreview|4
|inactive|Battle timer is ON: inactive players will automatically lose when time's up. (requested by EigoPlayz)
|
|t:|1750824625
|start
|switch|p1a: Unbalanced|Calyrex-Shadow, L50|100/100
|switch|p1b: Grimlin|Grimmsnarl, L50, M|100/100
|switch|p2a: Ninetales|Ninetales-Alola, L50, F|100/100
|switch|p2b: Kyurem|Kyurem-White, L50|100/100
|-ability|p1a: Unbalanced|As One
|-ability|p1a: Unbalanced|Unnerve
|-weather|Snowscape|[from] ability: Snow Warning|[of] p2a: Ninetales
|-ability|p2b: Kyurem|Turboblaze
|turn|1
|
|t:|1750824644
|-terastallize|p1a: Unbalanced|Fairy
|move|p1b: Grimlin|Reflect|p1b: Grimlin
|-sidestart|p1: EigoPlayz|Reflect
|move|p1a: Unbalanced|Astral Barrage|p2a: Ninetales|[spread] p2a,p2b
|-crit|p2b: Kyurem
|-damage|p2a: Ninetales|52/100
|-damage|p2b: Kyurem|29/100
|move|p2a: Ninetales|Aurora Veil|p2a: Ninetales
|-sidestart|p2: muggypuggy|move: Aurora Veil
|move|p2b: Kyurem|Blizzard|p1a: Unbalanced|[spread] p1a,p1b
|-damage|p1a: Unbalanced|18/100
|-damage|p1b: Grimlin|26/100
|
|-weather|Snowscape|[upkeep]
|upkeep
|turn|2
|inactive|EigoPlayz has 30 seconds left.
|
|t:|1750824674
|switch|p2b: Calyrex|Calyrex-Ice, L50|100/100
|-ability|p2b: Calyrex|As One
|-ability|p2b: Calyrex|Unnerve
|move|p1b: Grimlin|Light Screen|p1b: Grimlin
|-sidestart|p1: EigoPlayz|move: Light Screen
|move|p1a: Unbalanced|Astral Barrage|p2a: Ninetales|[spread] p2a,p2b
|-supereffective|p2b: Calyrex
|-damage|p2a: Ninetales|21/100
|-damage|p2b: Calyrex|48/100
|move|p2a: Ninetales|Blizzard|p1b: Grimlin|[spread] p1a,p1b
|-crit|p1a: Unbalanced
|-damage|p1a: Unbalanced|0 fnt
|-damage|p1b: Grimlin|10/100
|faint|p1a: Unbalanced
|
|-weather|Snowscape|[upkeep]
|upkeep
|
|t:|1750824688
|switch|p1a: Bicycle|Koraidon, L50|100/100
|-weather|SunnyDay|[from] ability: Orichalcum Pulse|[of] p1a: Bicycle
|-activate|p1a: Bicycle|Orichalcum Pulse|[source]
|turn|3
|inactive|EigoPlayz has 30 seconds left.
|
|t:|1750824714
|-terastallize|p2b: Calyrex|Fire
|move|p1a: Bicycle|Flame Charge|p2a: Ninetales
|-supereffective|p2a: Ninetales
|-damage|p2a: Ninetales|0 fnt
|-boost|p1a: Bicycle|spe|1
|faint|p2a: Ninetales
|-damage|p1a: Bicycle|91/100|[from] item: Life Orb
|move|p1b: Grimlin|Spirit Break|p2b: Calyrex
|-resisted|p2b: Calyrex
|-damage|p2b: Calyrex|43/100
|-unboost|p2b: Calyrex|spa|1
|move|p2b: Calyrex|Glacial Lance|p1a: Bicycle|[spread] p1a,p1b
|-supereffective|p1a: Bicycle
|-damage|p1a: Bicycle|0 fnt
|-damage|p1b: Grimlin|0 fnt
|faint|p1a: Bicycle
|faint|p1b: Grimlin
|-ability|p2b: Calyrex|Chilling Neigh|boost
|-boost|p2b: Calyrex|atk|2
|
|-weather|SunnyDay|[upkeep]
|upkeep
|inactive|muggypuggy has 30 seconds left.
|inactive|muggypuggy has 20 seconds left.
|inactive|muggypuggy has 15 seconds left.
|inactive|muggypuggy has 10 seconds left.
|inactive|muggypuggy has 5 seconds left.
|
|t:|1750824769
|switch|p2a: Kyurem|Kyurem-White, L50|29/100
|switch|p1b: #respect|Incineroar, L50, M|100/100
|-ability|p2a: Kyurem|Turboblaze
|-ability|p1b: #respect|Intimidate|boost
|-unboost|p2a: Kyurem|atk|1
|-unboost|p2b: Calyrex|atk|1
|turn|4
|
|t:|1750824793
|move|p1b: #respect|Fake Out|p2b: Calyrex
|-damage|p2b: Calyrex|38/100
|move|p2a: Kyurem|Blizzard|p1b: #respect|[miss]
|-miss|p2a: Kyurem|p1b: #respect
|cant|p2b: Calyrex|flinch
|
|-weather|SunnyDay|[upkeep]
|upkeep
|turn|5
|
|t:|1750824806
|switch|p2a: Abomasnow|Abomasnow, L50, M|100/100
|-weather|Snowscape|[from] ability: Snow Warning|[of] p2a: Abomasnow
|move|p1b: #respect|Knock Off|p2b: Calyrex
|-damage|p2b: Calyrex|22/100
|-enditem|p2b: Calyrex|Choice Band|[from] move: Knock Off|[of] p1b: #respect
|move|p2b: Calyrex|Glacial Lance|p1b: #respect
|-resisted|p1b: #respect
|-damage|p1b: #respect|66/100
|
|-weather|Snowscape|[upkeep]
|upkeep
|turn|6
|inactive|muggypuggy has 30 seconds left.
|inactive|muggypuggy has 20 seconds left.
|inactive|muggypuggy has 15 seconds left.
|
|t:|1750824850
|move|p1b: #respect|Knock Off|p2b: Calyrex
|-damage|p2b: Calyrex|11/100
|move|p2a: Abomasnow|Rock Slide|p1b: #respect
|-supereffective|p1b: #respect
|-damage|p1b: #respect|48/100
|move|p2b: Calyrex|Glacial Lance|p1b: #respect
|-resisted|p1b: #respect
|-damage|p1b: #respect|14/100
|
|-weather|Snowscape|[upkeep]
|upkeep
|turn|7
|-message|EigoPlayz forfeited.
|
|win|muggypuggy
|raw|EigoPlayz's rating: 1134 &rarr; <strong>1108</strong><br />(-26 for losing)
|raw|muggypuggy's rating: 1122 &rarr; <strong>1148</strong><br />(+26 for winning)
|l|☆EigoPlayz
|player|p1|
|l|☆muggypuggy
|player|p2|
