|j|☆tomlan
|j|☆Tommytheog
|t:|1750749602
|gametype|doubles
|player|p1|tomlan|265|1061
|player|p2|Tommytheog|266|1151
|teamsize|p1|6
|teamsize|p2|6
|gen|9
|tier|[Gen 9] VGC 2025 Reg I
|rated|
|rule|Species Clause: Limit one of each Pokémon
|rule|Item Clause: Limit 1 of each item
|clearpoke
|poke|p1|Lunala, L50|
|poke|p1|Ursaluna, L50, M|
|poke|p1|Urshifu-*, L50, M|
|poke|p1|Miraidon, L50|
|poke|p1|Grimmsnarl, L50, M|
|poke|p1|Incineroar, L50, M|
|poke|p2|Koraidon, L50|
|poke|p2|Charizard, L50, F|
|poke|p2|Zoroark, L50, M|
|poke|p2|Groudon, L50|
|poke|p2|Torkoal, L50, M|
|poke|p2|Flutter Mane, L50|
|teampreview|4
|inactive|Battle timer is ON: inactive players will automatically lose when time's up. (requested by tomlan)
|
|t:|1750749638
|start
|switch|p1a: Grimmsnarl|Grimmsnarl, L50, M|100/100
|switch|p1b: Miraidon|Miraidon, L50|100/100
|switch|p2a: Koraidon|Koraidon, L50|100/100
|switch|p2b: Flutter Mane|Flutter Mane, L50|100/100
|-weather|SunnyDay|[from] ability: Orichalcum Pulse|[of] p2a: Koraidon
|-activate|p2a: Koraidon|Orichalcum Pulse|[source]
|-fieldstart|move: Electric Terrain|[from] ability: Hadron Engine|[of] p1b: Miraidon
|turn|1
|inactive|Tommytheog has 30 seconds left.
|inactive|Tommytheog has 20 seconds left.
|
|t:|1750749673
|-terastallize|p1b: Miraidon|Electric
|move|p1a: Grimmsnarl|Thunder Wave|p2a: Koraidon
|-status|p2a: Koraidon|par
|move|p1b: Miraidon|Electro Drift|p2a: Koraidon
|-resisted|p2a: Koraidon
|-damage|p2a: Koraidon|31/100 par
|move|p2b: Flutter Mane|Sludge Bomb|p1a: Grimmsnarl
|-supereffective|p1a: Grimmsnarl
|-damage|p1a: Grimmsnarl|50/100
|move|p2a: Koraidon|Dragon Claw|p1b: Miraidon
|-damage|p1b: Miraidon|33/100
|-damage|p2a: Koraidon|21/100 par|[from] item: Life Orb
|
|-weather|SunnyDay|[upkeep]
|upkeep
|turn|2
|inactive|Tommytheog has 30 seconds left.
|
|t:|1750749703
|move|p2b: Flutter Mane|Sucker Punch|p1b: Miraidon
|-damage|p1b: Miraidon|10/100
|move|p1a: Grimmsnarl|Light Screen|p1a: Grimmsnarl
|-sidestart|p1: tomlan|move: Light Screen
|move|p1b: Miraidon|Electro Drift|p2a: Koraidon
|-resisted|p2a: Koraidon
|-damage|p2a: Koraidon|0 fnt
|faint|p2a: Koraidon
|
|-weather|SunnyDay|[upkeep]
|upkeep
|
|t:|1750749715
|switch|p2a: Charizard|Charizard, L50, F|100/100
|turn|3
|
|t:|1750749722
|move|p2b: Flutter Mane|Sucker Punch|p1b: Miraidon
|-damage|p1b: Miraidon|0 fnt
|faint|p1b: Miraidon
|move|p1a: Grimmsnarl|Thunder Wave|p2b: Flutter Mane
|-hint|Since gen 7, Dark is immune to Prankster moves.
|-immune|p2b: Flutter Mane
|move|p2a: Charizard|Heat Wave|p1a: Grimmsnarl
|-damage|p1a: Grimmsnarl|0 fnt
|faint|p1a: Grimmsnarl
|
|-weather|SunnyDay|[upkeep]
|-damage|p2a: Charizard|88/100|[from] ability: Solar Power|[of] p2a: Charizard
|upkeep
|
|t:|1750749733
|switch|p1b: Ursaluna|Ursaluna, L50, M|100/100
|switch|p1a: Urshifu|Urshifu-Rapid-Strike, L50, M|100/100
|turn|4
|
|t:|1750749746
|move|p2b: Flutter Mane|Sludge Bomb|p1a: Urshifu
|-damage|p1a: Urshifu|70/100
|move|p2a: Charizard|Heat Wave|p1b: Ursaluna|[spread] p1a
|-miss|p2a: Charizard|p1b: Ursaluna
|-resisted|p1a: Urshifu
|-damage|p1a: Urshifu|16/100
|move|p1a: Urshifu|Surging Strikes|p2a: Charizard
|-supereffective|p2a: Charizard
|-crit|p2a: Charizard
|-damage|p2a: Charizard|45/100
|-supereffective|p2a: Charizard
|-crit|p2a: Charizard
|-damage|p2a: Charizard|5/100
|-supereffective|p2a: Charizard
|-crit|p2a: Charizard
|-damage|p2a: Charizard|0 fnt
|faint|p2a: Charizard
|-hitcount|p2: Charizard|3
|move|p1b: Ursaluna|Headlong Rush|p2b: Flutter Mane
|-damage|p2b: Flutter Mane|0 fnt
|-unboost|p1b: Ursaluna|def|1
|-unboost|p1b: Ursaluna|spd|1
|replace|p2b: Zoroark|Zoroark, L50, M
|-end|p2b: Zoroark|Illusion
|faint|p2b: Zoroark
|
|-weather|SunnyDay|[upkeep]
|-status|p1b: Ursaluna|brn|[from] item: Flame Orb
|upkeep
|
|t:|1750749756
|switch|p2b: Flutter Mane|Flutter Mane, L50|100/100
|-activate|p2b: Flutter Mane|ability: Protosynthesis
|-start|p2b: Flutter Mane|protosynthesisspe
|turn|5
|
|t:|1750749773
|move|p2b: Flutter Mane|Moonblast|p1a: Urshifu
|-supereffective|p1a: Urshifu
|-damage|p1a: Urshifu|0 fnt
|faint|p1a: Urshifu
|move|p1b: Ursaluna|Headlong Rush|p2b: Flutter Mane
|-enditem|p2b: Flutter Mane|Focus Sash
|-damage|p2b: Flutter Mane|1/100
|-unboost|p1b: Ursaluna|def|1
|-unboost|p1b: Ursaluna|spd|1
|
|-weather|none
|-end|p2b: Flutter Mane|Protosynthesis
|-damage|p1b: Ursaluna|95/100 brn|[from] brn
|-fieldend|move: Electric Terrain
|upkeep
|turn|6
|
|t:|1750749786
|move|p2b: Flutter Mane|Moonblast|p1b: Ursaluna
|-damage|p1b: Ursaluna|32/100 brn
|-unboost|p1b: Ursaluna|spa|1
|move|p1b: Ursaluna|Headlong Rush|p2b: Flutter Mane
|-damage|p2b: Flutter Mane|0 fnt
|-unboost|p1b: Ursaluna|def|1
|-unboost|p1b: Ursaluna|spd|1
|faint|p2b: Flutter Mane
|-end|p2b: Flutter Mane|Protosynthesis|[silent]
|
|win|tomlan
|raw|tomlan's rating: 1061 &rarr; <strong>1100</strong><br />(+39 for winning)
|raw|Tommytheog's rating: 1151 &rarr; <strong>1120</strong><br />(-31 for losing)
|l|☆tomlan
|player|p1|
