|j|☆Kuschki
|j|☆rongyin2
|t:|1750747036
|gametype|doubles
|player|p1|Kuschki|101|1439
|player|p2|rongyin2|dawn|1439
|teamsize|p1|6
|teamsize|p2|6
|gen|9
|tier|[Gen 9] VGC 2025 Reg I
|rated|
|rule|Species Clause: Limit one of each Pokémon
|rule|Item Clause: Limit 1 of each item
|clearpoke
|poke|p1|Zacian-*, L50|
|poke|p1|Kyogre, L50|
|poke|p1|Kingambit, L50, M|
|poke|p1|Flamigo, L50, M|
|poke|p1|Hydrapple, L50, M|
|poke|p1|Illumise, L50, F|
|poke|p2|Calyrex-Shadow, L50|
|poke|p2|Weezing-Galar, L50, F|
|poke|p2|Regigigas, L50|
|poke|p2|Eternatus, L50|
|poke|p2|Incineroar, L50, F|
|poke|p2|Klefki, L50, F|
|teampreview|4
|inactive|Battle timer is ON: inactive players will automatically lose when time's up. (requested by rongyin2)
|inactive|Kuschki has 60 seconds left.
|
|t:|1750747100
|start
|switch|p1a: Kingambit|Kingambit, L50, M|100/100
|switch|p1b: Kyogre|Kyogre, L50|100/100
|switch|p2a: Regigigas|Regigigas, L50|100/100
|switch|p2b: Weezing|Weezing-Galar, L50, F|100/100
|-ability|p2b: Weezing|Neutralizing Gas
|turn|1
|inactive|rongyin2 has 30 seconds left.
|
|t:|1750747129
|-terastallize|p1a: Kingambit|Ghost
|move|p2a: Regigigas|Knock Off|p1b: Kyogre
|-damage|p1b: Kyogre|65/100
|-enditem|p1b: Kyogre|Leftovers|[from] move: Knock Off|[of] p2a: Regigigas
|move|p1b: Kyogre|Origin Pulse|p2a: Regigigas|[spread] p2a,p2b
|-damage|p2a: Regigigas|58/100
|-damage|p2b: Weezing|49/100
|move|p2b: Weezing|Will-O-Wisp|p1a: Kingambit
|-status|p1a: Kingambit|brn
|move|p1a: Kingambit|Low Kick|p2a: Regigigas
|-supereffective|p2a: Regigigas
|-damage|p2a: Regigigas|20/100
|
|-heal|p2b: Weezing|55/100|[from] item: Leftovers
|-damage|p1a: Kingambit|95/100 brn|[from] brn
|upkeep
|turn|2
|inactive|rongyin2 has 30 seconds left.
|inactive|rongyin2 has 20 seconds left.
|
|t:|1750747165
|move|p2b: Weezing|Protect|p2b: Weezing
|-singleturn|p2b: Weezing|Protect
|move|p2a: Regigigas|Body Slam|p1b: Kyogre
|-damage|p1b: Kyogre|15/100
|move|p1b: Kyogre|Origin Pulse|p2a: Regigigas|[spread] p2a
|-activate|p2b: Weezing|move: Protect
|-damage|p2a: Regigigas|0 fnt
|faint|p2a: Regigigas
|-end|p2a: Regigigas|Slow Start|[silent]
|move|p1a: Kingambit|Iron Head|p2b: Weezing
|-activate|p2b: Weezing|move: Protect
|
|-heal|p2b: Weezing|61/100|[from] item: Leftovers
|-damage|p1a: Kingambit|89/100 brn|[from] brn
|upkeep
|
|t:|1750747179
|switch|p2a: Calyrex|Calyrex-Shadow, L50|100/100
|-ability|p2a: Calyrex|As One
|-ability|p2a: Calyrex|Unnerve
|turn|3
|
|t:|1750747198
|-terastallize|p2a: Calyrex|Fairy
|move|p1b: Kyogre|Protect|p1b: Kyogre
|-singleturn|p1b: Kyogre|Protect
|move|p1a: Kingambit|Sucker Punch|p2a: Calyrex
|-resisted|p2a: Calyrex
|-damage|p2a: Calyrex|89/100
|move|p2a: Calyrex|Astral Barrage|p1b: Kyogre|[spread] p1a
|-activate|p1b: Kyogre|move: Protect
|-supereffective|p1a: Kingambit
|-damage|p1a: Kingambit|4/100 brn
|move|p2b: Weezing|Will-O-Wisp|p1b: Kyogre
|-activate|p1b: Kyogre|move: Protect
|
|-heal|p2b: Weezing|67/100|[from] item: Leftovers
|-damage|p1a: Kingambit|0 fnt|[from] brn
|faint|p1a: Kingambit
|upkeep
|
|t:|1750747219
|switch|p1a: Zacian|Zacian-Crowned, L50|100/100
|turn|4
|
|t:|1750747230
|move|p2a: Calyrex|Protect|p2a: Calyrex
|-singleturn|p2a: Calyrex|Protect
|move|p1a: Zacian|Behemoth Blade|p2a: Calyrex
|-activate|p2a: Calyrex|move: Protect
|move|p1b: Kyogre|Origin Pulse|p2b: Weezing|[spread] p2b
|-activate|p2a: Calyrex|move: Protect
|-damage|p2b: Weezing|23/100
|move|p2b: Weezing|Will-O-Wisp|p1a: Zacian|[miss]
|-miss|p2b: Weezing|p1a: Zacian
|
|-heal|p2b: Weezing|28/100|[from] item: Leftovers
|upkeep
|turn|5
|
|t:|1750747249
|move|p2a: Calyrex|Astral Barrage|p1a: Zacian|[spread] p1a,p1b
|-damage|p1a: Zacian|49/100
|-damage|p1b: Kyogre|0 fnt
|faint|p1b: Kyogre
|-ability|p2a: Calyrex|Grim Neigh|boost
|-boost|p2a: Calyrex|spa|1
|move|p1a: Zacian|Behemoth Blade|p2a: Calyrex
|-supereffective|p2a: Calyrex
|-damage|p2a: Calyrex|0 fnt
|faint|p2a: Calyrex
|move|p2b: Weezing|Will-O-Wisp|p1a: Zacian
|-status|p1a: Zacian|brn
|
|-heal|p2b: Weezing|34/100|[from] item: Leftovers
|-damage|p1a: Zacian|43/100 brn|[from] brn
|upkeep
|
|t:|1750747265
|switch|p2a: Eternatus|Eternatus, L50|100/100
|switch|p1b: Flamigo|Flamigo, L50, M|100/100
|turn|6
|
|t:|1750747282
|move|p2b: Weezing|Protect|p2b: Weezing
|-singleturn|p2b: Weezing|Protect
|move|p1a: Zacian|Behemoth Blade|p2b: Weezing
|-activate|p2b: Weezing|move: Protect
|move|p2a: Eternatus|Sludge Bomb|p1b: Flamigo
|-damage|p1b: Flamigo|18/100
|move|p1b: Flamigo|Tailwind|p1b: Flamigo
|-sidestart|p1: Kuschki|move: Tailwind
|
|-heal|p2b: Weezing|40/100|[from] item: Leftovers
|-damage|p1a: Zacian|37/100 brn|[from] brn
|upkeep
|turn|7
|
|t:|1750747306
|move|p1a: Zacian|Behemoth Blade|p2b: Weezing
|-supereffective|p2b: Weezing
|-damage|p2b: Weezing|0 fnt
|faint|p2b: Weezing
|-end|p2b: Weezing|ability: Neutralizing Gas
|-ability|p1a: Zacian|Intrepid Sword|boost
|-boost|p1a: Zacian|atk|1
|-copyboost|p1b: Flamigo|p1a: Zacian|[from] ability: Costar
|-ability|p2a: Eternatus|Pressure
|move|p1b: Flamigo|Acrobatics|p2a: Eternatus
|-damage|p2a: Eternatus|66/100
|move|p2a: Eternatus|Flamethrower|p1a: Zacian
|-supereffective|p1a: Zacian
|-damage|p1a: Zacian|0 fnt
|faint|p1a: Zacian
|
|upkeep
|turn|8
|
|t:|1750747324
|move|p1b: Flamigo|Acrobatics|p2a: Eternatus
|-damage|p2a: Eternatus|32/100
|move|p2a: Eternatus|Sludge Bomb|p1b: Flamigo
|-damage|p1b: Flamigo|0 fnt
|faint|p1b: Flamigo
|
|win|rongyin2
|raw|Kuschki's rating: 1439 &rarr; <strong>1419</strong><br />(-20 for losing)
|raw|rongyin2's rating: 1439 &rarr; <strong>1459</strong><br />(+20 for winning)
|l|☆Kuschki
|player|p1|
|l|☆rongyin2
|player|p2|
