|j|☆tremty
|j|☆Bodoque31
|t:|1750778506
|gametype|doubles
|player|p1|tremty|101|1160
|player|p2|Bodoque31|skyla|1161
|teamsize|p1|6
|teamsize|p2|6
|gen|9
|tier|[Gen 9] VGC 2025 Reg I
|rated|
|rule|Species Clause: Limit one of each Pokémon
|rule|Item Clause: Limit 1 of each item
|clearpoke
|poke|p1|Miraidon, L50|
|poke|p1|Iron Hands, L50|
|poke|p1|Heatran, L50, M|
|poke|p1|Rillaboom, L50, M|
|poke|p1|Moltres-Galar, L50|
|poke|p1|Groudon, L50|
|poke|p2|Incineroar, L50, M|
|poke|p2|Ivysaur, L50, M|
|poke|p2|Jumpluff, L50, F|
|poke|p2|Charizard, L50, M|
|poke|p2|Torkoal, L50, M|
|poke|p2|Porygon2, L50|
|teampreview|4
|inactive|Battle timer is ON: inactive players will automatically lose when time's up. (requested by Bodoque31)
Bodoque31 rejected open team sheets.
|
|t:|1750778534
|start
|switch|p1a: Heatran|Heatran, L50, M, shiny|100/100
|switch|p1b: Iron Hands|Iron Hands, L50, shiny|100/100
|switch|p2a: Jumpluff|Jumpluff, L50, F|100/100
|switch|p2b: Torkoal|Torkoal, L50, M, shiny|100/100
|-weather|SunnyDay|[from] ability: Drought|[of] p2b: Torkoal
|-enditem|p1b: Iron Hands|Booster Energy
|-activate|p1b: Iron Hands|ability: Quark Drive|[fromitem]
|-start|p1b: Iron Hands|quarkdriveatk
|turn|1
|
|t:|1750778562
|move|p2b: Torkoal|Protect|p2b: Torkoal
|-singleturn|p2b: Torkoal|Protect
|move|p1b: Iron Hands|Fake Out|p2b: Torkoal
|-activate|p2b: Torkoal|move: Protect
|move|p2a: Jumpluff|Tailwind|p2a: Jumpluff
|-sidestart|p2: Bodoque31|move: Tailwind
|move|p1a: Heatran|Substitute|p1a: Heatran
|-start|p1a: Heatran|Substitute
|-damage|p1a: Heatran|75/100
|
|-weather|SunnyDay|[upkeep]
|-heal|p1a: Heatran|82/100|[from] item: Leftovers
|upkeep
|turn|2
|inactive|Bodoque31 has 30 seconds left.
|
|t:|1750778592
|move|p2a: Jumpluff|Sleep Powder|p1b: Iron Hands|[miss]
|-miss|p2a: Jumpluff|p1b: Iron Hands
|move|p1a: Heatran|Magma Storm|p2b: Torkoal
|-resisted|p2b: Torkoal
|-damage|p2b: Torkoal|59/100
|-activate|p2b: Torkoal|move: Magma Storm|[of] p1a: Heatran
|move|p2b: Torkoal|Earth Power|p1a: Heatran
|-supereffective|p1a: Heatran
|-end|p1a: Heatran|Substitute
|move|p1b: Iron Hands|Drain Punch|p2b: Torkoal
|-damage|p2b: Torkoal|18/100
|
|-weather|SunnyDay|[upkeep]
|-heal|p1a: Heatran|88/100|[from] item: Leftovers
|-damage|p2b: Torkoal|6/100|[from] move: Magma Storm|[partiallytrapped]
|upkeep
|turn|3
|inactive|tremty has 30 seconds left.
|
|t:|1750778619
|move|p1a: Heatran|Protect|p1a: Heatran
|-singleturn|p1a: Heatran|Protect
|move|p2a: Jumpluff|Sleep Powder|p1b: Iron Hands|[miss]
|-miss|p2a: Jumpluff|p1b: Iron Hands
|move|p2b: Torkoal|Earth Power|p1a: Heatran
|-activate|p1a: Heatran|move: Protect
|move|p1b: Iron Hands|Wild Charge|p2a: Jumpluff
|-damage|p2a: Jumpluff|21/100
|-damage|p1b: Iron Hands|87/100|[from] Recoil
|
|-weather|SunnyDay|[upkeep]
|-heal|p1a: Heatran|94/100|[from] item: Leftovers
|-damage|p2b: Torkoal|0 fnt|[from] move: Magma Storm|[partiallytrapped]
|faint|p2b: Torkoal
|upkeep
|
|t:|1750778623
|switch|p2b: Charizard|Charizard, L50, M, shiny|100/100
|turn|4
|
|t:|1750778642
|-terastallize|p1a: Heatran|Grass
|move|p2a: Jumpluff|Sleep Powder|p1b: Iron Hands
|-status|p1b: Iron Hands|slp|[from] move: Sleep Powder
|move|p2b: Charizard|Air Slash|p1a: Heatran
|-supereffective|p1a: Heatran
|-damage|p1a: Heatran|0 fnt
|faint|p1a: Heatran
|cant|p1b: Iron Hands|slp
|
|-weather|SunnyDay|[upkeep]
|-damage|p2b: Charizard|88/100|[from] ability: Solar Power|[of] p2b: Charizard
|-sideend|p2: Bodoque31|move: Tailwind
|upkeep
|
|t:|1750778655
|switch|p1a: Miraidon|Miraidon, L50|100/100
|-fieldstart|move: Electric Terrain|[from] ability: Hadron Engine|[of] p1a: Miraidon
|turn|5
|
|t:|1750778668
|switch|p2b: Ivysaur|Ivysaur, L50, M, shiny|100/100
|move|p2a: Jumpluff|Tailwind|p2a: Jumpluff
|-sidestart|p2: Bodoque31|move: Tailwind
|move|p1a: Miraidon|Calm Mind|p1a: Miraidon
|-boost|p1a: Miraidon|spa|1
|-boost|p1a: Miraidon|spd|1
|cant|p1b: Iron Hands|slp
|
|-weather|none
|upkeep
|turn|6
|
|t:|1750778684
|move|p2a: Jumpluff|Helping Hand|p2b: Ivysaur
|-singleturn|p2b: Ivysaur|Helping Hand|[of] p2a: Jumpluff
|move|p2b: Ivysaur|Sludge Bomb|p1a: Miraidon
|-damage|p1a: Miraidon|74/100
|move|p1a: Miraidon|Dazzling Gleam|p2b: Ivysaur|[spread] p2a,p2b
|-resisted|p2b: Ivysaur
|-damage|p2a: Jumpluff|0 fnt
|-damage|p2b: Ivysaur|82/100
|faint|p2a: Jumpluff
|cant|p1b: Iron Hands|slp
|
|upkeep
|
|t:|1750778686
|switch|p2a: Charizard|Charizard, L50, M, shiny|88/100
|turn|7
|
|t:|1750778700
|move|p2a: Charizard|Dragon Pulse|p1a: Miraidon
|-supereffective|p1a: Miraidon
|-damage|p1a: Miraidon|31/100
|move|p2b: Ivysaur|Sludge Bomb|p1b: Iron Hands
|-damage|p1b: Iron Hands|59/100 slp
|move|p1a: Miraidon|Parabolic Charge|p2a: Charizard|[spread] p1b,p2a,p2b
|-resisted|p1b: Iron Hands
|-supereffective|p2a: Charizard
|-resisted|p2b: Ivysaur
|-damage|p1b: Iron Hands|35/100 slp
|-heal|p1a: Miraidon|47/100|[from] drain|[of] p1b: Iron Hands
|-damage|p2a: Charizard|0 fnt
|-heal|p1a: Miraidon|79/100|[from] drain|[of] p2a: Charizard
|-damage|p2b: Ivysaur|50/100
|-heal|p1a: Miraidon|90/100|[from] drain|[of] p2b: Ivysaur
|faint|p2a: Charizard
|-curestatus|p1b: Iron Hands|slp|[msg]
|move|p1b: Iron Hands|Wild Charge|p2b: Ivysaur
|-resisted|p2b: Ivysaur
|-damage|p2b: Ivysaur|0 fnt
|faint|p2b: Ivysaur
|-damage|p1b: Iron Hands|28/100|[from] Recoil
|
|win|tremty
|raw|tremty's rating: 1160 &rarr; <strong>1184</strong><br />(+24 for winning)
|raw|Bodoque31's rating: 1142 &rarr; <strong>1118</strong><br />(-24 for losing)
|l|☆Bodoque31
|player|p2|
|l|☆tremty
|player|p1|
