|j|☆3vgfhctyr
|j|☆ceron890
|t:|1750843623
|gametype|doubles
|player|p1|3vgfhctyr|266|1321
|player|p2|ceron890|will|1291
|teamsize|p1|6
|teamsize|p2|6
|gen|9
|tier|[Gen 9] VGC 2025 Reg I
|rated|
|rule|Species Clause: Limit one of each Pokémon
|rule|Item Clause: Limit 1 of each item
|clearpoke
|poke|p1|Groudon, L50|
|poke|p1|Lunala, L50|
|poke|p1|Venusaur, L50, M|
|poke|p1|Clefairy, L50, M|
|poke|p1|Roaring Moon, L50|
|poke|p1|Sableye, L50, M|
|poke|p2|Calyrex-Ice, L50|
|poke|p2|Indeedee-F, L50, F|
|poke|p2|Smeargle, L50, M|
|poke|p2|Torkoal, L50, M|
|poke|p2|Hatterene, L50, F|
|poke|p2|Annihilape, L50, F|
|teampreview|4
3vgfhctyr rejected open team sheets.
|inactive|Battle timer is ON: inactive players will automatically lose when time's up. (requested by 3vgfhctyr)
|inactive|3vgfhctyr has 60 seconds left.
|
|t:|1750843683
|start
|switch|p1a: Groudon|Groudon, L50, shiny|100/100
|switch|p1b: Venusaur|Venusaur, L50, M, shiny|100/100
|switch|p2a: whitey|Calyrex-Ice, L50|100/100
|switch|p2b: napoleon|Smeargle, L50, M|100/100
|-ability|p2a: whitey|As One
|-ability|p2a: whitey|Unnerve
|-weather|SunnyDay|[from] ability: Drought|[of] p1a: Groudon
|turn|1
|inactive|3vgfhctyr has 30 seconds left.
|
|t:|1750843709
|-terastallize|p1b: Venusaur|Fire
|move|p1a: Groudon|Protect|p1a: Groudon
|-singleturn|p1a: Groudon|Protect
|move|p2b: napoleon|Follow Me|p2b: napoleon
|-singleturn|p2b: napoleon|move: Follow Me
|move|p1b: Venusaur|Weather Ball|p2b: napoleon
|-enditem|p2b: napoleon|Focus Sash
|-damage|p2b: napoleon|1/100
|move|p2a: whitey|Trick Room|p2a: whitey
|-fieldstart|move: Trick Room|[of] p2a: whitey
|
|-weather|SunnyDay|[upkeep]
|upkeep
|turn|2
|inactive|ceron890 has 30 seconds left.
|
|t:|1750843738
|switch|p1a: Clefairy|Clefairy, L50, M, shiny|100/100
|move|p2b: napoleon|Follow Me|p2b: napoleon
|-singleturn|p2b: napoleon|move: Follow Me
|move|p2a: whitey|Glacial Lance|p1a: Clefairy|[spread] p1a,p1b
|-resisted|p1b: Venusaur
|-damage|p1a: Clefairy|49/100
|-damage|p1b: Venusaur|75/100
|move|p1b: Venusaur|Weather Ball|p2b: napoleon
|-damage|p2b: napoleon|0 fnt
|faint|p2b: napoleon
|
|-weather|SunnyDay|[upkeep]
|upkeep
|
|t:|1750843752
|switch|p2b: oven|Torkoal, L50, M, shiny|100/100
|turn|3
|
|t:|1750843762
|-terastallize|p2b: oven|Fire
|move|p1a: Clefairy|After You|p1b: Venusaur
|-activate|p1b: Venusaur|move: After You
|move|p1b: Venusaur|Weather Ball|p2a: whitey
|-supereffective|p2a: whitey
|-damage|p2a: whitey|0 fnt
|faint|p2a: whitey
|move|p2b: oven|Eruption|p1a: Clefairy|[spread] p1a,p1b
|-resisted|p1b: Venusaur
|-damage|p1a: Clefairy|0 fnt
|-damage|p1b: Venusaur|20/100
|faint|p1a: Clefairy
|
|-weather|SunnyDay|[upkeep]
|upkeep
|
|t:|1750843774
|switch|p1a: Lunala|Lunala, L50, shiny|100/100
|switch|p2a: perona|Hatterene, L50, F, shiny|100/100
|turn|4
|
|t:|1750843791
|move|p1a: Lunala|Wide Guard|p1a: Lunala
|-singleturn|p1a: Lunala|Wide Guard
|move|p2b: oven|Eruption|p1a: Lunala|[spread] 
|-activate|p1a: Lunala|move: Wide Guard
|-activate|p1b: Venusaur|move: Wide Guard
|move|p2a: perona|Psychic|p1b: Venusaur
|-damage|p1b: Venusaur|0 fnt
|faint|p1b: Venusaur
|-damage|p2a: perona|91/100|[from] item: Life Orb
|
|-weather|SunnyDay|[upkeep]
|upkeep
|
|t:|1750843803
|switch|p1b: Groudon|Groudon, L50, shiny|100/100
|turn|5
|
|t:|1750843815
|move|p1a: Lunala|Wide Guard|p1a: Lunala
|-singleturn|p1a: Lunala|Wide Guard
|move|p2b: oven|Eruption|p1b: Groudon|[spread] 
|-activate|p1a: Lunala|move: Wide Guard
|-activate|p1b: Groudon|move: Wide Guard
|move|p2a: perona|Psychic|p1b: Groudon
|-damage|p1b: Groudon|34/100
|-damage|p2a: perona|81/100|[from] item: Life Orb
|move|p1b: Groudon|Precipice Blades|p2b: oven|[spread] p2a
|-miss|p1b: Groudon|p2b: oven
|-damage|p2a: perona|17/100
|
|-weather|none
|-fieldend|move: Trick Room
|upkeep
|turn|6
|
|t:|1750843836
|move|p1a: Lunala|Moongeist Beam|p2b: oven
|-damage|p2b: oven|0 fnt
|faint|p2b: oven
|-damage|p1a: Lunala|91/100|[from] item: Life Orb
|move|p1b: Groudon|Precipice Blades|p2a: perona
|-damage|p2a: perona|0 fnt
|faint|p2a: perona
|
|win|3vgfhctyr
|raw|3vgfhctyr's rating: 1321 &rarr; <strong>1339</strong><br />(+18 for winning)
|raw|ceron890's rating: 1291 &rarr; <strong>1268</strong><br />(-23 for losing)
|l|☆ceron890
|player|p2|
