|j|☆chico linguiceta
|j|☆Jakemcgarry420
|t:|1750820808
|gametype|doubles
|player|p1|chico linguiceta|harlequin|1260
|player|p2|Jakemcgarry420|palmer|1187
|teamsize|p1|6
|teamsize|p2|6
|gen|9
|tier|[Gen 9] VGC 2025 Reg I
|rated|
|rule|Species Clause: Limit one of each Pokémon
|rule|Item Clause: Limit 1 of each item
|clearpoke
|poke|p1|Incineroar, L50, F|
|poke|p1|Calyrex-Ice, L50|
|poke|p1|Indeedee-F, L50, F|
|poke|p1|Ursaluna-Bloodmoon, L50, M|
|poke|p1|Oranguru, L50, M|
|poke|p1|Poliwrath, L50, F|
|poke|p2|Zamazenta-*, L50|
|poke|p2|Rayquaza, L50|
|poke|p2|Tornadus, L50, M|
|poke|p2|Toxtricity, L50, F|
|poke|p2|Blaziken, L50, M|
|poke|p2|Urshifu-*, L50, F|
|teampreview|4
|inactive|Battle timer is ON: inactive players will automatically lose when time's up. (requested by Jakemcgarry420)
|
|t:|1750820841
|start
|switch|p1a: Incineroar|Incineroar, L50, F, shiny|100/100
|switch|p1b: Oranguru|Oranguru, L50, M, shiny|100/100
|switch|p2a: Toxtricity|Toxtricity, L50, F|100/100
|switch|p2b: Tornadus|Tornadus, L50, M|100/100
|-ability|p1a: Incineroar|Intimidate|boost
|-unboost|p2a: Toxtricity|atk|1
|-unboost|p2b: Tornadus|atk|1
|turn|1
|
|t:|1750820856
|-terastallize|p2a: Toxtricity|Dark
|move|p1a: Incineroar|Fake Out|p2b: Tornadus
|-damage|p2b: Tornadus|84/100
|cant|p2b: Tornadus|flinch
|move|p2a: Toxtricity|Snarl|p1b: Oranguru|[spread] p1b
|-miss|p2a: Toxtricity|p1a: Incineroar
|-supereffective|p1b: Oranguru
|-damage|p1b: Oranguru|64/100
|-unboost|p1b: Oranguru|spa|1
|move|p1b: Oranguru|Trick Room|p1b: Oranguru
|-fieldstart|move: Trick Room|[of] p1b: Oranguru
|
|upkeep
|turn|2
|
|t:|1750820876
|move|p1b: Oranguru|Protect|p1b: Oranguru
|-singleturn|p1b: Oranguru|Protect
|move|p1a: Incineroar|Flare Blitz|p2b: Tornadus
|-damage|p2b: Tornadus|6/100
|-damage|p1a: Incineroar|81/100|[from] Recoil
|move|p2a: Toxtricity|Snarl|p1a: Incineroar|[spread] p1a
|-activate|p1b: Oranguru|move: Protect
|-resisted|p1a: Incineroar
|-damage|p1a: Incineroar|64/100
|-unboost|p1a: Incineroar|spa|1
|-enditem|p1a: Incineroar|Eject Button
|
|t:|1750820890
|switch|p1a: Calyrex|Calyrex-Ice, L50|100/100
|-ability|p1a: Calyrex|As One
|-ability|p1a: Calyrex|Unnerve
|move|p2b: Tornadus|Bleakwind Storm|p1a: Calyrex|[spread] p1a
|-activate|p1b: Oranguru|move: Protect
|-damage|p1a: Calyrex|73/100
|-unboost|p1a: Calyrex|spe|1
|
|upkeep
|turn|3
|
|t:|1750820908
|move|p1a: Calyrex|Glacial Lance|p2b: Tornadus|[spread] p2a,p2b
|-supereffective|p2b: Tornadus
|-crit|p2b: Tornadus
|-damage|p2a: Toxtricity|0 fnt
|-damage|p2b: Tornadus|0 fnt
|faint|p2a: Toxtricity
|faint|p2b: Tornadus
|-ability|p1a: Calyrex|Chilling Neigh|boost
|-boost|p1a: Calyrex|atk|2
|move|p1b: Oranguru|Instruct|p1a: Calyrex
|-singleturn|p1a: Calyrex|move: Instruct|[of] p1b: Oranguru
|move|p1a: Calyrex|Glacial Lance|p2: Toxtricity|[notarget]
|-fail|p1a: Calyrex
|
|upkeep
|
|t:|1750820913
|switch|p2a: Zamazenta|Zamazenta-Crowned, L50|100/100
|switch|p2b: Urshifu|Urshifu-Rapid-Strike, L50, F|100/100
|-ability|p2a: Zamazenta|Dauntless Shield|boost
|-boost|p2a: Zamazenta|def|1
|turn|4
|
|t:|1750820932
|move|p2a: Zamazenta|Wide Guard|p2a: Zamazenta
|-singleturn|p2a: Zamazenta|Wide Guard
|move|p1a: Calyrex|Glacial Lance|p2a: Zamazenta|[spread] 
|-activate|p2a: Zamazenta|move: Wide Guard
|-activate|p2b: Urshifu|move: Wide Guard
|move|p1b: Oranguru|Instruct|p1a: Calyrex
|-singleturn|p1a: Calyrex|move: Instruct|[of] p1b: Oranguru
|move|p1a: Calyrex|Glacial Lance|p2a: Zamazenta|[spread] 
|-activate|p2a: Zamazenta|move: Wide Guard
|-activate|p2b: Urshifu|move: Wide Guard
|move|p2b: Urshifu|Surging Strikes|p1a: Calyrex
|-crit|p1a: Calyrex
|-damage|p1a: Calyrex|56/100
|-crit|p1a: Calyrex
|-damage|p1a: Calyrex|37/100
|-crit|p1a: Calyrex
|-damage|p1a: Calyrex|19/100
|-hitcount|p1a: Calyrex|3
|-damage|p2b: Urshifu|91/100|[from] item: Life Orb
|
|upkeep
|turn|5
|inactive|Jakemcgarry420 has 30 seconds left.
|
|t:|1750820959
|move|p2a: Zamazenta|Wide Guard|p2a: Zamazenta
|-singleturn|p2a: Zamazenta|Wide Guard
|move|p1a: Calyrex|Glacial Lance|p2a: Zamazenta|[spread] 
|-activate|p2a: Zamazenta|move: Wide Guard
|-activate|p2b: Urshifu|move: Wide Guard
|move|p1b: Oranguru|Instruct|p1a: Calyrex
|-singleturn|p1a: Calyrex|move: Instruct|[of] p1b: Oranguru
|move|p1a: Calyrex|Glacial Lance|p2a: Zamazenta|[spread] 
|-activate|p2a: Zamazenta|move: Wide Guard
|-activate|p2b: Urshifu|move: Wide Guard
|move|p2b: Urshifu|Surging Strikes|p1a: Calyrex
|-crit|p1a: Calyrex
|-damage|p1a: Calyrex|2/100
|-crit|p1a: Calyrex
|-damage|p1a: Calyrex|0 fnt
|faint|p1a: Calyrex
|-hitcount|p1: Calyrex|2
|-damage|p2b: Urshifu|81/100|[from] item: Life Orb
|
|-fieldend|move: Trick Room
|upkeep
|
|t:|1750820967
|switch|p1a: Incineroar|Incineroar, L50, F, shiny|64/100
|-ability|p1a: Incineroar|Intimidate|boost
|-unboost|p2a: Zamazenta|atk|1
|-unboost|p2b: Urshifu|atk|1
|turn|6
|inactive|Jakemcgarry420 has 30 seconds left.
|inactive|chico linguiceta has 30 seconds left.
|inactive|Jakemcgarry420 has 20 seconds left.
|inactive|Jakemcgarry420 has 15 seconds left.
|inactive|Jakemcgarry420 has 10 seconds left.
|inactive|Jakemcgarry420 has 5 seconds left.
|
|t:|1750821022
|move|p1a: Incineroar|Fake Out|p2b: Urshifu
|-damage|p2b: Urshifu|72/100
|move|p2a: Zamazenta|Body Press|p1b: Oranguru
|-damage|p1b: Oranguru|0 fnt
|faint|p1b: Oranguru
|cant|p2b: Urshifu|flinch
|
|upkeep
|
|t:|1750821030
|switch|p1b: Ursaluna|Ursaluna-Bloodmoon, L50, M|100/100
|turn|7
|inactive|chico linguiceta has 30 seconds left.
|inactive|Jakemcgarry420 has 30 seconds left.
|inactive|chico linguiceta has 20 seconds left.
|inactive|Jakemcgarry420 has 20 seconds left.
|inactive|chico linguiceta has 15 seconds left.
|inactive|Jakemcgarry420 has 15 seconds left.
|inactive|chico linguiceta has 10 seconds left.
|inactive|Jakemcgarry420 has 10 seconds left.
|inactive|chico linguiceta has 5 seconds left.
|inactive|Jakemcgarry420 has 5 seconds left.
|
|t:|1750821085
|-terastallize|p1b: Ursaluna|Normal
|move|p2a: Zamazenta|Body Press|p1b: Ursaluna
|-supereffective|p1b: Ursaluna
|-damage|p1b: Ursaluna|12/100
|move|p2b: Urshifu|Drain Punch|p1a: Incineroar
|-supereffective|p1a: Incineroar
|-damage|p1a: Incineroar|13/100
|-heal|p2b: Urshifu|100/100|[from] drain|[of] p1a: Incineroar
|-damage|p2b: Urshifu|91/100|[from] item: Life Orb
|move|p1a: Incineroar|Will-O-Wisp|p2a: Zamazenta
|-status|p2a: Zamazenta|brn
|move|p1b: Ursaluna|Hyper Voice|p2b: Urshifu|[spread] p2a,p2b
|-resisted|p2a: Zamazenta
|-damage|p2a: Zamazenta|70/100 brn
|-damage|p2b: Urshifu|0 fnt
|faint|p2b: Urshifu
|
|-damage|p2a: Zamazenta|64/100 brn|[from] brn
|upkeep
|turn|8
|l|☆Jakemcgarry420
|inactive|Jakemcgarry420 disconnected and has a minute to reconnect!
|player|p2|
|inactive|chico linguiceta has 30 seconds left.
|inactive|Jakemcgarry420 has 30 seconds left.
|inactive|Jakemcgarry420 has 20 seconds left.
|inactive|Jakemcgarry420 has 15 seconds left.
|inactive|Jakemcgarry420 has 10 seconds left.
|inactive|Jakemcgarry420 has 5 seconds left.
|-message|Jakemcgarry420 lost due to inactivity.
|
|win|chico linguiceta
|raw|chico linguiceta's rating: 1260 &rarr; <strong>1280</strong><br />(+20 for winning)
|raw|Jakemcgarry420's rating: 1187 &rarr; <strong>1167</strong><br />(-20 for losing)
|l|☆chico linguiceta
|player|p1|
