|j|‽dekanark
|j|☆Crying for Rain
|t:|1750749386
|gametype|doubles
|player|p1|dekanark|169|1459
|player|p2|Crying for Rain|rocketgruntf|1550
|teamsize|p1|6
|teamsize|p2|6
|gen|9
|tier|[Gen 9] VGC 2025 Reg I
|rated|
|rule|Species Clause: Limit one of each Pokémon
|rule|Item Clause: Limit 1 of each item
|clearpoke
|poke|p1|Grimmsnarl, L50, M|
|poke|p1|Miraidon, L50|
|poke|p1|Iron Hands, L50|
|poke|p1|Ditto, L50|
|poke|p1|Farigiraf, L50, M|
|poke|p1|Ho-Oh, L50|
|poke|p2|Miraidon, L50|
|poke|p2|Zamazenta-*, L50|
|poke|p2|Chien-Pao, L50|
|poke|p2|Grimmsnarl, L50, M|
|poke|p2|Volcarona, L50, F|
|poke|p2|Iron Hands, L50|
|teampreview|4
|
|t:|1750749423
|start
|switch|p1a: Grimmsnarl|Grimmsnarl, L50, M|100/100
|switch|p1b: Miraidon|Miraidon, L50|100/100
|switch|p2a: Miraidon|Miraidon, L50|100/100
|switch|p2b: Grimmsnarl|Grimmsnarl, L50, M, shiny|100/100
|-fieldstart|move: Electric Terrain|[from] ability: Hadron Engine|[of] p1b: Miraidon
|-activate|p2a: Miraidon|ability: Hadron Engine
|turn|1
|inactive|Battle timer is ON: inactive players will automatically lose when time's up. (requested by Crying for Rain)
|
|t:|1750749452
|move|p1a: Grimmsnarl|Fake Out|p2a: Miraidon
|-crit|p2a: Miraidon
|-damage|p2a: Miraidon|87/100
|move|p2b: Grimmsnarl|Light Screen|p2b: Grimmsnarl
|-sidestart|p2: Crying for Rain|move: Light Screen
|move|p1b: Miraidon|Draco Meteor|p2a: Miraidon
|-supereffective|p2a: Miraidon
|-damage|p2a: Miraidon|0 fnt
|-unboost|p1b: Miraidon|spa|2
|faint|p2a: Miraidon
|
|upkeep
|
|t:|1750749464
|switch|p2a: Zamazenta|Zamazenta-Crowned, L50, shiny|100/100
|-ability|p2a: Zamazenta|Dauntless Shield|boost
|-boost|p2a: Zamazenta|def|1
|turn|2
|
|t:|1750749474
|switch|p1b: Ditto|Ditto, L50|100/100
|-transform|p1b: Ditto|p2a: Zamazenta|[from] ability: Imposter
|-ability|p1b: Ditto|Dauntless Shield|boost
|-boost|p1b: Ditto|def|1
|move|p1a: Grimmsnarl|Light Screen|p1a: Grimmsnarl
|-sidestart|p1: dekanark|move: Light Screen
|move|p2a: Zamazenta|Heavy Slam|p1a: Grimmsnarl
|-supereffective|p1a: Grimmsnarl
|-damage|p1a: Grimmsnarl|4/100
|move|p2b: Grimmsnarl|Spirit Break|p1b: Ditto
|-damage|p1b: Ditto|90/100
|-unboost|p1b: Ditto|spa|1
|
|upkeep
|turn|3
|
|t:|1750749492
|move|p2a: Zamazenta|Protect|p2a: Zamazenta
|-singleturn|p2a: Zamazenta|Protect
|move|p2b: Grimmsnarl|Thunder Wave|p1b: Ditto
|-status|p1b: Ditto|par
|move|p1a: Grimmsnarl|Thunder Wave|p2a: Zamazenta
|-activate|p2a: Zamazenta|move: Protect
|move|p1b: Ditto|Heavy Slam|p2b: Grimmsnarl
|-supereffective|p2b: Grimmsnarl
|-damage|p2b: Grimmsnarl|4/100
|
|upkeep
|turn|4
|
|t:|1750749511
|move|p2b: Grimmsnarl|Reflect|p2b: Grimmsnarl
|-sidestart|p2: Crying for Rain|Reflect
|move|p1a: Grimmsnarl|Thunder Wave|p2a: Zamazenta
|-status|p2a: Zamazenta|par
|move|p2a: Zamazenta|Body Press|p1b: Ditto
|-supereffective|p1b: Ditto
|-damage|p1b: Ditto|42/100 par
|move|p1b: Ditto|Body Press|p2a: Zamazenta
|-supereffective|p2a: Zamazenta
|-damage|p2a: Zamazenta|55/100 par
|
|upkeep
|turn|5
|
|t:|1750749531
|move|p1b: Ditto|Body Press|p2a: Zamazenta
|-supereffective|p2a: Zamazenta
|-crit|p2a: Zamazenta
|-damage|p2a: Zamazenta|0 fnt
|faint|p2a: Zamazenta
|move|p2b: Grimmsnarl|Spirit Break|p1a: Grimmsnarl
|-supereffective|p1a: Grimmsnarl
|-damage|p1a: Grimmsnarl|0 fnt
|faint|p1a: Grimmsnarl
|
|-fieldend|move: Electric Terrain
|upkeep
|-message|Crying for Rain forfeited.
|
|win|dekanark
|raw|dekanark's rating: 1459 &rarr; <strong>1484</strong><br />(+25 for winning)
|raw|Crying for Rain's rating: 1550 &rarr; <strong>1525</strong><br />(-25 for losing)
|l|☆Crying for Rain
|player|p2|
|l|‽dekanark
|player|p1|
