|j|☆ApoVGC
|j|☆Kamerooooon
|t:|1750864700
|gametype|doubles
|player|p1|ApoVGC|2|1489
|player|p2|Kamerooooon|265|1436
|teamsize|p1|6
|teamsize|p2|6
|gen|9
|tier|[Gen 9] VGC 2025 Reg I
|rated|
|rule|Species Clause: Limit one of each Pokémon
|rule|Item Clause: Limit 1 of each item
|clearpoke
|poke|p1|Groudon, L50|
|poke|p1|Calyrex-Shadow, L50|
|poke|p1|Sableye, L50, F|
|poke|p1|Chi-Yu, L50|
|poke|p1|Ogerpon-Cornerstone, L50, F|
|poke|p1|Walking Wake, L50|
|poke|p2|Kyogre, L50|
|poke|p2|Scizor, L50, M|
|poke|p2|Urshifu-*, L50, M|
|poke|p2|Rhydon, L50, M|
|poke|p2|Thundurus, L50, M|
|poke|p2|Lunala, L50|
|teampreview|4
|inactive|Battle timer is ON: inactive players will automatically lose when time's up. (requested by ApoVGC)
Kamerooooon has agreed to open team sheets.
|inactive|ApoVGC has 60 seconds left.
|inactive|Kamerooooon has 60 seconds left.
|inactive|Kamerooooon has 30 seconds left.
|
|t:|1750864764
|start
|switch|p1a: Sableye|Sableye, L50, F|100/100
|switch|p1b: Calyrex|Calyrex-Shadow, L50|100/100
|switch|p2a: Lunala|Lunala, L50|100/100
|switch|p2b: Urshifu|Urshifu-Rapid-Strike, L50, M|100/100
|-ability|p1b: Calyrex|As One
|-ability|p1b: Calyrex|Unnerve
|turn|1
|
|t:|1750864781
|switch|p1b: Walking Wake|Walking Wake, L50|100/100
|move|p2a: Lunala|Wide Guard|p2a: Lunala
|-singleturn|p2a: Lunala|Wide Guard
|move|p2b: Urshifu|Surging Strikes|p1b: Walking Wake
|-resisted|p1b: Walking Wake
|-crit|p1b: Walking Wake
|-damage|p1b: Walking Wake|95/100
|-resisted|p1b: Walking Wake
|-crit|p1b: Walking Wake
|-damage|p1b: Walking Wake|90/100
|-resisted|p1b: Walking Wake
|-crit|p1b: Walking Wake
|-damage|p1b: Walking Wake|84/100
|-hitcount|p1b: Walking Wake|3
|move|p1a: Sableye|Foul Play|p2a: Lunala
|-supereffective|p2a: Lunala
|-damage|p2a: Lunala|61/100
|
|-heal|p2a: Lunala|67/100|[from] item: Leftovers
|upkeep
|turn|2
|
|t:|1750864805
|move|p1a: Sableye|Sunny Day|p1a: Sableye
|-weather|SunnyDay
|-activate|p1b: Walking Wake|ability: Protosynthesis
|-start|p1b: Walking Wake|protosynthesisspe
|move|p1b: Walking Wake|Hydro Steam|p2a: Lunala
|-damage|p2a: Lunala|10/100
|-damage|p1b: Walking Wake|75/100|[from] item: Life Orb
|move|p2b: Urshifu|Surging Strikes|p1a: Sableye
|-crit|p1a: Sableye
|-damage|p1a: Sableye|90/100
|-crit|p1a: Sableye
|-damage|p1a: Sableye|79/100
|-crit|p1a: Sableye
|-damage|p1a: Sableye|69/100
|-hitcount|p1a: Sableye|3
|move|p2a: Lunala|Tailwind|p2a: Lunala
|-sidestart|p2: Kamerooooon|move: Tailwind
|
|-weather|SunnyDay|[upkeep]
|-heal|p2a: Lunala|16/100|[from] item: Leftovers
|upkeep
|turn|3
|inactive|Kamerooooon has 30 seconds left.
|
|t:|1750864831
|switch|p2a: Kyogre|Kyogre, L50|100/100
|-weather|RainDance|[from] ability: Drizzle|[of] p2a: Kyogre
|-end|p1b: Walking Wake|Protosynthesis
|move|p1a: Sableye|Thunder Wave|p2a: Kyogre
|-status|p2a: Kyogre|par
|move|p2b: Urshifu|Close Combat|p1b: Walking Wake
|-damage|p1b: Walking Wake|12/100
|-unboost|p2b: Urshifu|def|1
|-unboost|p2b: Urshifu|spd|1
|move|p1b: Walking Wake|Hydro Steam|p2a: Kyogre
|-resisted|p2a: Kyogre
|-damage|p2a: Kyogre|69/100 par
|-damage|p1b: Walking Wake|3/100|[from] item: Life Orb
|
|-weather|RainDance|[upkeep]
|upkeep
|turn|4
|inactive|Kamerooooon has 30 seconds left.
|inactive|ApoVGC has 30 seconds left.
|
|t:|1750864867
|switch|p2a: Thundurus|Thundurus, L50, M|100/100
|move|p1a: Sableye|Thunder Wave|p2b: Urshifu|[miss]
|-miss|p1a: Sableye|p2b: Urshifu
|move|p2b: Urshifu|Surging Strikes|p1b: Walking Wake
|-resisted|p1b: Walking Wake
|-crit|p1b: Walking Wake
|-damage|p1b: Walking Wake|0 fnt
|faint|p1b: Walking Wake
|-end|p1b: Walking Wake|Protosynthesis|[silent]
|-hitcount|p1: Walking Wake|1
|
|-weather|RainDance|[upkeep]
|upkeep
|
|t:|1750864877
|switch|p1b: Calyrex|Calyrex-Shadow, L50|100/100
|-ability|p1b: Calyrex|As One
|-ability|p1b: Calyrex|Unnerve
|turn|5
|
|t:|1750864890
|-terastallize|p1b: Calyrex|Fairy
|move|p2b: Urshifu|Detect|p2b: Urshifu
|-singleturn|p2b: Urshifu|Protect
|move|p2a: Thundurus|Eerie Impulse|p1b: Calyrex
|-unboost|p1b: Calyrex|spa|2
|move|p1a: Sableye|Sunny Day|p1a: Sableye
|-weather|SunnyDay
|move|p1b: Calyrex|Astral Barrage|p2a: Thundurus|[spread] p2a
|-activate|p2b: Urshifu|move: Protect
|-damage|p2a: Thundurus|74/100
|
|-weather|SunnyDay|[upkeep]
|-sideend|p2: Kamerooooon|move: Tailwind
|upkeep
|turn|6
|
|t:|1750864911
|move|p2a: Thundurus|Rain Dance|p2a: Thundurus
|-weather|RainDance
|move|p1a: Sableye|Thunder Wave|p2b: Urshifu
|-status|p2b: Urshifu|par
|move|p1b: Calyrex|Draining Kiss|p2b: Urshifu
|-supereffective|p2b: Urshifu
|-damage|p2b: Urshifu|8/100 par
|move|p2b: Urshifu|Surging Strikes|p1b: Calyrex
|-crit|p1b: Calyrex
|-damage|p1b: Calyrex|64/100
|-crit|p1b: Calyrex
|-damage|p1b: Calyrex|24/100
|-crit|p1b: Calyrex
|-damage|p1b: Calyrex|0 fnt
|faint|p1b: Calyrex
|-hitcount|p1: Calyrex|3
|
|-weather|RainDance|[upkeep]
|upkeep
|
|t:|1750864921
|switch|p1b: Groudon|Groudon, L50|100/100
|-weather|SunnyDay|[from] ability: Drought|[of] p1b: Groudon
|turn|7
|
|t:|1750864945
|move|p2a: Thundurus|Rain Dance|p2a: Thundurus
|-weather|RainDance
|move|p2b: Urshifu|Aqua Jet|p1b: Groudon
|-supereffective|p1b: Groudon
|-damage|p1b: Groudon|62/100
|move|p1a: Sableye|Gravity|p1a: Sableye
|-fieldstart|move: Gravity
|move|p1b: Groudon|Precipice Blades|p2a: Thundurus|[spread] p2a,p2b
|-supereffective|p2a: Thundurus
|-damage|p2a: Thundurus|0 fnt
|-damage|p2b: Urshifu|0 fnt
|faint|p2a: Thundurus
|faint|p2b: Urshifu
|
|-weather|RainDance|[upkeep]
|upkeep
|
|t:|1750864955
|switch|p2b: Lunala|Lunala, L50|16/100
|switch|p2a: Kyogre|Kyogre, L50|69/100 par
|turn|8
|
|t:|1750864967
|move|p1b: Groudon|Protect|p1b: Groudon
|-singleturn|p1b: Groudon|Protect
|move|p2b: Lunala|Wide Guard|p2b: Lunala
|-singleturn|p2b: Lunala|Wide Guard
|move|p1a: Sableye|Sunny Day|p1a: Sableye
|-weather|SunnyDay
|move|p2a: Kyogre|Origin Pulse|p1b: Groudon|[spread] p1a
|-activate|p1b: Groudon|move: Protect
|-damage|p1a: Sableye|29/100
|
|-weather|SunnyDay|[upkeep]
|-heal|p2b: Lunala|22/100|[from] item: Leftovers
|upkeep
|turn|9
|
|t:|1750864990
|move|p1a: Sableye|Thunder Wave|p2b: Lunala
|-status|p2b: Lunala|par
|move|p1b: Groudon|Heat Crash|p2b: Lunala
|-damage|p2b: Lunala|0 fnt
|faint|p2b: Lunala
|move|p2a: Kyogre|Ice Beam|p1b: Groudon
|-supereffective|p1b: Groudon
|-damage|p1b: Groudon|2/100
|
|-weather|SunnyDay|[upkeep]
|upkeep
|turn|10
|
|t:|1750865002
|move|p1b: Groudon|Precipice Blades|p2a: Kyogre
|-damage|p2a: Kyogre|0 fnt
|faint|p2a: Kyogre
|
|win|ApoVGC
|raw|ApoVGC's rating: 1489 &rarr; <strong>1506</strong><br />(+17 for winning)
|raw|Kamerooooon's rating: 1436 &rarr; <strong>1419</strong><br />(-17 for losing)
|l|☆Kamerooooon
|player|p2|
|l|☆ApoVGC
|player|p1|
