|j|☆bonlaw
|j|☆RRyan Tsui
|t:|1750812611
|gametype|doubles
|player|p1|bonlaw|giovanni|1146
|player|p2|RRyan Tsui|swimmer-gen4|1196
|teamsize|p1|6
|teamsize|p2|6
|gen|9
|tier|[Gen 9] VGC 2025 Reg I
|rated|
|rule|Species Clause: Limit one of each Pokémon
|rule|Item Clause: Limit 1 of each item
|clearpoke
|poke|p1|Calyrex-Shadow, L50|
|poke|p1|Zamazenta-*, L50|
|poke|p1|Gholdengo, L50|
|poke|p1|Amoonguss, L50, F|
|poke|p1|Arcanine-Hisui, L50, M|
|poke|p1|Tornadus, L50, M|
|poke|p2|Calyrex-Ice, L50|
|poke|p2|Scrafty, L50, M|
|poke|p2|Ninetales-Alola, L50, M|
|poke|p2|Miraidon, L50|
|poke|p2|Landorus, L50, M|
|poke|p2|Dondozo, L50, F|
|teampreview|4
|inactive|Battle timer is ON: inactive players will automatically lose when time's up. (requested by bonlaw)
|inactive|RRyan Tsui has 60 seconds left.
|inactive|RRyan Tsui has 30 seconds left.
|
|t:|1750812672
|start
|switch|p1a: Arcanine|Arcanine-Hisui, L50, M|100/100
|switch|p1b: Tornadus|Tornadus, L50, M|100/100
|switch|p2a: Miraidon|Miraidon, L50|100/100
|switch|p2b: Scrafty|Scrafty, L50, M|100/100
|-fieldstart|move: Electric Terrain|[from] ability: Hadron Engine|[of] p2a: Miraidon
|-ability|p1a: Arcanine|Intimidate|boost
|-unboost|p2a: Miraidon|atk|1
|-unboost|p2b: Scrafty|atk|1
|-ability|p2b: Scrafty|Intimidate|boost
|-unboost|p1a: Arcanine|atk|1
|-unboost|p1b: Tornadus|atk|1
|turn|1
|inactive|bonlaw has 30 seconds left.
|inactive|RRyan Tsui has 30 seconds left.
|
|t:|1750812700
|switch|p1a: Calyrex|Calyrex-Shadow, L50|100/100
|-ability|p1a: Calyrex|As One
|-ability|p1a: Calyrex|Unnerve
|-terastallize|p2a: Miraidon|Electric
|move|p2b: Scrafty|Fake Out|p1b: Tornadus
|-damage|p1b: Tornadus|92/100
|move|p1b: Tornadus|Tailwind|p1b: Tornadus
|-sidestart|p1: bonlaw|move: Tailwind
|move|p2a: Miraidon|Electro Drift|p1b: Tornadus
|-supereffective|p1b: Tornadus
|-damage|p1b: Tornadus|0 fnt
|faint|p1b: Tornadus
|
|upkeep
|
|t:|1750812716
|switch|p1b: Zamazenta|Zamazenta-Crowned, L50|100/100
|-ability|p1b: Zamazenta|Dauntless Shield|boost
|-boost|p1b: Zamazenta|def|1
|turn|2
|inactive|RRyan Tsui has 30 seconds left.
|inactive|RRyan Tsui has 20 seconds left.
|inactive|RRyan Tsui has 15 seconds left.
|inactive|RRyan Tsui has 10 seconds left.
|inactive|RRyan Tsui has 5 seconds left.
|
|t:|1750812771
|move|p2b: Scrafty|Fake Out||[still]
|-hint|Fake Out only works on your first turn out.
|-fail|p2b: Scrafty
|move|p1a: Calyrex|Astral Barrage|p2b: Scrafty|[spread] p2a,p2b
|-resisted|p2b: Scrafty
|-damage|p2a: Miraidon|52/100
|-damage|p2b: Scrafty|76/100
|move|p1b: Zamazenta|Body Press|p2b: Scrafty
|-supereffective|p2b: Scrafty
|-damage|p2b: Scrafty|0 fnt
|faint|p2b: Scrafty
|move|p2a: Miraidon|Electro Drift|p1b: Zamazenta
|-damage|p1b: Zamazenta|16/100
|
|upkeep
|
|t:|1750812786
|switch|p2b: Ninetales|Ninetales-Alola, L50, M|100/100
|-weather|Snowscape|[from] ability: Snow Warning|[of] p2b: Ninetales
|turn|3
|
|t:|1750812806
|move|p1b: Zamazenta|Helping Hand|p1a: Calyrex
|-singleturn|p1a: Calyrex|Helping Hand|[of] p1b: Zamazenta
|move|p2a: Miraidon|Protect|p2a: Miraidon
|-singleturn|p2a: Miraidon|Protect
|move|p1a: Calyrex|Astral Barrage|p2a: Miraidon|[spread] p2b
|-activate|p2a: Miraidon|move: Protect
|-damage|p2b: Ninetales|20/100
|move|p2b: Ninetales|Aurora Veil|p2b: Ninetales
|-sidestart|p2: RRyan Tsui|move: Aurora Veil
|
|-weather|Snowscape|[upkeep]
|upkeep
|turn|4
|
|t:|1750812825
|move|p2b: Ninetales|Helping Hand|p2a: Miraidon
|-singleturn|p2a: Miraidon|Helping Hand|[of] p2b: Ninetales
|move|p1a: Calyrex|Astral Barrage|p2b: Ninetales|[spread] p2a,p2b
|-damage|p2a: Miraidon|22/100
|-damage|p2b: Ninetales|0 fnt
|faint|p2b: Ninetales
|-ability|p1a: Calyrex|Grim Neigh|boost
|-boost|p1a: Calyrex|spa|1
|move|p1b: Zamazenta|Body Press|p2a: Miraidon
|-damage|p2a: Miraidon|0 fnt
|faint|p2a: Miraidon
|
|-weather|Snowscape|[upkeep]
|-sideend|p1: bonlaw|move: Tailwind
|upkeep
|
|t:|1750812840
|switch|p2b: Calyrex|Calyrex-Ice, L50|100/100
|-ability|p2b: Calyrex|As One
|-ability|p2b: Calyrex|Unnerve
|turn|5
|
|t:|1750812849
|move|p1b: Zamazenta|Wide Guard|p1b: Zamazenta
|-singleturn|p1b: Zamazenta|Wide Guard
|move|p1a: Calyrex|Astral Barrage|p2b: Calyrex
|-supereffective|p2b: Calyrex
|-crit|p2b: Calyrex
|-damage|p2b: Calyrex|0 fnt
|faint|p2b: Calyrex
|
|win|bonlaw
|raw|bonlaw's rating: 1146 &rarr; <strong>1175</strong><br />(+29 for winning)
|raw|RRyan Tsui's rating: 1196 &rarr; <strong>1167</strong><br />(-29 for losing)
|l|☆bonlaw
|player|p1|
|l|☆RRyan Tsui
|player|p2|
