|j|☆jerryoftheriver
|j|☆sdb203
|t:|1750715295
|gametype|doubles
|player|p1|jerryoftheriver|lady|1285
|player|p2|sdb203|koga|1260
|teamsize|p1|6
|teamsize|p2|6
|gen|9
|tier|[Gen 9] VGC 2025 Reg I
|rated|
|rule|Species Clause: Limit one of each Pokémon
|rule|Item Clause: Limit 1 of each item
|clearpoke
|poke|p1|Ho-Oh, L50|
|poke|p1|Groudon, L50|
|poke|p1|Hitmontop, L50, M|
|poke|p1|Leafeon, L50, F|
|poke|p1|Volcarona, L50, F|
|poke|p1|Grimmsnarl, L50, M|
|poke|p2|Miraidon, L50|
|poke|p2|Zamazenta-*, L50|
|poke|p2|Chien-Pao, L50|
|poke|p2|Iron Hands, L50|
|poke|p2|Volcarona, L50, M|
|poke|p2|Grimmsnarl, L50, M|
|teampreview|4
|inactive|Battle timer is ON: inactive players will automatically lose when time's up. (requested by sdb203)
|inactive|sdb203 has 60 seconds left.
|inactive|sdb203 has 30 seconds left.
|
|t:|1750715366
|start
|switch|p1a: Groudon|Groudon, L50|100/100
|switch|p1b: Hitmontop|Hitmontop, L50, M|100/100
|switch|p2a: Grimmsnarl|Grimmsnarl, L50, M|100/100
|switch|p2b: Miraidon|Miraidon, L50|100/100
|-fieldstart|move: Electric Terrain|[from] ability: Hadron Engine|[of] p2b: Miraidon
|-ability|p1b: Hitmontop|Intimidate|boost
|-unboost|p2a: Grimmsnarl|atk|1
|-unboost|p2b: Miraidon|atk|1
|-weather|SunnyDay|[from] ability: Drought|[of] p1a: Groudon
|turn|1
|
|t:|1750715378
|switch|p2b: Volcarona|Volcarona, L50, M|100/100
|-enditem|p2b: Volcarona|Electric Seed
|-boost|p2b: Volcarona|def|1|[from] item: Electric Seed
|move|p1b: Hitmontop|Fake Out|p2b: Volcarona
|-damage|p2b: Volcarona|95/100
|move|p2a: Grimmsnarl|Reflect|p2a: Grimmsnarl
|-sidestart|p2: sdb203|Reflect
|move|p1a: Groudon|Precipice Blades|p2a: Grimmsnarl|[spread] p2a,p2b
|-damage|p2a: Grimmsnarl|64/100
|-damage|p2b: Volcarona|71/100
|
|-weather|SunnyDay|[upkeep]
|upkeep
|turn|2
|
|t:|1750715400
|move|p2a: Grimmsnarl|Thunder Wave|p1b: Hitmontop
|-status|p1b: Hitmontop|par
|move|p2b: Volcarona|Quiver Dance|p2b: Volcarona
|-boost|p2b: Volcarona|spa|1
|-boost|p2b: Volcarona|spd|1
|-boost|p2b: Volcarona|spe|1
|move|p1a: Groudon|Precipice Blades|p2a: Grimmsnarl|[spread] p2a,p2b
|-damage|p2a: Grimmsnarl|23/100
|-damage|p2b: Volcarona|46/100
|move|p1b: Hitmontop|Coaching|p1a: Groudon
|-boost|p1a: Groudon|atk|1
|-boost|p1a: Groudon|def|1
|
|-weather|SunnyDay|[upkeep]
|upkeep
|turn|3
|
|t:|1750715421
|move|p2b: Volcarona|Flamethrower|p1b: Hitmontop
|-damage|p1b: Hitmontop|11/100 par
|move|p1a: Groudon|Precipice Blades|p2b: Volcarona|[spread] p2a
|-miss|p1a: Groudon|p2b: Volcarona
|-damage|p2a: Grimmsnarl|0 fnt
|faint|p2a: Grimmsnarl
|move|p1b: Hitmontop|Coaching|p1a: Groudon
|-boost|p1a: Groudon|atk|1
|-boost|p1a: Groudon|def|1
|
|-weather|SunnyDay|[upkeep]
|upkeep
|
|t:|1750715430
|switch|p2a: Miraidon|Miraidon, L50|100/100
|-activate|p2a: Miraidon|ability: Hadron Engine
|turn|4
|inactive|jerryoftheriver has 30 seconds left.
|
|t:|1750715457
|switch|p1b: Leafeon|Leafeon, L50, F|100/100
|move|p1a: Groudon|Protect|p1a: Groudon
|-singleturn|p1a: Groudon|Protect
|move|p2a: Miraidon|Draco Meteor|p1a: Groudon
|-activate|p1a: Groudon|move: Protect
|move|p2b: Volcarona|Flamethrower|p1b: Leafeon
|-supereffective|p1b: Leafeon
|-damage|p1b: Leafeon|0 fnt
|faint|p1b: Leafeon
|
|-weather|SunnyDay|[upkeep]
|upkeep
|
|t:|1750715467
|switch|p1b: Hitmontop|Hitmontop, L50, M|11/100 par
|-ability|p1b: Hitmontop|Intimidate|boost
|-unboost|p2a: Miraidon|atk|1
|-unboost|p2b: Volcarona|atk|1
|turn|5
|
|t:|1750715476
|-terastallize|p2a: Miraidon|Fairy
|move|p1b: Hitmontop|Fake Out|p2a: Miraidon
|-damage|p2a: Miraidon|95/100
|cant|p2a: Miraidon|flinch
|move|p2b: Volcarona|Flamethrower|p1b: Hitmontop
|-damage|p1b: Hitmontop|0 fnt
|faint|p1b: Hitmontop
|move|p1a: Groudon|Precipice Blades|p2b: Volcarona|[spread] p2a,p2b
|-damage|p2a: Miraidon|11/100
|-damage|p2b: Volcarona|0 fnt
|faint|p2b: Volcarona
|
|-weather|none
|-fieldend|move: Electric Terrain
|upkeep
|
|t:|1750715492
|switch|p2b: Chien-Pao|Chien-Pao, L50|100/100
|switch|p1b: Volcarona|Volcarona, L50, F|100/100
|-ability|p2b: Chien-Pao|Sword of Ruin
|turn|6
|
|t:|1750715507
|move|p1b: Volcarona|Rage Powder|p1b: Volcarona
|-singleturn|p1b: Volcarona|move: Rage Powder
|move|p2b: Chien-Pao|Crunch|p1b: Volcarona
|-damage|p1b: Volcarona|53/100
|-unboost|p1b: Volcarona|def|1
|-damage|p2b: Chien-Pao|84/100|[from] item: Rocky Helmet|[of] p1b: Volcarona
|move|p2a: Miraidon|Draco Meteor|p1b: Volcarona
|-damage|p1b: Volcarona|0 fnt
|-unboost|p2a: Miraidon|spa|2
|faint|p1b: Volcarona
|move|p1a: Groudon|Precipice Blades|p2a: Miraidon|[spread] p2a,p2b
|-damage|p2a: Miraidon|0 fnt
|-damage|p2b: Chien-Pao|0 fnt
|faint|p2a: Miraidon
|faint|p2b: Chien-Pao
|
|win|jerryoftheriver
|raw|jerryoftheriver's rating: 1285 &rarr; <strong>1308</strong><br />(+23 for winning)
|raw|sdb203's rating: 1260 &rarr; <strong>1237</strong><br />(-23 for losing)
|l|☆sdb203
|player|p2|
|l|☆jerryoftheriver
|player|p1|
