|j|☆im new smash me
|j|☆bithomer
|t:|1750824655
|gametype|doubles
|player|p1|im new smash me|170|1132
|player|p2|bithomer|cynthia-gen4|1183
|teamsize|p1|6
|teamsize|p2|6
|gen|9
|tier|[Gen 9] VGC 2025 Reg I
|rated|
|rule|Species Clause: Limit one of each Pokémon
|rule|Item Clause: Limit 1 of each item
|clearpoke
|poke|p1|Garchomp, L50, M|
|poke|p1|Murkrow, L50, M|
|poke|p1|Amoonguss, L50, F|
|poke|p1|Meowscarada, L50, M|
|poke|p1|Zacian-*, L50|
|poke|p1|Miraidon, L50|
|poke|p2|Kyogre, L50|
|poke|p2|Calyrex-Shadow, L50|
|poke|p2|Urshifu-*, L50, F|
|poke|p2|Tornadus, L50, M|
|poke|p2|Araquanid, L50, M|
|poke|p2|Ogerpon-Wellspring, L50, F|
|teampreview|4
|l|☆bithomer
|player|p2|
|j|☆bithomer
|player|p2|bithomer|cynthia-gen4|
|l|☆bithomer
|player|p2|
im new smash me has agreed to open team sheets.
|j|☆bithomer
|player|p2|bithomer|cynthia-gen4|
|inactive|Battle timer is ON: inactive players will automatically lose when time's up. (requested by im new smash me)
|
|t:|1750824676
|start
|switch|p1a: Miraidon|Miraidon, L50|100/100
|switch|p1b: Murkrow|Murkrow, L50, M|100/100
|switch|p2a: Urshifu|Urshifu-Rapid-Strike, L50, F|100/100
|switch|p2b: Tornadus|Tornadus, L50, M|100/100
|-fieldstart|move: Electric Terrain|[from] ability: Hadron Engine|[of] p1a: Miraidon
|turn|1
|c|☆im new smash me|glhf :)
|l|☆bithomer
|inactive|bithomer disconnected and has a minute to reconnect!
|player|p2|
|j|☆bithomer
|inactive|bithomer reconnected and has 45 seconds left.
|player|p2|bithomer|cynthia-gen4|
|
|t:|1750824694
|move|p2b: Tornadus|Tailwind|p2b: Tornadus
|-sidestart|p2: bithomer|move: Tailwind
|move|p1b: Murkrow|Tailwind|p1b: Murkrow
|-sidestart|p1: im new smash me|move: Tailwind
|move|p1a: Miraidon|Volt Switch|p2b: Tornadus
|-supereffective|p2b: Tornadus
|-damage|p2b: Tornadus|0 fnt
|faint|p2b: Tornadus
|l|☆bithomer
|inactive|bithomer disconnected and has a minute to reconnect!
|player|p2|
|
|t:|1750824702
|switch|p1a: Meowscarada|Meowscarada, L50, M|100/100|[from] Volt Switch
|move|p2a: Urshifu|Close Combat|p1a: Meowscarada
|-supereffective|p1a: Meowscarada
|-enditem|p1a: Meowscarada|Focus Sash
|-damage|p1a: Meowscarada|1/100
|-unboost|p2a: Urshifu|def|1
|-unboost|p2a: Urshifu|spd|1
|-damage|p2a: Urshifu|91/100|[from] item: Life Orb
|
|upkeep
|j|☆bithomer
|inactive|bithomer reconnected and has 50 seconds left.
|player|p2|bithomer|cynthia-gen4|
|
|t:|1750824715
|switch|p2b: Calyrex|Calyrex-Shadow, L50|100/100
|-ability|p2b: Calyrex|As One
|-ability|p2b: Calyrex|Unnerve
|turn|2
|l|☆bithomer
|inactive|bithomer disconnected and has a minute to reconnect!
|player|p2|
|j|☆bithomer
|inactive|bithomer reconnected.
|player|p2|bithomer|cynthia-gen4|
|
|t:|1750824733
|move|p1b: Murkrow|Protect|p1b: Murkrow
|-singleturn|p1b: Murkrow|Protect
|move|p2b: Calyrex|Astral Barrage|p1b: Murkrow|[spread] p1a
|-activate|p1b: Murkrow|move: Protect
|-resisted|p1a: Meowscarada
|-damage|p1a: Meowscarada|0 fnt
|faint|p1a: Meowscarada
|-ability|p2b: Calyrex|Grim Neigh|boost
|-boost|p2b: Calyrex|spa|1
|move|p2a: Urshifu|Surging Strikes|p1b: Murkrow
|-crit|p1b: Murkrow
|-damage|p1b: Murkrow|80/100
|-crit|p1b: Murkrow
|-damage|p1b: Murkrow|56/100
|-crit|p1b: Murkrow
|-damage|p1b: Murkrow|33/100
|-hitcount|p1b: Murkrow|3
|-damage|p2a: Urshifu|81/100|[from] item: Life Orb
|
|upkeep
|l|☆bithomer
|inactive|bithomer disconnected and has a minute to reconnect!
|player|p2|
|j|☆bithomer
|inactive|bithomer reconnected.
|player|p2|bithomer|cynthia-gen4|
|l|☆bithomer
|inactive|bithomer disconnected and has a minute to reconnect!
|player|p2|
|j|☆bithomer
|inactive|bithomer reconnected.
|player|p2|bithomer|cynthia-gen4|
|
|t:|1750824756
|switch|p1a: Miraidon|Miraidon, L50|100/100
|-activate|p1a: Miraidon|ability: Hadron Engine
|turn|3
|l|☆bithomer
|inactive|bithomer disconnected and has a minute to reconnect!
|player|p2|
|j|☆bithomer
|inactive|bithomer reconnected and has 45 seconds left.
|player|p2|bithomer|cynthia-gen4|
|
|t:|1750824770
|-terastallize|p1a: Miraidon|Fairy
|move|p2b: Calyrex|Protect|p2b: Calyrex
|-singleturn|p2b: Calyrex|Protect
|move|p1b: Murkrow|Haze|p1b: Murkrow
|-clearallboost
|move|p1a: Miraidon|Volt Switch|p2a: Urshifu
|-supereffective|p2a: Urshifu
|-damage|p2a: Urshifu|0 fnt
|faint|p2a: Urshifu
|l|☆bithomer
|inactive|bithomer disconnected and has a minute to reconnect!
|player|p2|
|
|t:|1750824780
|switch|p1a: Zacian|Zacian-Crowned, L50|100/100|[from] Volt Switch
|-ability|p1a: Zacian|Intrepid Sword|boost
|-boost|p1a: Zacian|atk|1
|
|upkeep
|j|☆bithomer
|inactive|bithomer reconnected and has 55 seconds left.
|player|p2|bithomer|cynthia-gen4|
|
|t:|1750824786
|switch|p2a: Kyogre|Kyogre, L50, shiny|100/100
|-weather|RainDance|[from] ability: Drizzle|[of] p2a: Kyogre
|turn|4
|l|☆bithomer
|inactive|bithomer disconnected and has a minute to reconnect!
|player|p2|
|j|☆bithomer
|inactive|bithomer reconnected and has 45 seconds left.
|player|p2|bithomer|cynthia-gen4|
|
|t:|1750824801
|move|p1b: Murkrow|Protect|p1b: Murkrow
|-singleturn|p1b: Murkrow|Protect
|move|p2b: Calyrex|Astral Barrage|p1a: Zacian|[spread] p1a
|-activate|p1b: Murkrow|move: Protect
|-damage|p1a: Zacian|55/100
|move|p1a: Zacian|Play Rough|p2b: Calyrex
|-damage|p2b: Calyrex|3/100
|move|p2a: Kyogre|Origin Pulse|p1a: Zacian|[spread] p1a
|-activate|p1b: Murkrow|move: Protect
|-damage|p1a: Zacian|0 fnt
|faint|p1a: Zacian
|
|-weather|RainDance|[upkeep]
|-sideend|p2: bithomer|move: Tailwind
|-sideend|p1: im new smash me|move: Tailwind
|upkeep
|l|☆bithomer
|inactive|bithomer disconnected and has a minute to reconnect!
|player|p2|
|
|t:|1750824818
|switch|p1a: Miraidon|Miraidon, L50, tera:Fairy|100/100
|-activate|p1a: Miraidon|ability: Hadron Engine
|turn|5
|j|☆bithomer
|inactive|bithomer reconnected and has 55 seconds left.
|player|p2|bithomer|cynthia-gen4|
|
|t:|1750824825
|-terastallize|p2a: Kyogre|Grass
|move|p2b: Calyrex|Protect|p2b: Calyrex
|-singleturn|p2b: Calyrex|Protect
|move|p1b: Murkrow|Tailwind|p1b: Murkrow
|-sidestart|p1: im new smash me|move: Tailwind
|move|p1a: Miraidon|Electro Drift|p2a: Kyogre
|-resisted|p2a: Kyogre
|-damage|p2a: Kyogre|44/100
|move|p2a: Kyogre|Water Spout|p1a: Miraidon|[spread] p1a,p1b
|-damage|p1a: Miraidon|56/100
|-damage|p1b: Murkrow|0 fnt
|faint|p1b: Murkrow
|
|-weather|RainDance|[upkeep]
|-fieldend|move: Electric Terrain
|upkeep
|turn|6
|l|☆bithomer
|inactive|bithomer disconnected and has a minute to reconnect!
|player|p2|
|j|☆bithomer
|inactive|bithomer reconnected and has 45 seconds left.
|player|p2|bithomer|cynthia-gen4|
|
|t:|1750824841
|move|p1a: Miraidon|Electro Drift|p2b: Calyrex
|-damage|p2b: Calyrex|0 fnt
|faint|p2b: Calyrex
|move|p2a: Kyogre|Origin Pulse|p1a: Miraidon
|-damage|p1a: Miraidon|0 fnt
|faint|p1a: Miraidon
|
|win|bithomer
|raw|im new smash me's rating: 1132 &rarr; <strong>1111</strong><br />(-21 for losing)
|raw|bithomer's rating: 1183 &rarr; <strong>1204</strong><br />(+21 for winning)
|l|☆bithomer
|player|p2|
|l|☆im new smash me
|player|p1|
|j|☆bithomer
|player|p2|bithomer|cynthia-gen4|
|l|☆bithomer
|player|p2|
|j|☆bithomer
|player|p2|bithomer|cynthia-gen4|
|l|☆bithomer
|player|p2|
