|j|☆Baseking0
|j|☆Nydira
|t:|1750856911
|gametype|doubles
|player|p1|Baseking0|alec-anime|1456
|player|p2|Nydira|fisher-gen8|1493
|teamsize|p1|6
|teamsize|p2|6
|gen|9
|tier|[Gen 9] VGC 2025 Reg I
|rated|
|rule|Species Clause: Limit one of each Pokémon
|rule|Item Clause: Limit 1 of each item
|clearpoke
|poke|p1|Calyrex-Ice, L50|
|poke|p1|Scraggy, L50, F|
|poke|p1|Miraidon, L50|
|poke|p1|Farigiraf, L50, F|
|poke|p1|Iron Treads, L50|
|poke|p1|Iron Hands, L50|
|poke|p2|Koraidon, L50|
|poke|p2|Incineroar, L50, M|
|poke|p2|Scovillain, L50, M|
|poke|p2|Lunala, L50|
|poke|p2|Ursaluna, L50, F|
|poke|p2|Indeedee-F, L50, F|
|teampreview|4
|inactive|Battle timer is ON: inactive players will automatically lose when time's up. (requested by Nydira)
|inactive|Nydira has 60 seconds left.
|inactive|Nydira has 30 seconds left.
|inactive|Nydira has 20 seconds left.
|inactive|Nydira has 15 seconds left.
|
|t:|1750856990
|start
|switch|p1a: Miraidon|Miraidon, L50|100/100
|switch|p1b: Farigiraf|Farigiraf, L50, F|100/100
|switch|p2a: Koraidon|Koraidon, L50|100/100
|switch|p2b: Scovillain|Scovillain, L50, M, shiny|100/100
|-weather|SunnyDay|[from] ability: Orichalcum Pulse|[of] p2a: Koraidon
|-activate|p2a: Koraidon|Orichalcum Pulse|[source]
|-fieldstart|move: Electric Terrain|[from] ability: Hadron Engine|[of] p1a: Miraidon
|-enditem|p1b: Farigiraf|Electric Seed
|-boost|p1b: Farigiraf|def|1|[from] item: Electric Seed
|turn|1
|inactive|Nydira has 30 seconds left.
|inactive|Nydira has 20 seconds left.
|inactive|Nydira has 15 seconds left.
|
|t:|1750857030
|-terastallize|p2a: Koraidon|Fire
|move|p2b: Scovillain|Rage Powder|p2b: Scovillain
|-singleturn|p2b: Scovillain|move: Rage Powder
|move|p2a: Koraidon|Flame Charge|p1b: Farigiraf
|-damage|p1b: Farigiraf|63/100
|-boost|p2a: Koraidon|spe|1
|move|p1a: Miraidon|Volt Switch|p2b: Scovillain
|-resisted|p2b: Scovillain
|-damage|p2b: Scovillain|9/100
|
|t:|1750857043
|switch|p1a: Calyrex|Calyrex-Ice, L50|100/100|[from] Volt Switch
|-ability|p1a: Calyrex|As One
|-ability|p1a: Calyrex|Unnerve
|move|p1b: Farigiraf|Trick Room|p1b: Farigiraf
|-fieldstart|move: Trick Room|[of] p1b: Farigiraf
|
|-weather|SunnyDay|[upkeep]
|upkeep
|turn|2
|inactive|Nydira has 30 seconds left.
|
|t:|1750857075
|switch|p2b: Lunala|Lunala, L50|100/100
|-terastallize|p1a: Calyrex|Fire
|move|p2a: Koraidon|Protect|p2a: Koraidon
|-singleturn|p2a: Koraidon|Protect
|move|p1a: Calyrex|Glacial Lance|p2a: Koraidon|[spread] p2b
|-activate|p2a: Koraidon|move: Protect
|-damage|p2b: Lunala|77/100
|move|p1b: Farigiraf|Psychic|p2a: Koraidon
|-activate|p2a: Koraidon|move: Protect
|
|-weather|SunnyDay|[upkeep]
|-heal|p2b: Lunala|83/100|[from] item: Leftovers
|upkeep
|turn|3
|
|t:|1750857091
|move|p1b: Farigiraf|Helping Hand|p1a: Calyrex
|-singleturn|p1a: Calyrex|Helping Hand|[of] p1b: Farigiraf
|move|p2b: Lunala|Wide Guard|p2b: Lunala
|-singleturn|p2b: Lunala|Wide Guard
|move|p1a: Calyrex|High Horsepower|p2a: Koraidon
|-supereffective|p2a: Koraidon
|-damage|p2a: Koraidon|0 fnt
|faint|p2a: Koraidon
|-ability|p1a: Calyrex|Chilling Neigh|boost
|-boost|p1a: Calyrex|atk|1
|
|-weather|SunnyDay|[upkeep]
|-heal|p2b: Lunala|89/100|[from] item: Leftovers
|upkeep
|
|t:|1750857094
|switch|p2a: Indeedee|Indeedee-F, L50, F|100/100
|-fieldstart|move: Psychic Terrain|[from] ability: Psychic Surge|[of] p2a: Indeedee
|-enditem|p2a: Indeedee|Psychic Seed
|-boost|p2a: Indeedee|spd|1|[from] item: Psychic Seed
|turn|4
|
|t:|1750857107
|move|p1b: Farigiraf|Helping Hand|p1a: Calyrex
|-singleturn|p1a: Calyrex|Helping Hand|[of] p1b: Farigiraf
|move|p1a: Calyrex|High Horsepower|p2b: Lunala
|-damage|p2b: Lunala|17/100
|move|p2a: Indeedee|Psychic|p1a: Calyrex
|-damage|p1a: Calyrex|74/100
|move|p2b: Lunala|Moongeist Beam|p1a: Calyrex
|-damage|p1a: Calyrex|41/100
|
|-weather|SunnyDay|[upkeep]
|-heal|p2b: Lunala|23/100|[from] item: Leftovers
|upkeep
|turn|5
|
|t:|1750857130
|move|p2b: Lunala|Wide Guard|p2b: Lunala
|-singleturn|p2b: Lunala|Wide Guard
|move|p2a: Indeedee|Psychic|p1a: Calyrex
|-damage|p1a: Calyrex|13/100
|move|p1a: Calyrex|Trick Room|p1a: Calyrex
|-fieldend|move: Trick Room
|move|p1b: Farigiraf|Trick Room|p1b: Farigiraf
|-fieldstart|move: Trick Room|[of] p1b: Farigiraf
|
|-weather|none
|-heal|p2b: Lunala|30/100|[from] item: Leftovers
|upkeep
|turn|6
|inactive|Baseking0 has 30 seconds left.
|
|t:|1750857160
|move|p2b: Lunala|Wide Guard|p2b: Lunala
|-singleturn|p2b: Lunala|Wide Guard
|move|p1a: Calyrex|High Horsepower|p2b: Lunala
|-damage|p2b: Lunala|0 fnt
|faint|p2b: Lunala
|-ability|p1a: Calyrex|Chilling Neigh|boost
|-boost|p1a: Calyrex|atk|1
|move|p1b: Farigiraf|Psychic|p2a: Indeedee
|-resisted|p2a: Indeedee
|-damage|p2a: Indeedee|88/100
|move|p2a: Indeedee|Psychic|p1a: Calyrex
|-damage|p1a: Calyrex|0 fnt
|faint|p1a: Calyrex
|
|upkeep
|
|t:|1750857175
|switch|p1a: Miraidon|Miraidon, L50|100/100
|switch|p2b: Scovillain|Scovillain, L50, M, shiny|9/100
|-fieldstart|move: Electric Terrain|[from] ability: Hadron Engine|[of] p1a: Miraidon
|turn|7
|-message|Nydira forfeited.
|
|win|Baseking0
|raw|Baseking0's rating: 1456 &rarr; <strong>1478</strong><br />(+22 for winning)
|raw|Nydira's rating: 1493 &rarr; <strong>1471</strong><br />(-22 for losing)
|l|☆Nydira
|player|p2|
|l|☆Baseking0
|player|p1|
