|j|☆quetio+
|j|☆danjvgc
|t:|1750768731
|gametype|doubles
|player|p1|quetio+|170|1293
|player|p2|danjvgc|byron|1392
|teamsize|p1|6
|teamsize|p2|6
|gen|9
|tier|[Gen 9] VGC 2025 Reg I
|rated|
|rule|Species Clause: Limit one of each Pokémon
|rule|Item Clause: Limit 1 of each item
|clearpoke
|poke|p1|Kingambit, L50, F|
|poke|p1|Calyrex-Ice, L50|
|poke|p1|Kyogre, L50|
|poke|p1|Landorus, L50, M|
|poke|p1|Urshifu-*, L50, F|
|poke|p1|Grimmsnarl, L50, M|
|poke|p2|Calyrex-Ice, L50|
|poke|p2|Miraidon, L50|
|poke|p2|Farigiraf, L50, F|
|poke|p2|Urshifu-*, L50, F|
|poke|p2|Landorus, L50, M|
|poke|p2|Incineroar, L50, M|
|teampreview|4
|
|t:|1750768776
|start
|switch|p1a: Kingambit|Kingambit, L50, F|100/100
|switch|p1b: Calyrex|Calyrex-Ice, L50|100/100
|switch|p2a: Miraidon|Miraidon, L50|100/100
|switch|p2b: Urshifu|Urshifu-Rapid-Strike, L50, F|100/100
|-ability|p1b: Calyrex|As One
|-ability|p1b: Calyrex|Unnerve
|-fieldstart|move: Electric Terrain|[from] ability: Hadron Engine|[of] p2a: Miraidon
|turn|1
|inactive|Battle timer is ON: inactive players will automatically lose when time's up. (requested by danjvgc)
|
|t:|1750768818
|-terastallize|p1a: Kingambit|Flying
|move|p1a: Kingambit|Sucker Punch|p2a: Miraidon
|-damage|p2a: Miraidon|56/100
|move|p2b: Urshifu|Surging Strikes|p1b: Calyrex
|-crit|p1b: Calyrex
|-damage|p1b: Calyrex|89/100
|-crit|p1b: Calyrex
|-damage|p1b: Calyrex|76/100
|-crit|p1b: Calyrex
|-damage|p1b: Calyrex|64/100
|-hitcount|p1b: Calyrex|3
|move|p2a: Miraidon|Electro Drift|p1b: Calyrex
|-damage|p1b: Calyrex|0 fnt
|faint|p1b: Calyrex
|
|upkeep
|
|t:|1750768834
|switch|p1b: Kyogre|Kyogre, L50|100/100
|-weather|RainDance|[from] ability: Drizzle|[of] p1b: Kyogre
|turn|2
|
|t:|1750768844
|move|p1a: Kingambit|Sucker Punch|p2a: Miraidon
|-damage|p2a: Miraidon|16/100
|move|p1b: Kyogre|Origin Pulse|p2a: Miraidon|[spread] p2a,p2b
|-resisted|p2a: Miraidon
|-resisted|p2b: Urshifu
|-damage|p2a: Miraidon|0 fnt
|-damage|p2b: Urshifu|55/100
|faint|p2a: Miraidon
|move|p2b: Urshifu|Surging Strikes|p1a: Kingambit
|-crit|p1a: Kingambit
|-damage|p1a: Kingambit|77/100
|-crit|p1a: Kingambit
|-damage|p1a: Kingambit|53/100
|-crit|p1a: Kingambit
|-damage|p1a: Kingambit|27/100
|-hitcount|p1a: Kingambit|3
|
|-weather|RainDance|[upkeep]
|upkeep
|
|t:|1750768854
|switch|p2a: Calyrex|Calyrex-Ice, L50|100/100
|-ability|p2a: Calyrex|As One
|-ability|p2a: Calyrex|Unnerve
|turn|3
|inactive|quetio+ has 30 seconds left.
|inactive|danjvgc has 30 seconds left.
|
|t:|1750768884
|-terastallize|p2a: Calyrex|Water
|move|p1a: Kingambit|Sucker Punch|p2a: Calyrex
|-damage|p2a: Calyrex|76/100
|move|p1b: Kyogre|Origin Pulse|p2a: Calyrex|[spread] p2a,p2b
|-resisted|p2a: Calyrex
|-resisted|p2b: Urshifu
|-damage|p2a: Calyrex|54/100
|-damage|p2b: Urshifu|4/100
|move|p2b: Urshifu|Surging Strikes|p1b: Kyogre
|-resisted|p1b: Kyogre
|-crit|p1b: Kyogre
|-damage|p1b: Kyogre|83/100
|-resisted|p1b: Kyogre
|-crit|p1b: Kyogre
|-damage|p1b: Kyogre|66/100
|-resisted|p1b: Kyogre
|-crit|p1b: Kyogre
|-damage|p1b: Kyogre|47/100
|-hitcount|p1b: Kyogre|3
|move|p2a: Calyrex|Glacial Lance|p1b: Kyogre|[spread] p1a,p1b
|-supereffective|p1a: Kingambit
|-crit|p1a: Kingambit
|-resisted|p1b: Kyogre
|-damage|p1a: Kingambit|0 fnt
|-damage|p1b: Kyogre|17/100
|faint|p1a: Kingambit
|-ability|p2a: Calyrex|Chilling Neigh|boost
|-boost|p2a: Calyrex|atk|1
|
|-weather|RainDance|[upkeep]
|upkeep
|
|t:|1750768905
|switch|p1a: Urshifu|Urshifu-Rapid-Strike, L50, F|100/100
|turn|4
|
|t:|1750768913
|switch|p2b: Incineroar|Incineroar, L50, M|100/100
|-ability|p2b: Incineroar|Intimidate|boost
|-unboost|p1a: Urshifu|atk|1
|-unboost|p1b: Kyogre|atk|1
|move|p1b: Kyogre|Origin Pulse|p2a: Calyrex|[spread] p2a,p2b
|-resisted|p2a: Calyrex
|-supereffective|p2b: Incineroar
|-damage|p2a: Calyrex|29/100
|-damage|p2b: Incineroar|7/100
|move|p1a: Urshifu|Close Combat|p2a: Calyrex
|-damage|p2a: Calyrex|6/100
|-unboost|p1a: Urshifu|def|1
|-unboost|p1a: Urshifu|spd|1
|move|p2a: Calyrex|Glacial Lance|p1b: Kyogre|[spread] p1a,p1b
|-resisted|p1a: Urshifu
|-resisted|p1b: Kyogre
|-damage|p1a: Urshifu|35/100
|-damage|p1b: Kyogre|0 fnt
|faint|p1b: Kyogre
|-ability|p2a: Calyrex|Chilling Neigh|boost
|-boost|p2a: Calyrex|atk|1
|
|-weather|RainDance|[upkeep]
|upkeep
|turn|5
|
|t:|1750768933
|move|p1a: Urshifu|Detect|p1a: Urshifu
|-singleturn|p1a: Urshifu|Protect
|move|p2b: Incineroar|Fake Out|p1a: Urshifu
|-activate|p1a: Urshifu|move: Protect
|move|p2a: Calyrex|Trick Room|p2a: Calyrex
|-fieldstart|move: Trick Room|[of] p2a: Calyrex
|
|-weather|RainDance|[upkeep]
|-fieldend|move: Electric Terrain
|upkeep
|turn|6
|
|t:|1750768943
|move|p1a: Urshifu|Aqua Jet|p2a: Calyrex
|-resisted|p2a: Calyrex
|-damage|p2a: Calyrex|0 fnt
|faint|p2a: Calyrex
|move|p2b: Incineroar|Flare Blitz|p1a: Urshifu
|-resisted|p1a: Urshifu
|-damage|p1a: Urshifu|18/100
|-damage|p2b: Incineroar|2/100|[from] Recoil
|
|-weather|none
|upkeep
|
|t:|1750768946
|switch|p2a: Urshifu|Urshifu-Rapid-Strike, L50, F|4/100
|turn|7
|
|t:|1750768955
|move|p1a: Urshifu|Aqua Jet|p2a: Urshifu
|-resisted|p2a: Urshifu
|-crit|p2a: Urshifu
|-damage|p2a: Urshifu|0 fnt
|faint|p2a: Urshifu
|move|p2b: Incineroar|Knock Off|p1a: Urshifu
|-resisted|p1a: Urshifu
|-damage|p1a: Urshifu|0 fnt
|-enditem|p1a: Urshifu|Focus Sash|[from] move: Knock Off|[of] p2b: Incineroar
|faint|p1a: Urshifu
|
|win|danjvgc
|raw|quetio+'s rating: 1293 &rarr; <strong>1275</strong><br />(-18 for losing)
|raw|danjvgc's rating: 1392 &rarr; <strong>1406</strong><br />(+14 for winning)
