|j|☆Mage26
|j|☆ddy999
|t:|1750727834
|gametype|doubles
|player|p1|Mage26|2|1589
|player|p2|ddy999|266|1540
|teamsize|p1|6
|teamsize|p2|6
|gen|9
|tier|[Gen 9] VGC 2025 Reg I
|rated|
|rule|Species Clause: Limit one of each Pokémon
|rule|Item Clause: Limit 1 of each item
|clearpoke
|poke|p1|Calyrex-Shadow, L50|
|poke|p1|Terapagos, L50, M|
|poke|p1|Iron Hands, L50|
|poke|p1|Chi-Yu, L50|
|poke|p1|Smeargle, L50, F|
|poke|p1|Whimsicott, L50, M|
|poke|p2|Dragonite, L50, M|
|poke|p2|Calyrex-Shadow, L50|
|poke|p2|Chien-Pao, L50|
|poke|p2|Zamazenta-*, L50|
|poke|p2|Ting-Lu, L50|
|poke|p2|Rillaboom, L50, M|
|teampreview|4
|
|t:|1750727873
|start
|switch|p1a: Chi-Yu|Chi-Yu, L50|100/100
|switch|p1b: Calyrex|Calyrex-Shadow, L50|100/100
|switch|p2a: Dragonite|Dragonite, L50, M|100/100
|switch|p2b: Calyrex|Calyrex-Shadow, L50|100/100
|-ability|p1b: Calyrex|As One
|-ability|p1b: Calyrex|Unnerve
|-ability|p2b: Calyrex|As One
|-ability|p2b: Calyrex|Unnerve
|-ability|p1a: Chi-Yu|Beads of Ruin
|turn|1
|
|t:|1750727935
|-terastallize|p2a: Dragonite|Normal
|move|p1b: Calyrex|Protect|p1b: Calyrex
|-singleturn|p1b: Calyrex|Protect
|move|p2a: Dragonite|Extreme Speed|p1a: Chi-Yu
|-damage|p1a: Chi-Yu|0 fnt
|faint|p1a: Chi-Yu
|move|p2b: Calyrex|Astral Barrage|p1b: Calyrex
|-activate|p1b: Calyrex|move: Protect
|
|upkeep
|
|t:|1750727949
|switch|p1a: Iron Hands|Iron Hands, L50|100/100
|turn|2
|
|t:|1750727963
|switch|p1b: Terapagos|Terapagos, L50, M|100/100
|-activate|p1b: Terapagos|ability: Tera Shift
|detailschange|p1b: Terapagos|Terapagos-Terastal, L50, M
|-heal|p1b: Terapagos|100/100|[silent]
|move|p2a: Dragonite|Extreme Speed|p1a: Iron Hands
|-damage|p1a: Iron Hands|53/100
|move|p2b: Calyrex|Astral Barrage|p1b: Terapagos|[spread] p1a
|-immune|p1b: Terapagos
|-damage|p1a: Iron Hands|21/100
|move|p1a: Iron Hands|Low Kick|p2a: Dragonite
|-supereffective|p2a: Dragonite
|-damage|p2a: Dragonite|0 fnt
|faint|p2a: Dragonite
|
|upkeep
|j| mistball2
|
|t:|1750727987
|switch|p2a: Chien-Pao|Chien-Pao, L50|100/100
|-ability|p2a: Chien-Pao|Sword of Ruin
|turn|3
|
|t:|1750728002
|-terastallize|p1b: Terapagos|Stellar
|detailschange|p1b: Terapagos|Terapagos-Stellar, L50, M, tera:Stellar
|-heal|p1b: Terapagos|100/100|[silent]
|move|p2b: Calyrex|Psychic|p1a: Iron Hands
|-supereffective|p1a: Iron Hands
|-damage|p1a: Iron Hands|0 fnt
|faint|p1a: Iron Hands
|-end|p1a: Iron Hands|Quark Drive|[silent]
|-ability|p2b: Calyrex|Grim Neigh|boost
|-boost|p2b: Calyrex|spa|1
|move|p2a: Chien-Pao|Throat Chop|p1b: Terapagos
|-damage|p1b: Terapagos|54/100
|-start|p1b: Terapagos|Throat Chop|[silent]
|-damage|p2a: Chien-Pao|91/100|[from] item: Life Orb
|move|p1b: Terapagos|Tera Starstorm|p2b: Calyrex|[spread] p2a,p2b
|-damage|p2a: Chien-Pao|0 fnt
|-damage|p2b: Calyrex|36/100
|faint|p2a: Chien-Pao
|
|upkeep
|
|t:|1750728018
|switch|p2a: Zamazenta|Zamazenta-Crowned, L50|100/100
|switch|p1a: Calyrex|Calyrex-Shadow, L50|100/100
|-ability|p1a: Calyrex|As One
|-ability|p1a: Calyrex|Unnerve
|-ability|p2a: Zamazenta|Dauntless Shield|boost
|-boost|p2a: Zamazenta|def|1
|turn|4
|
|t:|1750728034
|move|p1a: Calyrex|Protect|p1a: Calyrex
|-singleturn|p1a: Calyrex|Protect
|move|p2b: Calyrex|Astral Barrage|p1b: Terapagos|[spread] 
|-activate|p1a: Calyrex|move: Protect
|-immune|p1b: Terapagos
|move|p2a: Zamazenta|Body Press|p1b: Terapagos
|-supereffective|p1b: Terapagos
|-damage|p1b: Terapagos|0 fnt
|faint|p1b: Terapagos
|detailschange|p1: Terapagos|Terapagos, L50, M|[silent]
|
|upkeep
|turn|5
|
|t:|1750728049
|move|p2a: Zamazenta|Wide Guard|p2a: Zamazenta
|-singleturn|p2a: Zamazenta|Wide Guard
|move|p1a: Calyrex|Psychic|p2b: Calyrex
|-resisted|p2b: Calyrex
|-damage|p2b: Calyrex|0 fnt
|faint|p2b: Calyrex
|-ability|p1a: Calyrex|Grim Neigh|boost
|-boost|p1a: Calyrex|spa|1
|-damage|p1a: Calyrex|91/100|[from] item: Life Orb
|
|upkeep
|turn|6
|-message|ddy999 forfeited.
|
|win|Mage26
|raw|Mage26's rating: 1589 &rarr; <strong>1606</strong><br />(+17 for winning)
|raw|ddy999's rating: 1540 &rarr; <strong>1523</strong><br />(-17 for losing)
|l|☆ddy999
|player|p2|
|l|☆Mage26
|player|p1|
