|j|☆XxGennaroBullo
|j|☆napless
|t:|1750844787
|gametype|doubles
|player|p1|XxGennaroBullo|youngster-gen4dp|1232
|player|p2|napless|2|1321
|teamsize|p1|6
|teamsize|p2|6
|gen|9
|tier|[Gen 9] VGC 2025 Reg I
|rated|
|rule|Species Clause: Limit one of each Pokémon
|rule|Item Clause: Limit 1 of each item
|clearpoke
|poke|p1|Miraidon, L50|
|poke|p1|Calyrex-Shadow, L50|
|poke|p1|Urshifu-*, L50, F|
|poke|p1|Incineroar, L50, F|
|poke|p1|Whimsicott, L50, F|
|poke|p1|Bastiodon, L50, F|
|poke|p2|Lugia, L50|
|poke|p2|Ho-Oh, L50|
|poke|p2|Breloom, L50, F|
|poke|p2|Incineroar, L50, M|
|poke|p2|Rhydon, L50, M|
|poke|p2|Indeedee-F, L50, F|
|teampreview|4
|inactive|Battle timer is ON: inactive players will automatically lose when time's up. (requested by XxGennaroBullo)
|inactive|XxGennaroBullo has 60 seconds left.
|
|t:|1750844819
|start
|switch|p1a: Whimsicott|Whimsicott, L50, F|100/100
|switch|p1b: Urshifu|Urshifu-Rapid-Strike, L50, F|100/100
|switch|p2a: Lugia|Lugia, L50|100/100
|switch|p2b: Indeedee|Indeedee-F, L50, F|100/100
|-fieldstart|move: Psychic Terrain|[from] ability: Psychic Surge|[of] p2b: Indeedee
|-enditem|p2b: Indeedee|Psychic Seed
|-boost|p2b: Indeedee|spd|1|[from] item: Psychic Seed
|turn|1
|c|☆napless|di dove sei?
|inactive|XxGennaroBullo has 30 seconds left.
|
|t:|1750844846
|move|p2b: Indeedee|Follow Me|p2b: Indeedee
|-singleturn|p2b: Indeedee|move: Follow Me
|move|p1a: Whimsicott|Tailwind|p1a: Whimsicott
|-sidestart|p1: XxGennaroBullo|move: Tailwind
|move|p1b: Urshifu|Surging Strikes|p2b: Indeedee
|-crit|p2b: Indeedee
|-damage|p2b: Indeedee|72/100
|-crit|p2b: Indeedee
|-damage|p2b: Indeedee|45/100
|-crit|p2b: Indeedee
|-damage|p2b: Indeedee|18/100
|-hitcount|p2b: Indeedee|3
|move|p2a: Lugia|Calm Mind|p2a: Lugia
|-boost|p2a: Lugia|spa|1
|-boost|p2a: Lugia|spd|1
|
|upkeep
|turn|2
|inactive|napless has 30 seconds left.
|
|t:|1750844880
|move|p1a: Whimsicott|Encore|p2a: Lugia
|-start|p2a: Lugia|Encore
|move|p1b: Urshifu|Surging Strikes|p2b: Indeedee
|-crit|p2b: Indeedee
|-damage|p2b: Indeedee|0 fnt
|faint|p2b: Indeedee
|-hitcount|p2: Indeedee|1
|move|p2a: Lugia|Calm Mind|p2a: Lugia
|-boost|p2a: Lugia|spa|1
|-boost|p2a: Lugia|spd|1
|
|upkeep
|
|t:|1750844889
|switch|p2b: Breloom|Breloom, L50, F|100/100
|turn|3
|
|t:|1750844900
|move|p1a: Whimsicott|Moonblast|p2b: Breloom
|-supereffective|p2b: Breloom
|-damage|p2b: Breloom|1/100
|move|p1b: Urshifu|Taunt|p2a: Lugia
|-start|p2a: Lugia|move: Taunt
|cant|p2a: Lugia|move: Taunt|Calm Mind
|move|p2b: Breloom|Seed Bomb|p1b: Urshifu
|-supereffective|p1b: Urshifu
|-crit|p1b: Urshifu
|-damage|p1b: Urshifu|0 fnt
|faint|p1b: Urshifu
|
|upkeep
|
|t:|1750844910
|switch|p1b: Calyrex|Calyrex-Shadow, L50|100/100
|-ability|p1b: Calyrex|As One
|-ability|p1b: Calyrex|Unnerve
|turn|4
|c|☆napless|perchè non posso terare porcodio
|inactive|napless has 30 seconds left.
|c|☆napless|dai non fare astral ti prego
|c|☆XxGennaroBullo|va bene capo
|inactive|napless has 20 seconds left.
|inactive|napless has 15 seconds left.
|inactive|napless has 10 seconds left.
|inactive|napless has 5 seconds left.
|
|t:|1750844961
|move|p2b: Breloom|Protect|p2b: Breloom
|-singleturn|p2b: Breloom|Protect
|move|p1a: Whimsicott|Fake Tears|p2a: Lugia
|-unboost|p2a: Lugia|spd|2
|move|p1b: Calyrex|Pollen Puff|p2a: Lugia
|-damage|p2a: Lugia|86/100
|-damage|p1b: Calyrex|91/100|[from] item: Life Orb
|-activate|p2a: Lugia|move: Struggle
|move|p2a: Lugia|Struggle|p1b: Calyrex
|-damage|p1b: Calyrex|81/100
|-damage|p2a: Lugia|62/100|[from] recoil
|
|-heal|p2a: Lugia|68/100|[from] item: Leftovers
|-end|p2a: Lugia|Encore
|-sideend|p1: XxGennaroBullo|move: Tailwind
|upkeep
|turn|5
|c|☆napless|grazie tvb
|inactive|XxGennaroBullo has 30 seconds left.
|inactive|napless has 30 seconds left.
|c|☆XxGennaroBullo|<3
|inactive|napless has 20 seconds left.
|inactive|napless has 15 seconds left.
|inactive|napless has 10 seconds left.
|
|t:|1750845010
|-terastallize|p2a: Lugia|Normal
|move|p1b: Calyrex|Psychic|p2b: Breloom
|-supereffective|p2b: Breloom
|-damage|p2b: Breloom|0 fnt
|faint|p2b: Breloom
|-ability|p1b: Calyrex|Grim Neigh|boost
|-boost|p1b: Calyrex|spa|1
|-damage|p1b: Calyrex|71/100|[from] item: Life Orb
|move|p1a: Whimsicott|Moonblast|p2a: Lugia
|-damage|p2a: Lugia|53/100
|-unboost|p2a: Lugia|spa|1
|move|p2a: Lugia|Aeroblast|p1b: Calyrex
|-damage|p1b: Calyrex|12/100
|
|-heal|p2a: Lugia|59/100|[from] item: Leftovers
|-end|p2a: Lugia|move: Taunt
|-fieldend|move: Psychic Terrain
|upkeep
|
|t:|1750845025
|switch|p2b: Rhydon|Rhydon, L50, M|100/100
|turn|6
|
|t:|1750845039
|move|p1b: Calyrex|Protect|p1b: Calyrex
|-singleturn|p1b: Calyrex|Protect
|move|p1a: Whimsicott|Tailwind|p1a: Whimsicott
|-sidestart|p1: XxGennaroBullo|move: Tailwind
|move|p2a: Lugia|Aeroblast|p1a: Whimsicott
|-supereffective|p1a: Whimsicott
|-damage|p1a: Whimsicott|0 fnt
|faint|p1a: Whimsicott
|move|p2b: Rhydon|Icy Wind|p1b: Calyrex
|-activate|p1b: Calyrex|move: Protect
|
|-heal|p2a: Lugia|65/100|[from] item: Leftovers
|upkeep
|
|t:|1750845048
|switch|p1a: Miraidon|Miraidon, L50|100/100
|-fieldstart|move: Electric Terrain|[from] ability: Hadron Engine|[of] p1a: Miraidon
|turn|7
|inactive|XxGennaroBullo has 30 seconds left.
|
|t:|1750845075
|-terastallize|p1a: Miraidon|Fairy
|move|p2a: Lugia|Protect|p2a: Lugia
|-singleturn|p2a: Lugia|Protect
|move|p2b: Rhydon|Protect|p2b: Rhydon
|-singleturn|p2b: Rhydon|Protect
|move|p1b: Calyrex|Psychic|p2a: Lugia
|-activate|p2a: Lugia|move: Protect
|move|p1a: Miraidon|Dazzling Gleam|p2a: Lugia|[spread] 
|-activate|p2a: Lugia|move: Protect
|-activate|p2b: Rhydon|move: Protect
|
|-heal|p2a: Lugia|71/100|[from] item: Leftovers
|upkeep
|turn|8
|inactive|napless has 30 seconds left.
|inactive|napless has 20 seconds left.
|
|t:|1750845114
|move|p1b: Calyrex|Psychic|p2a: Lugia
|-damage|p2a: Lugia|6/100
|-damage|p1b: Calyrex|3/100|[from] item: Life Orb
|move|p1a: Miraidon|Dazzling Gleam|p2b: Rhydon|[spread] p2a,p2b
|-damage|p2a: Lugia|0 fnt
|-damage|p2b: Rhydon|48/100
|faint|p2a: Lugia
|move|p2b: Rhydon|Icy Wind|p1b: Calyrex|[spread] p1a,p1b
|-damage|p1a: Miraidon|97/100
|-damage|p1b: Calyrex|0 fnt
|-unboost|p1a: Miraidon|spe|1
|faint|p1b: Calyrex
|
|upkeep
|turn|9
|c|☆napless|gg
|c|☆XxGennaroBullo|gg amico
|
|t:|1750845138
|move|p1a: Miraidon|Dazzling Gleam|p2b: Rhydon
|-damage|p2b: Rhydon|0 fnt
|faint|p2b: Rhydon
|
|win|XxGennaroBullo
|raw|XxGennaroBullo's rating: 1232 &rarr; <strong>1263</strong><br />(+31 for winning)
|raw|napless's rating: 1321 &rarr; <strong>1296</strong><br />(-25 for losing)
|l|☆napless
|player|p2|
|l|☆XxGennaroBullo
|player|p1|
