|j|☆Esh009
|j|☆mincarretta
|t:|1750770301
|gametype|doubles
|player|p1|Esh009|bruno|1261
|player|p2|mincarretta|266|1293
|teamsize|p1|6
|teamsize|p2|6
|gen|9
|tier|[Gen 9] VGC 2025 Reg I
|rated|
|rule|Species Clause: Limit one of each Pokémon
|rule|Item Clause: Limit 1 of each item
|clearpoke
|poke|p1|Calyrex-Shadow, L50|
|poke|p1|Terapagos, L50, M|
|poke|p1|Rillaboom, L50, M|
|poke|p1|Incineroar, L50, M|
|poke|p1|Urshifu-*, L50, M|
|poke|p1|Ogerpon-Cornerstone, L50, F|
|poke|p2|Kyurem-White, L50|
|poke|p2|Calyrex-Ice, L50|
|poke|p2|Sandslash-Alola, L50, M|
|poke|p2|Chien-Pao, L50|
|poke|p2|Ninetales-Alola, L50, F|
|poke|p2|Avalugg-Hisui, L50, F|
|teampreview|4
|inactive|Battle timer is ON: inactive players will automatically lose when time's up. (requested by mincarretta)
|inactive|Esh009 has 60 seconds left.
|inactive|mincarretta has 60 seconds left.
|
|t:|1750770351
|start
|switch|p1a: Incineroar|Incineroar, L50, M|100/100
|switch|p1b: Terapagos|Terapagos, L50, M|100/100
|switch|p2a: Calyrex|Calyrex-Ice, L50|100/100
|switch|p2b: Ninetales|Ninetales-Alola, L50, F|100/100
|-activate|p1b: Terapagos|ability: Tera Shift
|detailschange|p1b: Terapagos|Terapagos-Terastal, L50, M
|-heal|p1b: Terapagos|100/100|[silent]
|-ability|p2a: Calyrex|As One
|-ability|p2a: Calyrex|Unnerve
|-weather|Snowscape|[from] ability: Snow Warning|[of] p2b: Ninetales
|-ability|p1a: Incineroar|Intimidate|boost
|-unboost|p2a: Calyrex|atk|1
|-unboost|p2b: Ninetales|atk|1
|turn|1
|inactive|Esh009 has 30 seconds left.
|inactive|mincarretta has 30 seconds left.
|inactive|Esh009 has 20 seconds left.
|inactive|mincarretta has 20 seconds left.
|inactive|Esh009 has 15 seconds left.
|
|t:|1750770392
|move|p1a: Incineroar|Fake Out|p2b: Ninetales
|-damage|p2b: Ninetales|91/100
|cant|p2b: Ninetales|flinch
|move|p1b: Terapagos|Calm Mind|p1b: Terapagos
|-boost|p1b: Terapagos|spa|1
|-boost|p1b: Terapagos|spd|1
|move|p2a: Calyrex|Leech Seed|p1b: Terapagos
|-start|p1b: Terapagos|move: Leech Seed
|
|-weather|Snowscape|[upkeep]
|-damage|p1b: Terapagos|88/100|[from] Leech Seed|[of] p2a: Calyrex
|upkeep
|turn|2
|inactive|Esh009 has 30 seconds left.
|inactive|Esh009 has 20 seconds left.
|inactive|Esh009 has 15 seconds left.
|
|t:|1750770436
|-terastallize|p1b: Terapagos|Stellar
|detailschange|p1b: Terapagos|Terapagos-Stellar, L50, M, tera:Stellar
|-heal|p1b: Terapagos|91/100|[silent]
|-ability|p1b: Terapagos|Teraform Zero
|-weather|none
|move|p2b: Ninetales|Aurora Veil||[still]
|-fail|p2b: Ninetales
|move|p1b: Terapagos|Tera Starstorm|p2b: Ninetales|[spread] p2a,p2b
|-damage|p2a: Calyrex|66/100
|-damage|p2b: Ninetales|34/100
|move|p1a: Incineroar|Flare Blitz|p2a: Calyrex
|-supereffective|p2a: Calyrex
|-damage|p2a: Calyrex|4/100
|-enditem|p2a: Calyrex|Weakness Policy
|-boost|p2a: Calyrex|atk|2|[from] item: Weakness Policy
|-boost|p2a: Calyrex|spa|2|[from] item: Weakness Policy
|-damage|p1a: Incineroar|79/100|[from] Recoil
|move|p2a: Calyrex|Glacial Lance|p1b: Terapagos|[spread] p1a,p1b
|-resisted|p1a: Incineroar
|-damage|p1a: Incineroar|44/100
|-damage|p1b: Terapagos|45/100
|
|-heal|p1b: Terapagos|51/100|[from] item: Leftovers
|-damage|p1b: Terapagos|39/100|[from] Leech Seed|[of] p2a: Calyrex
|-heal|p2a: Calyrex|20/100|[silent]
|upkeep
|turn|3
|inactive|Esh009 has 30 seconds left.
|inactive|mincarretta has 30 seconds left.
|inactive|Esh009 has 20 seconds left.
|inactive|Esh009 has 15 seconds left.
|inactive|Esh009 has 10 seconds left.
|inactive|Esh009 has 5 seconds left.
|
|t:|1750770489
|move|p2a: Calyrex|Protect|p2a: Calyrex
|-singleturn|p2a: Calyrex|Protect
|move|p2b: Ninetales|Freeze-Dry|p1b: Terapagos
|-damage|p1b: Terapagos|30/100
|move|p1b: Terapagos|Tera Starstorm|p2a: Calyrex|[spread] p2b
|-activate|p2a: Calyrex|move: Protect
|-damage|p2b: Ninetales|0 fnt
|faint|p2b: Ninetales
|move|p1a: Incineroar|Parting Shot|p2a: Calyrex
|-activate|p2a: Calyrex|move: Protect
|
|-heal|p1b: Terapagos|36/100|[from] item: Leftovers
|-damage|p1b: Terapagos|23/100|[from] Leech Seed|[of] p2a: Calyrex
|-heal|p2a: Calyrex|36/100|[silent]
|upkeep
|
|t:|1750770509
|switch|p2b: Kyurem|Kyurem-White, L50|100/100
|-ability|p2b: Kyurem|Turboblaze
|turn|4
|
|t:|1750770530
|switch|p1b: Urshifu|Urshifu-Rapid-Strike, L50, M|100/100
|switch|p2a: Sandslash|Sandslash-Alola, L50, M|100/100
|move|p2b: Kyurem|Blizzard|p1b: Urshifu|[spread] p1a,p1b
|-resisted|p1a: Incineroar
|-resisted|p1b: Urshifu
|-damage|p1a: Incineroar|20/100
|-damage|p1b: Urshifu|63/100
|move|p1a: Incineroar|Flare Blitz|p2a: Sandslash
|-supereffective|p2a: Sandslash
|-damage|p2a: Sandslash|0 fnt
|faint|p2a: Sandslash
|-damage|p1a: Incineroar|0 fnt|[from] Recoil
|faint|p1a: Incineroar
|
|upkeep
|
|t:|1750770546
|switch|p2a: Calyrex|Calyrex-Ice, L50|36/100
|switch|p1a: Calyrex|Calyrex-Shadow, L50|100/100
|-ability|p1a: Calyrex|As One
|-ability|p1a: Calyrex|Unnerve
|-ability|p2a: Calyrex|As One
|-ability|p2a: Calyrex|Unnerve
|turn|5
|inactive|Esh009 has 30 seconds left.
|inactive|mincarretta has 30 seconds left.
|inactive|Esh009 has 20 seconds left.
|inactive|Esh009 has 15 seconds left.
|inactive|Esh009 has 10 seconds left.
|inactive|Esh009 has 5 seconds left.
|
|t:|1750770598
|move|p1a: Calyrex|Protect|p1a: Calyrex
|-singleturn|p1a: Calyrex|Protect
|move|p1b: Urshifu|U-turn|p2a: Calyrex
|-supereffective|p2a: Calyrex
|-crit|p2a: Calyrex
|-damage|p2a: Calyrex|0 fnt
|faint|p2a: Calyrex
|
|t:|1750770604
|switch|p1b: Terapagos|Terapagos-Stellar, L50, M, tera:Stellar|23/100|[from] U-turn
|move|p2b: Kyurem|Blizzard|p1b: Terapagos|[spread] p1b
|-activate|p1a: Calyrex|move: Protect
|-crit|p1b: Terapagos
|-damage|p1b: Terapagos|0 fnt
|faint|p1b: Terapagos
|detailschange|p1: Terapagos|Terapagos, L50, M|[silent]
|
|upkeep
|
|t:|1750770612
|switch|p1b: Urshifu|Urshifu-Rapid-Strike, L50, M|63/100
|turn|6
|inactive|Esh009 has 30 seconds left.
|
|t:|1750770641
|-terastallize|p2b: Kyurem|Ground
|move|p1b: Urshifu|Close Combat|p2b: Kyurem
|-damage|p2b: Kyurem|51/100
|-unboost|p1b: Urshifu|def|1
|-unboost|p1b: Urshifu|spd|1
|move|p1a: Calyrex|Astral Barrage|p2b: Kyurem
|-damage|p2b: Kyurem|6/100
|-damage|p1a: Calyrex|91/100|[from] item: Life Orb
|move|p2b: Kyurem|Freeze-Dry|p1b: Urshifu
|-supereffective|p1b: Urshifu
|-damage|p1b: Urshifu|0 fnt
|faint|p1b: Urshifu
|
|upkeep
|turn|7
|-message|mincarretta forfeited.
|
|win|Esh009
|raw|Esh009's rating: 1261 &rarr; <strong>1288</strong><br />(+27 for winning)
|raw|mincarretta's rating: 1293 &rarr; <strong>1266</strong><br />(-27 for losing)
|l|☆mincarretta
|player|p2|
|l|☆Esh009
|player|p1|
