|j|☆Cloud Uwu
|j|☆puppy moon
|t:|1750871168
|gametype|doubles
|player|p1|Cloud Uwu|parasollady|1318
|player|p2|puppy moon|101|1207
|teamsize|p1|6
|teamsize|p2|6
|gen|9
|tier|[Gen 9] VGC 2025 Reg I
|rated|
|rule|Species Clause: Limit one of each Pokémon
|rule|Item Clause: Limit 1 of each item
|clearpoke
|poke|p1|Terapagos, L50, M|
|poke|p1|Kyogre, L50|
|poke|p1|Tsareena, L50, F|
|poke|p1|Talonflame, L50, F|
|poke|p1|Clefairy, L50, F|
|poke|p1|Smeargle, L50, F|
|poke|p2|Koraidon, L50|
|poke|p2|Terapagos, L50, M|
|poke|p2|Flutter Mane, L50|
|poke|p2|Rillaboom, L50, F|
|poke|p2|Incineroar, L50, M|
|poke|p2|Volcarona, L50, F|
|teampreview|4
|inactive|Battle timer is ON: inactive players will automatically lose when time's up. (requested by puppy moon)
|
|t:|1750871185
|start
|switch|p1a: Paige|Terapagos, L50, M|100/100
|switch|p1b: Frida|Smeargle, L50, F, shiny|100/100
|switch|p2a: Terapagos|Terapagos, L50, M|100/100
|switch|p2b: Rillaboom|Rillaboom, L50, F|100/100
|-activate|p2a: Terapagos|ability: Tera Shift
|detailschange|p2a: Terapagos|Terapagos-Terastal, L50, M
|-heal|p2a: Terapagos|100/100|[silent]
|-activate|p1a: Paige|ability: Tera Shift
|detailschange|p1a: Paige|Terapagos-Terastal, L50, M
|-heal|p1a: Paige|100/100|[silent]
|-fieldstart|move: Grassy Terrain|[from] ability: Grassy Surge|[of] p2b: Rillaboom
|turn|1
|
|t:|1750871204
|switch|p1b: Reneé|Tsareena, L50, F, shiny|100/100
|move|p2b: Rillaboom|Fake Out||[still]
|cant|p1b: Reneé|ability: Queenly Majesty|Fake Out|[of] p2b: Rillaboom
|move|p2a: Terapagos|Calm Mind|p2a: Terapagos
|-boost|p2a: Terapagos|spa|1
|-boost|p2a: Terapagos|spd|1
|move|p1a: Paige|Calm Mind|p1a: Paige
|-boost|p1a: Paige|spa|1
|-boost|p1a: Paige|spd|1
|
|upkeep
|turn|2
|
|t:|1750871227
|-terastallize|p1a: Paige|Stellar
|detailschange|p1a: Paige|Terapagos-Stellar, L50, M, tera:Stellar
|-heal|p1a: Paige|100/100|[silent]
|-ability|p1a: Paige|Teraform Zero
|-fieldend|move: Grassy Terrain
|move|p2a: Terapagos|Protect|p2a: Terapagos
|-singleturn|p2a: Terapagos|Protect
|move|p1b: Reneé|Triple Axel|p2b: Rillaboom
|-supereffective|p2b: Rillaboom
|-damage|p2b: Rillaboom|86/100
|-supereffective|p2b: Rillaboom
|-damage|p2b: Rillaboom|59/100
|-supereffective|p2b: Rillaboom
|-damage|p2b: Rillaboom|20/100
|-hitcount|p2b: Rillaboom|3
|move|p2b: Rillaboom|U-turn|p1b: Reneé
|-supereffective|p1b: Reneé
|-damage|p1b: Reneé|44/100
|
|t:|1750871245
|switch|p2b: Incineroar|Incineroar, L50, M|100/100|[from] U-turn
|-ability|p2b: Incineroar|Intimidate|boost
|-unboost|p1a: Paige|atk|1
|-unboost|p1b: Reneé|atk|1
|move|p1a: Paige|Tera Starstorm|p2b: Incineroar|[spread] p2b
|-activate|p2a: Terapagos|move: Protect
|-damage|p2b: Incineroar|43/100
|
|upkeep
|turn|3
|
|t:|1750871265
|move|p2b: Incineroar|Fake Out||[still]
|cant|p1b: Reneé|ability: Queenly Majesty|Fake Out|[of] p2b: Incineroar
|move|p1b: Reneé|Power Whip|p2a: Terapagos
|-activate|p2a: Terapagos|ability: Tera Shell
|-resisted|p2a: Terapagos
|-damage|p2a: Terapagos|86/100
|move|p2a: Terapagos|Calm Mind|p2a: Terapagos
|-boost|p2a: Terapagos|spa|1
|-boost|p2a: Terapagos|spd|1
|move|p1a: Paige|Tera Starstorm|p2b: Incineroar|[spread] p2a,p2b
|-damage|p2a: Terapagos|61/100
|-damage|p2b: Incineroar|0 fnt
|faint|p2b: Incineroar
|
|-heal|p2a: Terapagos|68/100|[from] item: Leftovers
|upkeep
|
|t:|1750871287
|switch|p2b: Koraidon|Koraidon, L50|100/100
|-weather|SunnyDay|[from] ability: Orichalcum Pulse|[of] p2b: Koraidon
|-activate|p2b: Koraidon|Orichalcum Pulse|[source]
|turn|4
|
|t:|1750871305
|-terastallize|p2a: Terapagos|Stellar
|detailschange|p2a: Terapagos|Terapagos-Stellar, L50, M, tera:Stellar
|-heal|p2a: Terapagos|76/100|[silent]
|-ability|p2a: Terapagos|Teraform Zero
|-weather|none
|move|p2b: Koraidon|Close Combat|p1a: Paige
|-supereffective|p1a: Paige
|-damage|p1a: Paige|0 fnt
|-unboost|p2b: Koraidon|def|1
|-unboost|p2b: Koraidon|spd|1
|faint|p1a: Paige
|detailschange|p1: Paige|Terapagos, L50, M|[silent]
|-damage|p2b: Koraidon|91/100|[from] item: Life Orb
|move|p1b: Reneé|Play Rough|p2b: Koraidon
|-supereffective|p2b: Koraidon
|-crit|p2b: Koraidon
|-damage|p2b: Koraidon|0 fnt
|faint|p2b: Koraidon
|move|p2a: Terapagos|Tera Starstorm|p1b: Reneé
|-damage|p1b: Reneé|0 fnt
|faint|p1b: Reneé
|
|-heal|p2a: Terapagos|82/100|[from] item: Leftovers
|upkeep
|
|t:|1750871328
|switch|p2b: Rillaboom|Rillaboom, L50, F|20/100
|switch|p1b: Submotherine|Kyogre, L50|100/100
|switch|p1a: Frida|Smeargle, L50, F, shiny|100/100
|-weather|RainDance|[from] ability: Drizzle|[of] p1b: Submotherine
|-fieldstart|move: Grassy Terrain|[from] ability: Grassy Surge|[of] p2b: Rillaboom
|turn|5
|inactive|Cloud Uwu has 30 seconds left.
|inactive|puppy moon has 30 seconds left.
|
|t:|1750871355
|move|p1b: Submotherine|Protect|p1b: Submotherine
|-singleturn|p1b: Submotherine|Protect
|move|p1a: Frida|Fake Out|p2b: Rillaboom
|-damage|p2b: Rillaboom|15/100
|cant|p2b: Rillaboom|flinch
|move|p2a: Terapagos|Calm Mind|p2a: Terapagos
|-boost|p2a: Terapagos|spa|1
|-boost|p2a: Terapagos|spd|1
|
|-weather|RainDance|[upkeep]
|-heal|p2b: Rillaboom|21/100|[from] Grassy Terrain
|-heal|p2a: Terapagos|88/100|[from] Grassy Terrain
|-heal|p2a: Terapagos|95/100|[from] item: Leftovers
|upkeep
|turn|6
|inactive|puppy moon has 30 seconds left.
|
|t:|1750871384
|move|p2a: Terapagos|Protect|p2a: Terapagos
|-singleturn|p2a: Terapagos|Protect
|move|p1a: Frida|Wide Guard|p1a: Frida
|-singleturn|p1a: Frida|Wide Guard
|move|p2b: Rillaboom|Grassy Glide|p1a: Frida
|-damage|p1a: Frida|19/100
|move|p1b: Submotherine|Ice Beam|p2b: Rillaboom
|-supereffective|p2b: Rillaboom
|-damage|p2b: Rillaboom|0 fnt
|faint|p2b: Rillaboom
|
|-weather|RainDance|[upkeep]
|-heal|p1a: Frida|25/100|[from] Grassy Terrain
|-heal|p2a: Terapagos|100/100|[from] Grassy Terrain
|upkeep
|turn|7
|inactive|Cloud Uwu has 30 seconds left.
|
|t:|1750871413
|move|p1b: Submotherine|Water Spout|p2a: Terapagos
|-damage|p2a: Terapagos|61/100
|move|p1a: Frida|Spore|p2a: Terapagos
|-status|p2a: Terapagos|slp|[from] move: Spore
|cant|p2a: Terapagos|slp
|
|-weather|RainDance|[upkeep]
|-heal|p1a: Frida|31/100|[from] Grassy Terrain
|-heal|p2a: Terapagos|67/100 slp|[from] Grassy Terrain
|-heal|p2a: Terapagos|73/100 slp|[from] item: Leftovers
|upkeep
|turn|8
|
|t:|1750871426
|-curestatus|p2a: Terapagos|slp|[msg]
|move|p2a: Terapagos|Protect|p2a: Terapagos
|-singleturn|p2a: Terapagos|Protect
|move|p1b: Submotherine|Water Spout|p2a: Terapagos
|-activate|p2a: Terapagos|move: Protect
|move|p1a: Frida|Decorate|p1b: Submotherine
|-boost|p1b: Submotherine|atk|2
|-boost|p1b: Submotherine|spa|2
|
|-weather|RainDance|[upkeep]
|-heal|p1a: Frida|38/100|[from] Grassy Terrain
|-heal|p2a: Terapagos|79/100|[from] Grassy Terrain
|-heal|p2a: Terapagos|86/100|[from] item: Leftovers
|upkeep
|turn|9
|
|t:|1750871442
|move|p1b: Submotherine|Water Spout|p2a: Terapagos
|-damage|p2a: Terapagos|12/100
|move|p1a: Frida|Spore|p2a: Terapagos
|-status|p2a: Terapagos|slp|[from] move: Spore
|cant|p2a: Terapagos|slp
|
|-weather|none
|-heal|p1a: Frida|44/100|[from] Grassy Terrain
|-heal|p2a: Terapagos|18/100 slp|[from] Grassy Terrain
|-heal|p2a: Terapagos|24/100 slp|[from] item: Leftovers
|-fieldend|move: Grassy Terrain
|upkeep
|turn|10
|
|t:|1750871460
|cant|p2a: Terapagos|slp
|move|p1b: Submotherine|Water Spout|p2a: Terapagos
|-damage|p2a: Terapagos|0 fnt
|faint|p2a: Terapagos
|detailschange|p2: Terapagos|Terapagos, L50, M|[silent]
|
|win|Cloud Uwu
|raw|Cloud Uwu's rating: 1318 &rarr; <strong>1332</strong><br />(+14 for winning)
|raw|puppy moon's rating: 1207 &rarr; <strong>1190</strong><br />(-17 for losing)
|c|☆Cloud Uwu|gg
|l|☆puppy moon
|player|p2|
