|j|☆lpelpe
|j|☆Monkeypolice180
|t:|1750798536
|gametype|doubles
|player|p1|lpelpe|101|1343
|player|p2|Monkeypolice180|265|1385
|teamsize|p1|6
|teamsize|p2|6
|gen|9
|tier|[Gen 9] VGC 2025 Reg I
|rated|
|rule|Species Clause: Limit one of each Pokémon
|rule|Item Clause: Limit 1 of each item
|clearpoke
|poke|p1|Indeedee-F, L50, F|
|poke|p1|Urshifu-*, L50, M|
|poke|p1|Calyrex-Ice, L50|
|poke|p1|Reshiram, L50|
|poke|p1|Ursaluna-Bloodmoon, L50, M|
|poke|p1|Armarouge, L50, F|
|poke|p2|Zacian-*, L50|
|poke|p2|Kyogre, L50|
|poke|p2|Urshifu-*, L50, M|
|poke|p2|Tornadus, L50, M|
|poke|p2|Indeedee-F, L50, F|
|poke|p2|Amoonguss, L50, F|
|teampreview|4
|inactive|Battle timer is ON: inactive players will automatically lose when time's up. (requested by lpelpe)
Monkeypolice180 has agreed to open team sheets.
|inactive|lpelpe has 60 seconds left.
|
|t:|1750798595
|start
|switch|p1a: Indeedee|Indeedee-F, L50, F|100/100
|switch|p1b: Calyrex|Calyrex-Ice, L50|100/100
|switch|p2a: Kyogre|Kyogre, L50|100/100
|switch|p2b: Indeedee|Indeedee-F, L50, F|100/100
|-ability|p1b: Calyrex|As One
|-ability|p1b: Calyrex|Unnerve
|-weather|RainDance|[from] ability: Drizzle|[of] p2a: Kyogre
|-fieldstart|move: Psychic Terrain|[from] ability: Psychic Surge|[of] p2b: Indeedee
|turn|1
|inactive|lpelpe has 30 seconds left.
|inactive|Monkeypolice180 has 30 seconds left.
|
|t:|1750798628
|move|p1a: Indeedee|Helping Hand|p1b: Calyrex
|-singleturn|p1b: Calyrex|Helping Hand|[of] p1a: Indeedee
|move|p2a: Kyogre|Water Spout|p1b: Calyrex|[spread] p1a,p1b
|-damage|p1a: Indeedee|2/100
|-damage|p1b: Calyrex|39/100
|move|p1b: Calyrex|Glacial Lance|p2a: Kyogre|[spread] p2a,p2b
|-resisted|p2a: Kyogre
|-damage|p2a: Kyogre|55/100
|-damage|p2b: Indeedee|23/100
|move|p2b: Indeedee|Trick Room|p2b: Indeedee
|-fieldstart|move: Trick Room|[of] p2b: Indeedee
|
|-weather|RainDance|[upkeep]
|upkeep
|turn|2
|
|t:|1750798644
|move|p1a: Indeedee|Helping Hand|p1b: Calyrex
|-singleturn|p1b: Calyrex|Helping Hand|[of] p1a: Indeedee
|move|p2b: Indeedee|Helping Hand|p2a: Kyogre
|-singleturn|p2a: Kyogre|Helping Hand|[of] p2b: Indeedee
|move|p1b: Calyrex|Glacial Lance|p2a: Kyogre|[spread] p2a,p2b
|-resisted|p2a: Kyogre
|-damage|p2a: Kyogre|8/100
|-damage|p2b: Indeedee|0 fnt
|faint|p2b: Indeedee
|-ability|p1b: Calyrex|Chilling Neigh|boost
|-boost|p1b: Calyrex|atk|1
|move|p2a: Kyogre|Water Spout|p1a: Indeedee|[spread] p1a,p1b
|-damage|p1a: Indeedee|0 fnt
|-damage|p1b: Calyrex|32/100
|faint|p1a: Indeedee
|
|-weather|RainDance|[upkeep]
|upkeep
|
|t:|1750798658
|switch|p1a: Armarouge|Armarouge, L50, F|100/100
|switch|p2b: Amoonguss|Amoonguss, L50, F|100/100
|turn|3
|
|t:|1750798675
|-terastallize|p2b: Amoonguss|Dark
|-terastallize|p1a: Armarouge|Grass
|move|p2b: Amoonguss|Spore|p1b: Calyrex
|-status|p1b: Calyrex|slp|[from] move: Spore
|cant|p1b: Calyrex|slp
|move|p1a: Armarouge|Expanding Force|p2a: Kyogre|[spread] p2a
|-immune|p2b: Amoonguss
|-crit|p2a: Kyogre
|-damage|p2a: Kyogre|0 fnt
|faint|p2a: Kyogre
|
|-weather|RainDance|[upkeep]
|upkeep
|
|t:|1750798686
|switch|p2a: Zacian|Zacian-Crowned, L50|100/100
|-ability|p2a: Zacian|Intrepid Sword|boost
|-boost|p2a: Zacian|atk|1
|turn|4
|inactive|Monkeypolice180 has 30 seconds left.
|
|t:|1750798714
|move|p2b: Amoonguss|Rage Powder|p2b: Amoonguss
|-singleturn|p2b: Amoonguss|move: Rage Powder
|cant|p1b: Calyrex|slp
|move|p1a: Armarouge|Expanding Force|p2b: Amoonguss|[spread] p2a
|-immune|p2b: Amoonguss
|-resisted|p2a: Zacian
|-damage|p2a: Zacian|75/100
|move|p2a: Zacian|Behemoth Blade|p1a: Armarouge
|-damage|p1a: Armarouge|18/100
|
|-weather|RainDance|[upkeep]
|upkeep
|turn|5
|
|t:|1750798737
|move|p2b: Amoonguss|Protect|p2b: Amoonguss
|-singleturn|p2b: Amoonguss|Protect
|move|p2a: Zacian|Protect|p2a: Zacian
|-singleturn|p2a: Zacian|Protect
|cant|p1b: Calyrex|slp
|move|p1a: Armarouge|Expanding Force|p2a: Zacian|[spread] 
|-activate|p2a: Zacian|move: Protect
|-activate|p2b: Amoonguss|move: Protect
|
|-weather|none
|-fieldend|move: Trick Room
|-fieldend|move: Psychic Terrain
|upkeep
|turn|6
|inactive|Monkeypolice180 has 30 seconds left.
|
|t:|1750798769
|move|p2a: Zacian|Behemoth Blade|p1b: Calyrex
|-supereffective|p1b: Calyrex
|-damage|p1b: Calyrex|0 fnt
|faint|p1b: Calyrex
|move|p1a: Armarouge|Armor Cannon|p2a: Zacian
|-supereffective|p2a: Zacian
|-damage|p2a: Zacian|0 fnt
|-unboost|p1a: Armarouge|def|1
|-unboost|p1a: Armarouge|spd|1
|faint|p2a: Zacian
|move|p2b: Amoonguss|Pollen Puff|p2: Zacian|[notarget]
|-fail|p2b: Amoonguss
|
|upkeep
|
|t:|1750798780
|switch|p1b: Ursaluna|Ursaluna-Bloodmoon, L50, M|100/100
|turn|7
|-message|Monkeypolice180 forfeited.
|
|win|lpelpe
|raw|lpelpe's rating: 1343 &rarr; <strong>1365</strong><br />(+22 for winning)
|raw|Monkeypolice180's rating: 1385 &rarr; <strong>1363</strong><br />(-22 for losing)
|l|☆Monkeypolice180
|player|p2|
|l|☆lpelpe
|player|p1|
