|j|☆SolVGC14
|j|☆TheParasectKing
|t:|1750878324
|gametype|doubles
|player|p1|SolVGC14|hilbert|1510
|player|p2|TheParasectKing|acetrainer-gen4dp|1432
|teamsize|p1|6
|teamsize|p2|6
|gen|9
|tier|[Gen 9] VGC 2025 Reg I
|rated|
|rule|Species Clause: Limit one of each Pokémon
|rule|Item Clause: Limit 1 of each item
|clearpoke
|poke|p1|Iron Bundle, L50|
|poke|p1|Miraidon, L50|
|poke|p1|Incineroar, L50, M|
|poke|p1|Zacian-*, L50|
|poke|p1|Araquanid, L50, F|
|poke|p1|Zoroark-Hisui, L50, M|
|poke|p2|Miraidon, L50|
|poke|p2|Calyrex-Shadow, L50|
|poke|p2|Farigiraf, L50, M|
|poke|p2|Iron Hands, L50|
|poke|p2|Whimsicott, L50, F|
|poke|p2|Ursaluna, L50, F|
|teampreview|4
|inactive|Battle timer is ON: inactive players will automatically lose when time's up. (requested by TheParasectKing)
|inactive|SolVGC14 has 60 seconds left.
|
|t:|1750878379
|start
|switch|p1a: Araquanid|Araquanid, L50, F|100/100
|switch|p1b: Zacian|Zacian-Crowned, L50|100/100
|switch|p2a: Mirai|Miraidon, L50|100/100
|switch|p2b: Whims|Whimsicott, L50, F|100/100
|-ability|p1b: Zacian|Intrepid Sword|boost
|-boost|p1b: Zacian|atk|1
|-fieldstart|move: Electric Terrain|[from] ability: Hadron Engine|[of] p2a: Mirai
|turn|1
|
|t:|1750878400
|move|p1b: Zacian|Protect|p1b: Zacian
|-singleturn|p1b: Zacian|Protect
|move|p2b: Whims|Tailwind|p2b: Whims
|-sidestart|p2: TheParasectKing|move: Tailwind
|move|p2a: Mirai|Volt Switch|p1b: Zacian
|-activate|p1b: Zacian|move: Protect
|move|p1a: Araquanid|Icy Wind|p2b: Whims|[spread] p2a,p2b
|-supereffective|p2a: Mirai
|-supereffective|p2b: Whims
|-damage|p2a: Mirai|73/100
|-damage|p2b: Whims|70/100
|-unboost|p2a: Mirai|spe|1
|-unboost|p2b: Whims|spe|1
|
|upkeep
|turn|2
|
|t:|1750878422
|switch|p1b: Miraidon|Miraidon, L50|100/100
|-activate|p1b: Miraidon|ability: Hadron Engine
|move|p2b: Whims|Encore||[still]
|-fail|p2b: Whims
|move|p2a: Mirai|Volt Switch|p1a: Araquanid
|-damage|p1a: Araquanid|0 fnt
|replace|p1a: Zoroark|Zoroark-Hisui, L50, M
|-end|p1a: Zoroark|Illusion
|faint|p1a: Zoroark
|
|t:|1750878430
|switch|p2a: csr|Calyrex-Shadow, L50|100/100|[from] Volt Switch
|-ability|p2a: csr|As One
|-ability|p2a: csr|Unnerve
|
|upkeep
|
|t:|1750878439
|switch|p1a: Araquanid|Araquanid, L50, F|100/100
|turn|3
|inactive|TheParasectKing has 30 seconds left.
|
|t:|1750878468
|move|p2a: csr|Protect|p2a: csr
|-singleturn|p2a: csr|Protect
|move|p1a: Araquanid|Wide Guard|p1a: Araquanid
|-singleturn|p1a: Araquanid|Wide Guard
|move|p2b: Whims|Moonblast|p1b: Miraidon
|-supereffective|p1b: Miraidon
|-crit|p1b: Miraidon
|-damage|p1b: Miraidon|57/100
|move|p1b: Miraidon|Snarl|p2b: Whims|[spread] p2b
|-activate|p2a: csr|move: Protect
|-resisted|p2b: Whims
|-damage|p2b: Whims|57/100
|-unboost|p2b: Whims|spa|1
|
|upkeep
|turn|4
|inactive|SolVGC14 has 30 seconds left.
|
|t:|1750878493
|switch|p1b: Zacian|Zacian-Crowned, L50|100/100
|move|p1a: Araquanid|Wide Guard|p1a: Araquanid
|-singleturn|p1a: Araquanid|Wide Guard
|move|p2a: csr|Psychic|p1b: Zacian
|-resisted|p1b: Zacian
|-damage|p1b: Zacian|70/100
|-damage|p2a: csr|91/100|[from] item: Life Orb
|move|p2b: Whims|Endeavor|p1a: Araquanid
|-damage|p1a: Araquanid|54/100
|
|-sideend|p2: TheParasectKing|move: Tailwind
|upkeep
|turn|5
|inactive|SolVGC14 has 30 seconds left.
|
|t:|1750878522
|move|p2a: csr|Protect|p2a: csr
|-singleturn|p2a: csr|Protect
|move|p2b: Whims|Tailwind|p2b: Whims
|-sidestart|p2: TheParasectKing|move: Tailwind
|move|p1b: Zacian|Behemoth Blade|p2a: csr
|-activate|p2a: csr|move: Protect
|move|p1a: Araquanid|Leech Life|p2a: csr
|-activate|p2a: csr|move: Protect
|
|-fieldend|move: Electric Terrain
|upkeep
|turn|6
|inactive|TheParasectKing has 30 seconds left.
|
|t:|1750878554
|switch|p2a: Mirai|Miraidon, L50|73/100
|-fieldstart|move: Electric Terrain|[from] ability: Hadron Engine|[of] p2a: Mirai
|-terastallize|p1b: Zacian|Fairy
|move|p1a: Araquanid|Wide Guard|p1a: Araquanid
|-singleturn|p1a: Araquanid|Wide Guard
|move|p2b: Whims|Encore|p1a: Araquanid
|-start|p1a: Araquanid|Encore
|move|p1b: Zacian|Play Rough|p2a: Mirai
|-supereffective|p2a: Mirai
|-damage|p2a: Mirai|0 fnt
|faint|p2a: Mirai
|
|upkeep
|
|t:|1750878559
|switch|p2a: csr|Calyrex-Shadow, L50|91/100
|-ability|p2a: csr|As One
|-ability|p2a: csr|Unnerve
|turn|7
|inactive|SolVGC14 has 30 seconds left.
|inactive|SolVGC14 has 20 seconds left.
|
|t:|1750878604
|switch|p1a: Miraidon|Miraidon, L50|57/100
|-activate|p1a: Miraidon|ability: Hadron Engine
|move|p2a: csr|Protect|p2a: csr
|-singleturn|p2a: csr|Protect
|move|p2b: Whims|Moonblast|p1b: Zacian
|-damage|p1b: Zacian|56/100
|-unboost|p1b: Zacian|spa|1
|move|p1b: Zacian|Play Rough|p2a: csr
|-activate|p2a: csr|move: Protect
|
|upkeep
|turn|8
|
|t:|1750878623
|move|p1b: Zacian|Protect|p1b: Zacian
|-singleturn|p1b: Zacian|Protect
|move|p2a: csr|Astral Barrage|p1b: Zacian|[spread] p1a
|-activate|p1b: Zacian|move: Protect
|-damage|p1a: Miraidon|17/100
|-damage|p2a: csr|82/100|[from] item: Life Orb
|move|p2b: Whims|Moonblast|p1a: Miraidon
|-supereffective|p1a: Miraidon
|-damage|p1a: Miraidon|0 fnt
|faint|p1a: Miraidon
|
|-sideend|p2: TheParasectKing|move: Tailwind
|upkeep
|
|t:|1750878628
|switch|p1a: Araquanid|Araquanid, L50, F|54/100
|turn|9
|
|t:|1750878640
|move|p1b: Zacian|Protect|p1b: Zacian
|-singleturn|p1b: Zacian|Protect
|move|p2b: Whims|Tailwind|p2b: Whims
|-sidestart|p2: TheParasectKing|move: Tailwind
|move|p2a: csr|Encore|p1b: Zacian
|-activate|p1b: Zacian|move: Protect
|move|p1a: Araquanid|Liquidation|p2a: csr
|-damage|p2a: csr|7/100
|
|upkeep
|turn|10
|
|t:|1750878658
|move|p1b: Zacian|Protect||[still]
|-fail|p1b: Zacian
|move|p2a: csr|Psychic|p1b: Zacian
|-damage|p1b: Zacian|0 fnt
|faint|p1b: Zacian
|-ability|p2a: csr|Grim Neigh|boost
|-boost|p2a: csr|spa|1
|-damage|p2a: csr|0 fnt|[from] item: Life Orb
|faint|p2a: csr
|move|p2b: Whims|Moonblast|p1a: Araquanid
|-damage|p1a: Araquanid|40/100
|move|p1a: Araquanid|Leech Life|p2b: Whims
|-damage|p2b: Whims|22/100
|-heal|p1a: Araquanid|57/100|[from] drain|[of] p2b: Whims
|
|-fieldend|move: Electric Terrain
|upkeep
|
|t:|1750878661
|switch|p2a: Hands|Iron Hands, L50|100/100
|turn|11
|
|t:|1750878668
|move|p2b: Whims|Endeavor|p1a: Araquanid
|-damage|p1a: Araquanid|21/100
|move|p2a: Hands|Wild Charge|p1a: Araquanid
|-supereffective|p1a: Araquanid
|-damage|p1a: Araquanid|0 fnt
|faint|p1a: Araquanid
|-damage|p2a: Hands|97/100|[from] Recoil
|
|win|TheParasectKing
|raw|SolVGC14's rating: 1510 &rarr; <strong>1486</strong><br />(-24 for losing)
|raw|TheParasectKing's rating: 1432 &rarr; <strong>1456</strong><br />(+24 for winning)
|l|☆SolVGC14
|player|p1|
|l|☆TheParasectKing
|player|p2|
