|j|☆Dalucks89
|j|☆OOO0O00O00O0OO0
|t:|1750861265
|gametype|doubles
|player|p1|Dalucks89|hiker-gen4|1474
|player|p2|OOO0O00O00O0OO0|hoopster|1549
|teamsize|p1|6
|teamsize|p2|6
|gen|9
|tier|[Gen 9] VGC 2025 Reg I
|rated|
|rule|Species Clause: Limit one of each Pokémon
|rule|Item Clause: Limit 1 of each item
|clearpoke
|poke|p1|Kyogre, L50|
|poke|p1|Incineroar, L50, M|
|poke|p1|Bronzong, L50|
|poke|p1|Calyrex-Ice, L50|
|poke|p1|Flutter Mane, L50|
|poke|p1|Archaludon, L50, M|
|poke|p2|Lunala, L50|
|poke|p2|Whimsicott, L50, M|
|poke|p2|Urshifu-*, L50, F|
|poke|p2|Ursaluna, L50, M|
|poke|p2|Incineroar, L50, F|
|poke|p2|Miraidon, L50|
|teampreview|4
|inactive|Battle timer is ON: inactive players will automatically lose when time's up. (requested by OOO0O00O00O0OO0)
|inactive|OOO0O00O00O0OO0 has 60 seconds left.
|
|t:|1750861308
|start
|switch|p1a: Flutter Mane|Flutter Mane, L50|100/100
|switch|p1b: Bronzong|Bronzong, L50, shiny|100/100
|switch|p2a: Whimsicott|Whimsicott, L50, M|100/100
|switch|p2b: Miraidon|Miraidon, L50|100/100
|-fieldstart|move: Electric Terrain|[from] ability: Hadron Engine|[of] p2b: Miraidon
|turn|1
|
|t:|1750861329
|-terastallize|p1a: Flutter Mane|Fairy
|move|p2a: Whimsicott|Light Screen|p2a: Whimsicott
|-sidestart|p2: OOO0O00O00O0OO0|move: Light Screen
|move|p1a: Flutter Mane|Moonblast|p2b: Miraidon
|-supereffective|p2b: Miraidon
|-damage|p2b: Miraidon|32/100
|move|p2b: Miraidon|Electro Drift|p1b: Bronzong
|-damage|p1b: Bronzong|10/100
|move|p1b: Bronzong|Trick Room|p1b: Bronzong
|-fieldstart|move: Trick Room|[of] p1b: Bronzong
|
|upkeep
|turn|2
|inactive|OOO0O00O00O0OO0 has 30 seconds left.
|j| redwing bird
|inactive|OOO0O00O00O0OO0 has 20 seconds left.
|l| redwing bird
|inactive|OOO0O00O00O0OO0 has 15 seconds left.
|
|t:|1750861373
|move|p2a: Whimsicott|Encore|p1b: Bronzong
|-start|p1b: Bronzong|Encore
|-enditem|p1b: Bronzong|Mental Herb
|-end|p1b: Bronzong|Encore
|move|p1b: Bronzong|Gravity|p1b: Bronzong
|-fieldstart|move: Gravity
|move|p2b: Miraidon|Electro Drift|p1b: Bronzong
|-damage|p1b: Bronzong|0 fnt
|faint|p1b: Bronzong
|move|p1a: Flutter Mane|Dazzling Gleam|p2b: Miraidon|[spread] p2a,p2b
|-supereffective|p2b: Miraidon
|-damage|p2a: Whimsicott|69/100
|-damage|p2b: Miraidon|0 fnt
|faint|p2b: Miraidon
|
|upkeep
|
|t:|1750861398
|switch|p1b: Calyrex|Calyrex-Ice, L50|100/100
|switch|p2b: Urshifu|Urshifu-Rapid-Strike, L50, F|100/100
|-ability|p1b: Calyrex|As One
|-ability|p1b: Calyrex|Unnerve
|turn|3
|inactive|OOO0O00O00O0OO0 has 30 seconds left.
|
|t:|1750861428
|-end|p1a: Flutter Mane|Protosynthesis|[silent]
|switch|p1a: Kyogre|Kyogre, L50|100/100
|-weather|RainDance|[from] ability: Drizzle|[of] p1a: Kyogre
|-terastallize|p2b: Urshifu|Ghost
|move|p2a: Whimsicott|Encore||[still]
|-fail|p2a: Whimsicott
|move|p1b: Calyrex|Glacial Lance|p2b: Urshifu|[spread] p2a,p2b
|-supereffective|p2a: Whimsicott
|-damage|p2a: Whimsicott|0 fnt
|-damage|p2b: Urshifu|49/100
|faint|p2a: Whimsicott
|-ability|p1b: Calyrex|Chilling Neigh|boost
|-boost|p1b: Calyrex|atk|1
|move|p2b: Urshifu|Surging Strikes|p1b: Calyrex
|-crit|p1b: Calyrex
|-damage|p1b: Calyrex|71/100
|-crit|p1b: Calyrex
|-damage|p1b: Calyrex|41/100
|-crit|p1b: Calyrex
|-damage|p1b: Calyrex|13/100
|-hitcount|p1b: Calyrex|3
|
|-weather|RainDance|[upkeep]
|upkeep
|
|t:|1750861447
|switch|p2a: Lunala|Lunala, L50|100/100
|-enditem|p2a: Lunala|Electric Seed
|-boost|p2a: Lunala|def|1|[from] item: Electric Seed
|turn|4
|inactive|Dalucks89 has 30 seconds left.
|inactive|OOO0O00O00O0OO0 has 30 seconds left.
|
|t:|1750861474
|move|p1b: Calyrex|High Horsepower|p2b: Urshifu
|-damage|p2b: Urshifu|0 fnt
|faint|p2b: Urshifu
|-ability|p1b: Calyrex|Chilling Neigh|boost
|-boost|p1b: Calyrex|atk|1
|move|p1a: Kyogre|Thunder|p2a: Lunala
|-damage|p2a: Lunala|87/100
|-status|p2a: Lunala|par
|cant|p2a: Lunala|par
|
|-weather|RainDance|[upkeep]
|upkeep
|turn|5
|-message|OOO0O00O00O0OO0 forfeited.
|
|win|Dalucks89
|raw|Dalucks89's rating: 1474 &rarr; <strong>1498</strong><br />(+24 for winning)
|raw|OOO0O00O00O0OO0's rating: 1549 &rarr; <strong>1525</strong><br />(-24 for losing)
|l|☆OOO0O00O00O0OO0
|player|p2|
|l|☆Dalucks89
|player|p1|
