|j|☆willscharnagl
|j|☆tism VGC
|t:|1750767057
|gametype|doubles
|player|p1|willscharnagl|170|1290
|player|p2|tism VGC|clown|1259
|teamsize|p1|6
|teamsize|p2|6
|gen|9
|tier|[Gen 9] VGC 2025 Reg I
|rated|
|rule|Species Clause: Limit one of each Pokémon
|rule|Item Clause: Limit 1 of each item
|clearpoke
|poke|p1|Calyrex-Shadow, L50|
|poke|p1|Zamazenta-*, L50|
|poke|p1|Tyranitar, L50, F|
|poke|p1|Rillaboom, L50, F|
|poke|p1|Flutter Mane, L50|
|poke|p1|Ogerpon-Hearthflame, L50, F|
|poke|p2|Terapagos, L50, M|
|poke|p2|Smeargle, L50, M|
|poke|p2|Rillaboom, L50, M|
|poke|p2|Kyogre, L50|
|poke|p2|Tornadus, L50, M|
|poke|p2|Farigiraf, L50, M|
|teampreview|4
|inactive|Battle timer is ON: inactive players will automatically lose when time's up. (requested by willscharnagl)
|inactive|tism VGC has 60 seconds left.
|inactive|tism VGC has 30 seconds left.
|inactive|tism VGC has 20 seconds left.
|inactive|tism VGC has 15 seconds left.
|inactive|tism VGC has 10 seconds left.
|
|t:|1750767156
|start
|switch|p1a: Calyrex|Calyrex-Shadow, L50|100/100
|switch|p1b: Flutter Mane|Flutter Mane, L50|100/100
|switch|p2a: Tornadus|Tornadus, L50, M|100/100
|switch|p2b: Smeargle|Smeargle, L50, M|100/100
|-ability|p1a: Calyrex|As One
|-ability|p1a: Calyrex|Unnerve
|-enditem|p1b: Flutter Mane|Booster Energy
|-activate|p1b: Flutter Mane|ability: Protosynthesis|[fromitem]
|-start|p1b: Flutter Mane|protosynthesisspe
|turn|1
|
|t:|1750767181
|move|p2a: Tornadus|Tailwind|p2a: Tornadus
|-sidestart|p2: tism VGC|move: Tailwind
|move|p1b: Flutter Mane|Taunt|p2b: Smeargle
|-start|p2b: Smeargle|move: Taunt
|move|p1a: Calyrex|Psychic|p2a: Tornadus
|-damage|p2a: Tornadus|33/100
|-damage|p1a: Calyrex|91/100|[from] item: Life Orb
|cant|p2b: Smeargle|move: Taunt|Spore
|
|-ability|p2b: Smeargle|Moody|boost
|-boost|p2b: Smeargle|spd|2
|-unboost|p2b: Smeargle|spe|1
|upkeep
|turn|2
|
|t:|1750767201
|switch|p2b: Kyogre|Kyogre, L50|100/100
|-weather|RainDance|[from] ability: Drizzle|[of] p2b: Kyogre
|move|p2a: Tornadus|Protect|p2a: Tornadus
|-singleturn|p2a: Tornadus|Protect
|move|p1b: Flutter Mane|Thunder Wave|p2a: Tornadus
|-activate|p2a: Tornadus|move: Protect
|move|p1a: Calyrex|Astral Barrage|p2a: Tornadus|[spread] p2b
|-activate|p2a: Tornadus|move: Protect
|-damage|p2b: Kyogre|66/100
|-damage|p1a: Calyrex|82/100|[from] item: Life Orb
|
|-weather|RainDance|[upkeep]
|upkeep
|turn|3
|
|t:|1750767226
|-end|p1b: Flutter Mane|Protosynthesis|[silent]
|switch|p1b: Tyranitar|Tyranitar, L50, F|100/100
|-weather|Sandstorm|[from] ability: Sand Stream|[of] p1b: Tyranitar
|move|p1a: Calyrex|Protect|p1a: Calyrex
|-singleturn|p1a: Calyrex|Protect
|move|p2a: Tornadus|Taunt|p1b: Tyranitar
|-hint|Since gen 7, Dark is immune to Prankster moves.
|-immune|p1b: Tyranitar
|move|p2b: Kyogre|Water Spout|p1a: Calyrex|[spread] p1b
|-activate|p1a: Calyrex|move: Protect
|-supereffective|p1b: Tyranitar
|-crit|p1b: Tyranitar
|-damage|p1b: Tyranitar|7/100
|
|-weather|Sandstorm|[upkeep]
|-damage|p2b: Kyogre|60/100|[from] Sandstorm
|-damage|p2a: Tornadus|27/100|[from] Sandstorm
|-damage|p1a: Calyrex|75/100|[from] Sandstorm
|upkeep
|turn|4
|inactive|tism VGC has 30 seconds left.
|inactive|tism VGC has 20 seconds left.
|
|t:|1750767263
|switch|p1a: Zamazenta|Zamazenta-Crowned, L50|100/100
|-ability|p1a: Zamazenta|Dauntless Shield|boost
|-boost|p1a: Zamazenta|def|1
|move|p1b: Tyranitar|Protect|p1b: Tyranitar
|-singleturn|p1b: Tyranitar|Protect
|move|p2b: Kyogre|Water Spout|p1a: Zamazenta|[spread] p1a
|-activate|p1b: Tyranitar|move: Protect
|-damage|p1a: Zamazenta|77/100
|move|p2a: Tornadus|Bleakwind Storm|p1b: Tyranitar|[spread] p1a
|-activate|p1b: Tyranitar|move: Protect
|-damage|p1a: Zamazenta|57/100
|-unboost|p1a: Zamazenta|spe|1
|
|-weather|Sandstorm|[upkeep]
|-damage|p2b: Kyogre|55/100|[from] Sandstorm
|-damage|p2a: Tornadus|21/100|[from] Sandstorm
|-sideend|p2: tism VGC|move: Tailwind
|upkeep
|turn|5
|inactive|willscharnagl has 30 seconds left.
|
|t:|1750767288
|switch|p2b: Smeargle|Smeargle, L50, M|100/100
|-terastallize|p1a: Zamazenta|Dragon
|move|p2a: Tornadus|Tailwind|p2a: Tornadus
|-sidestart|p2: tism VGC|move: Tailwind
|move|p1b: Tyranitar|Knock Off|p2a: Tornadus
|-damage|p2a: Tornadus|0 fnt
|-enditem|p2a: Tornadus|Covert Cloak|[from] move: Knock Off|[of] p1b: Tyranitar
|faint|p2a: Tornadus
|move|p1a: Zamazenta|Body Press|p2b: Smeargle
|-supereffective|p2b: Smeargle
|-enditem|p2b: Smeargle|Focus Sash
|-damage|p2b: Smeargle|1/100
|
|-weather|Sandstorm|[upkeep]
|-damage|p2b: Smeargle|0 fnt|[from] Sandstorm
|-damage|p1a: Zamazenta|51/100|[from] Sandstorm
|faint|p2b: Smeargle
|upkeep
|
|t:|1750767308
|switch|p2a: Kyogre|Kyogre, L50|55/100
|switch|p2b: Terapagos|Terapagos, L50, M|100/100
|-activate|p2b: Terapagos|ability: Tera Shift
|detailschange|p2b: Terapagos|Terapagos-Terastal, L50, M
|-heal|p2b: Terapagos|100/100|[silent]
|-weather|RainDance|[from] ability: Drizzle|[of] p2a: Kyogre
|turn|6
|inactive|tism VGC has 30 seconds left.
|
|t:|1750767342
|switch|p1b: Flutter Mane|Flutter Mane, L50|100/100
|switch|p1a: Calyrex|Calyrex-Shadow, L50|75/100
|-ability|p1a: Calyrex|As One
|-ability|p1a: Calyrex|Unnerve
|move|p2a: Kyogre|Ice Beam|p1a: Calyrex
|-damage|p1a: Calyrex|37/100
|move|p2b: Terapagos|Tera Starstorm|p1a: Calyrex
|-immune|p1a: Calyrex
|
|-weather|RainDance|[upkeep]
|upkeep
|turn|7
|inactive|tism VGC has 30 seconds left.
|
|t:|1750767372
|-terastallize|p2b: Terapagos|Stellar
|detailschange|p2b: Terapagos|Terapagos-Stellar, L50, M, tera:Stellar
|-heal|p2b: Terapagos|100/100|[silent]
|-ability|p2b: Terapagos|Teraform Zero
|-weather|none
|move|p1a: Calyrex|Protect|p1a: Calyrex
|-singleturn|p1a: Calyrex|Protect
|move|p2a: Kyogre|Water Spout|p1a: Calyrex|[spread] p1b
|-activate|p1a: Calyrex|move: Protect
|-damage|p1b: Flutter Mane|73/100
|move|p2b: Terapagos|Tera Starstorm|p1b: Flutter Mane|[spread] p1b
|-activate|p1a: Calyrex|move: Protect
|-damage|p1b: Flutter Mane|38/100
|move|p1b: Flutter Mane|Moonblast|p2b: Terapagos
|-damage|p2b: Terapagos|77/100
|
|-heal|p2b: Terapagos|83/100|[from] item: Leftovers
|upkeep
|turn|8
|inactive|tism VGC has 30 seconds left.
|
|t:|1750767398
|move|p2a: Kyogre|Origin Pulse|p1a: Calyrex|[spread] p1b
|-miss|p2a: Kyogre|p1a: Calyrex
|-damage|p1b: Flutter Mane|0 fnt
|faint|p1b: Flutter Mane
|-end|p1b: Flutter Mane|Protosynthesis|[silent]
|move|p1a: Calyrex|Astral Barrage|p2b: Terapagos|[spread] p2a
|-immune|p2b: Terapagos
|-damage|p2a: Kyogre|18/100
|-damage|p1a: Calyrex|28/100|[from] item: Life Orb
|move|p2b: Terapagos|Calm Mind|p2b: Terapagos
|-boost|p2b: Terapagos|spa|1
|-boost|p2b: Terapagos|spd|1
|
|-heal|p2b: Terapagos|89/100|[from] item: Leftovers
|-sideend|p2: tism VGC|move: Tailwind
|upkeep
|
|t:|1750767403
|switch|p1b: Zamazenta|Zamazenta-Crowned, L50, tera:Dragon|51/100
|turn|9
|inactive|tism VGC has 30 seconds left.
|inactive|tism VGC has 20 seconds left.
|inactive|tism VGC has 15 seconds left.
|inactive|tism VGC has 10 seconds left.
|inactive|tism VGC has 5 seconds left.
|
|t:|1750767454
|move|p2b: Terapagos|Protect|p2b: Terapagos
|-singleturn|p2b: Terapagos|Protect
|move|p1b: Zamazenta|Wide Guard|p1b: Zamazenta
|-singleturn|p1b: Zamazenta|Wide Guard
|move|p1a: Calyrex|Astral Barrage|p2a: Kyogre|[spread] p2a
|-activate|p2b: Terapagos|move: Protect
|-damage|p2a: Kyogre|0 fnt
|faint|p2a: Kyogre
|-ability|p1a: Calyrex|Grim Neigh|boost
|-boost|p1a: Calyrex|spa|1
|-damage|p1a: Calyrex|18/100|[from] item: Life Orb
|
|-heal|p2b: Terapagos|95/100|[from] item: Leftovers
|upkeep
|turn|10
|
|t:|1750767473
|move|p1b: Zamazenta|Wide Guard|p1b: Zamazenta
|-singleturn|p1b: Zamazenta|Wide Guard
|move|p1a: Calyrex|Nasty Plot|p1a: Calyrex
|-boost|p1a: Calyrex|spa|2
|move|p2b: Terapagos|Tera Starstorm|p1b: Zamazenta|[spread] 
|-activate|p1a: Calyrex|move: Wide Guard
|-activate|p1b: Zamazenta|move: Wide Guard
|
|-heal|p2b: Terapagos|100/100|[from] item: Leftovers
|upkeep
|turn|11
|
|t:|1750767491
|move|p1a: Calyrex|Protect|p1a: Calyrex
|-singleturn|p1a: Calyrex|Protect
|move|p1b: Zamazenta|Body Press|p2b: Terapagos
|-supereffective|p2b: Terapagos
|-damage|p2b: Terapagos|49/100
|move|p2b: Terapagos|Earth Power|p1b: Zamazenta
|-damage|p1b: Zamazenta|17/100
|
|-heal|p2b: Terapagos|55/100|[from] item: Leftovers
|upkeep
|turn|12
|
|t:|1750767507
|move|p2b: Terapagos|Protect|p2b: Terapagos
|-singleturn|p2b: Terapagos|Protect
|move|p1b: Zamazenta|Wide Guard|p1b: Zamazenta
|-singleturn|p1b: Zamazenta|Wide Guard
|move|p1a: Calyrex|Nasty Plot|p1a: Calyrex
|-boost|p1a: Calyrex|spa|2
|
|-heal|p2b: Terapagos|61/100|[from] item: Leftovers
|upkeep
|turn|13
|
|t:|1750767522
|move|p1a: Calyrex|Psychic|p2b: Terapagos
|-damage|p2b: Terapagos|0 fnt
|faint|p2b: Terapagos
|detailschange|p2: Terapagos|Terapagos, L50, M|[silent]
|-damage|p1a: Calyrex|9/100|[from] item: Life Orb
|
|win|willscharnagl
|raw|willscharnagl's rating: 1290 &rarr; <strong>1313</strong><br />(+23 for winning)
|raw|tism VGC's rating: 1259 &rarr; <strong>1236</strong><br />(-23 for losing)
|l|☆tism VGC
|player|p2|
|l|☆willscharnagl
|player|p1|
