|j|☆Colonel Corn04
|j|☆MorrisPXG456
|t:|1750849316
|gametype|doubles
|player|p1|Colonel Corn04|102|1411
|player|p2|MorrisPXG456|colress|1513
|teamsize|p1|6
|teamsize|p2|6
|gen|9
|tier|[Gen 9] VGC 2025 Reg I
|rated|
|rule|Species Clause: Limit one of each Pokémon
|rule|Item Clause: Limit 1 of each item
|clearpoke
|poke|p1|Indeedee-F, L50, F|
|poke|p1|Ursaluna, L50, M|
|poke|p1|Calyrex-Ice, L50|
|poke|p1|Dialga-Origin, L50|
|poke|p1|Incineroar, L50, M|
|poke|p1|Amoonguss, L50, M|
|poke|p2|Miraidon, L50|
|poke|p2|Kyogre, L50|
|poke|p2|Tornadus, L50, M|
|poke|p2|Urshifu-*, L50, F|
|poke|p2|Landorus, L50, M|
|poke|p2|Grimmsnarl, L50, M|
|teampreview|4
|inactive|Battle timer is ON: inactive players will automatically lose when time's up. (requested by Colonel Corn04)
|
|t:|1750849338
|start
|switch|p1a: Incineroar|Incineroar, L50, M|100/100
|switch|p1b: Calyrex|Calyrex-Ice, L50|100/100
|switch|p2a: feedtheorca|Kyogre, L50|100/100
|switch|p2b: Aventurine|Grimmsnarl, L50, M|100/100
|-ability|p1b: Calyrex|As One
|-ability|p1b: Calyrex|Unnerve
|-weather|RainDance|[from] ability: Drizzle|[of] p2a: feedtheorca
|-ability|p1a: Incineroar|Intimidate|boost
|-unboost|p2a: feedtheorca|atk|1
|-unboost|p2b: Aventurine|atk|1
|turn|1
|
|t:|1750849349
|-terastallize|p1b: Calyrex|Water
|move|p2a: feedtheorca|Protect|p2a: feedtheorca
|-singleturn|p2a: feedtheorca|Protect
|move|p1a: Incineroar|Fake Out|p2a: feedtheorca
|-activate|p2a: feedtheorca|move: Protect
|move|p2b: Aventurine|Foul Play|p1b: Calyrex
|-damage|p1b: Calyrex|57/100
|move|p1b: Calyrex|Trick Room|p1b: Calyrex
|-fieldstart|move: Trick Room|[of] p1b: Calyrex
|
|-weather|RainDance|[upkeep]
|upkeep
|turn|2
|inactive|Colonel Corn04 has 30 seconds left.
|inactive|MorrisPXG456 has 30 seconds left.
|j| mudcrabvgc
|
|t:|1750849376
|move|p2b: Aventurine|Reflect|p2b: Aventurine
|-sidestart|p2: MorrisPXG456|Reflect
|move|p1a: Incineroar|Brick Break|p2b: Aventurine
|-sideend|p2: MorrisPXG456|Reflect
|-damage|p2b: Aventurine|81/100
|move|p1b: Calyrex|Glacial Lance|p2b: Aventurine|[spread] p2a,p2b
|-resisted|p2a: feedtheorca
|-damage|p2a: feedtheorca|76/100
|-damage|p2b: Aventurine|20/100
|move|p2a: feedtheorca|Origin Pulse|p1b: Calyrex|[spread] p1a
|-miss|p2a: feedtheorca|p1b: Calyrex
|-supereffective|p1a: Incineroar
|-damage|p1a: Incineroar|17/100
|
|-weather|RainDance|[upkeep]
|upkeep
|turn|3
|
|t:|1750849398
|switch|p2b: Kasandra|Urshifu-Rapid-Strike, L50, F|100/100
|move|p1a: Incineroar|U-turn|p2a: feedtheorca
|-damage|p2a: feedtheorca|60/100
|
|t:|1750849402
|switch|p1a: Amoonguss|Amoonguss, L50, M|100/100|[from] U-turn
|move|p1b: Calyrex|Glacial Lance|p2a: feedtheorca|[spread] p2a,p2b
|-resisted|p2a: feedtheorca
|-resisted|p2b: Kasandra
|-damage|p2a: feedtheorca|36/100
|-damage|p2b: Kasandra|68/100
|move|p2a: feedtheorca|Origin Pulse|p1a: Amoonguss|[spread] p1a,p1b
|-resisted|p1a: Amoonguss
|-crit|p1a: Amoonguss
|-resisted|p1b: Calyrex
|-damage|p1a: Amoonguss|45/100
|-damage|p1b: Calyrex|24/100
|
|-weather|RainDance|[upkeep]
|upkeep
|turn|4
|
|t:|1750849419
|move|p1a: Amoonguss|Spore|p2b: Kasandra
|-status|p2b: Kasandra|slp|[from] move: Spore
|move|p1b: Calyrex|Close Combat|p2a: feedtheorca
|-damage|p2a: feedtheorca|0 fnt
|-unboost|p1b: Calyrex|def|1
|-unboost|p1b: Calyrex|spd|1
|faint|p2a: feedtheorca
|-ability|p1b: Calyrex|Chilling Neigh|boost
|-boost|p1b: Calyrex|atk|1
|cant|p2b: Kasandra|slp
|
|-weather|RainDance|[upkeep]
|upkeep
|
|t:|1750849425
|switch|p2a: Aventurine|Grimmsnarl, L50, M|20/100
|turn|5
|inactive|Colonel Corn04 has 30 seconds left.
|
|t:|1750849452
|switch|p1b: Indeedee|Indeedee-F, L50, F|100/100
|-fieldstart|move: Psychic Terrain|[from] ability: Psychic Surge|[of] p1b: Indeedee
|move|p2a: Aventurine|Reflect|p2a: Aventurine
|-sidestart|p2: MorrisPXG456|Reflect
|move|p1a: Amoonguss|Spore|p2a: Aventurine
|-status|p2a: Aventurine|slp|[from] move: Spore
|-curestatus|p2b: Kasandra|slp|[msg]
|move|p2b: Kasandra|U-turn|p1b: Indeedee
|-supereffective|p1b: Indeedee
|-damage|p1b: Indeedee|30/100
|
|t:|1750849462
|switch|p2b: Azure Dragon|Miraidon, L50|100/100|[from] U-turn
|-fieldstart|move: Electric Terrain|[from] ability: Hadron Engine|[of] p2b: Azure Dragon
|
|-weather|none
|-fieldend|move: Trick Room
|upkeep
|turn|6
|
|t:|1750849474
|switch|p2a: Kasandra|Urshifu-Rapid-Strike, L50, F|68/100
|-terastallize|p2b: Azure Dragon|Fairy
|move|p1a: Amoonguss|Rage Powder|p1a: Amoonguss
|-singleturn|p1a: Amoonguss|move: Rage Powder
|move|p2b: Azure Dragon|Dazzling Gleam|p1a: Amoonguss|[spread] p1a,p1b
|-resisted|p1a: Amoonguss
|-damage|p1a: Amoonguss|10/100
|-damage|p1b: Indeedee|0 fnt
|faint|p1b: Indeedee
|
|upkeep
|
|t:|1750849490
|switch|p1b: Incineroar|Incineroar, L50, M|17/100
|-ability|p1b: Incineroar|Intimidate|boost
|-unboost|p2a: Kasandra|atk|1
|-unboost|p2b: Azure Dragon|atk|1
|turn|7
|
|t:|1750849502
|move|p1b: Incineroar|Fake Out|p2b: Azure Dragon
|-damage|p2b: Azure Dragon|93/100
|move|p2a: Kasandra|Close Combat|p1a: Amoonguss
|-resisted|p1a: Amoonguss
|-crit|p1a: Amoonguss
|-damage|p1a: Amoonguss|0 fnt
|-unboost|p2a: Kasandra|def|1
|-unboost|p2a: Kasandra|spd|1
|-damage|p2a: Kasandra|52/100|[from] item: Rocky Helmet|[of] p1a: Amoonguss
|faint|p1a: Amoonguss
|cant|p2b: Azure Dragon|flinch
|
|upkeep
|-message|Colonel Corn04 forfeited.
|
|win|MorrisPXG456
|raw|Colonel Corn04's rating: 1411 &rarr; <strong>1397</strong><br />(-14 for losing)
|raw|MorrisPXG456's rating: 1513 &rarr; <strong>1527</strong><br />(+14 for winning)
|l|☆Colonel Corn04
|player|p1|
