|j|☆maodawang
|j|☆saltvi
|t:|1750836004
|gametype|doubles
|player|p1|maodawang|169|1285
|player|p2|saltvi|170|1209
|teamsize|p1|6
|teamsize|p2|6
|gen|9
|tier|[Gen 9] VGC 2025 Reg I
|rated|
|rule|Species Clause: Limit one of each Pokémon
|rule|Item Clause: Limit 1 of each item
|clearpoke
|poke|p1|Incineroar, L50, F|
|poke|p1|Urshifu-*, L50, F|
|poke|p1|Sinistcha-Masterpiece, L50|
|poke|p1|Ting-Lu, L50|
|poke|p1|Ho-Oh, L50|
|poke|p1|Giratina, L50|
|poke|p2|Calyrex-Shadow, L50|
|poke|p2|Kyogre, L50|
|poke|p2|Lumineon, L50, F|
|poke|p2|Amoonguss, L50, F|
|poke|p2|Landorus, L50, M|
|poke|p2|Dragonite, L50, F|
|teampreview|4
|inactive|Battle timer is ON: inactive players will automatically lose when time's up. (requested by maodawang)
|
|t:|1750836029
|start
|switch|p1a: Urshifu|Urshifu-Rapid-Strike, L50, F|100/100
|switch|p1b: Ho-Oh|Ho-Oh, L50|100/100
|switch|p2a: Kyogre|Kyogre, L50|100/100
|switch|p2b: NOMEGUSTA|Lumineon, L50, F|100/100
|-weather|RainDance|[from] ability: Drizzle|[of] p2a: Kyogre
|turn|1
|
|t:|1750836052
|switch|p1b: Incineroar|Incineroar, L50, F|100/100
|-ability|p1b: Incineroar|Intimidate|boost
|-unboost|p2a: Kyogre|atk|1
|-unboost|p2b: NOMEGUSTA|atk|1
|move|p2b: NOMEGUSTA|Tailwind|p2b: NOMEGUSTA
|-sidestart|p2: saltvi|move: Tailwind
|move|p2a: Kyogre|Origin Pulse|p1b: Incineroar|[spread] p1a
|-miss|p2a: Kyogre|p1b: Incineroar
|-resisted|p1a: Urshifu
|-damage|p1a: Urshifu|41/100
|move|p1a: Urshifu|Surging Strikes|p2a: Kyogre
|-resisted|p2a: Kyogre
|-crit|p2a: Kyogre
|-damage|p2a: Kyogre|83/100
|-resisted|p2a: Kyogre
|-crit|p2a: Kyogre
|-damage|p2a: Kyogre|67/100
|-resisted|p2a: Kyogre
|-crit|p2a: Kyogre
|-damage|p2a: Kyogre|50/100
|-hitcount|p2a: Kyogre|3
|
|-weather|RainDance|[upkeep]
|upkeep
|turn|2
|
|t:|1750836076
|switch|p2a: Sus|Amoonguss, L50, F|100/100
|move|p2b: NOMEGUSTA|Protect|p2b: NOMEGUSTA
|-singleturn|p2b: NOMEGUSTA|Protect
|move|p1b: Incineroar|Fake Out|p2a: Sus
|-damage|p2a: Sus|92/100
|move|p1a: Urshifu|Surging Strikes|p2a: Sus
|-resisted|p2a: Sus
|-crit|p2a: Sus
|-damage|p2a: Sus|77/100
|-resisted|p2a: Sus
|-crit|p2a: Sus
|-damage|p2a: Sus|62/100
|-resisted|p2a: Sus
|-crit|p2a: Sus
|-damage|p2a: Sus|47/100
|-hitcount|p2a: Sus|3
|
|-weather|RainDance|[upkeep]
|upkeep
|turn|3
|inactive|saltvi has 30 seconds left.
|
|t:|1750836103
|-terastallize|p1a: Urshifu|Grass
|move|p2b: NOMEGUSTA|Encore|p1b: Incineroar
|-start|p1b: Incineroar|Encore
|move|p1a: Urshifu|Surging Strikes|p2b: NOMEGUSTA
|-resisted|p2b: NOMEGUSTA
|-crit|p2b: NOMEGUSTA
|-damage|p2b: NOMEGUSTA|78/100
|-resisted|p2b: NOMEGUSTA
|-crit|p2b: NOMEGUSTA
|-damage|p2b: NOMEGUSTA|55/100
|-resisted|p2b: NOMEGUSTA
|-crit|p2b: NOMEGUSTA
|-damage|p2b: NOMEGUSTA|31/100
|-enditem|p2b: NOMEGUSTA|Sitrus Berry|[eat]
|-heal|p2b: NOMEGUSTA|56/100|[from] item: Sitrus Berry
|-hitcount|p2b: NOMEGUSTA|3
|move|p2a: Sus|Spore|p1a: Urshifu
|-immune|p1a: Urshifu
|move|p1b: Incineroar|Fake Out||[still]
|-hint|Fake Out only works on your first turn out.
|-fail|p1b: Incineroar
|
|-weather|RainDance|[upkeep]
|upkeep
|turn|4
|
|t:|1750836126
|switch|p2a: Kyogre|Kyogre, L50|50/100
|switch|p1b: Sinistcha|Sinistcha-Masterpiece, L50|100/100
|-heal|p1a: Urshifu|66/100|[from] ability: Hospitality|[of] p1b: Sinistcha
|move|p2b: NOMEGUSTA|Chilling Water|p1a: Urshifu
|-resisted|p1a: Urshifu
|-damage|p1a: Urshifu|54/100
|-unboost|p1a: Urshifu|atk|1
|move|p1a: Urshifu|Surging Strikes|p2b: NOMEGUSTA
|-resisted|p2b: NOMEGUSTA
|-crit|p2b: NOMEGUSTA
|-damage|p2b: NOMEGUSTA|33/100
|-resisted|p2b: NOMEGUSTA
|-crit|p2b: NOMEGUSTA
|-damage|p2b: NOMEGUSTA|8/100
|-resisted|p2b: NOMEGUSTA
|-crit|p2b: NOMEGUSTA
|-damage|p2b: NOMEGUSTA|0 fnt
|faint|p2b: NOMEGUSTA
|-hitcount|p2: NOMEGUSTA|3
|
|-weather|RainDance|[upkeep]
|-sideend|p2: saltvi|move: Tailwind
|upkeep
|
|t:|1750836143
|switch|p2b: Calyrex|Calyrex-Shadow, L50|100/100
|-ability|p2b: Calyrex|As One
|-ability|p2b: Calyrex|Unnerve
|turn|5
|
|t:|1750836158
|move|p1a: Urshifu|Detect|p1a: Urshifu
|-singleturn|p1a: Urshifu|Protect
|move|p2b: Calyrex|Astral Barrage|p1b: Sinistcha|[spread] p1b
|-activate|p1a: Urshifu|move: Protect
|-supereffective|p1b: Sinistcha
|-enditem|p1b: Sinistcha|Focus Sash
|-damage|p1b: Sinistcha|1/100
|-damage|p2b: Calyrex|91/100|[from] item: Life Orb
|move|p2a: Kyogre|Origin Pulse|p1a: Urshifu|[spread] p1b
|-activate|p1a: Urshifu|move: Protect
|-resisted|p1b: Sinistcha
|-damage|p1b: Sinistcha|0 fnt
|faint|p1b: Sinistcha
|
|-weather|none
|upkeep
|
|t:|1750836176
|switch|p1b: Incineroar|Incineroar, L50, F|100/100
|-ability|p1b: Incineroar|Intimidate|boost
|-unboost|p2a: Kyogre|atk|1
|-unboost|p2b: Calyrex|atk|1
|turn|6
|
|t:|1750836193
|move|p2b: Calyrex|Protect|p2b: Calyrex
|-singleturn|p2b: Calyrex|Protect
|move|p1a: Urshifu|Close Combat|p2a: Kyogre
|-damage|p2a: Kyogre|3/100
|-unboost|p1a: Urshifu|def|1
|-unboost|p1a: Urshifu|spd|1
|move|p2a: Kyogre|Origin Pulse|p1b: Incineroar|[spread] p1a
|-miss|p2a: Kyogre|p1b: Incineroar
|-resisted|p1a: Urshifu
|-damage|p1a: Urshifu|0 fnt
|faint|p1a: Urshifu
|move|p1b: Incineroar|Knock Off|p2b: Calyrex
|-activate|p2b: Calyrex|move: Protect
|
|upkeep
|
|t:|1750836208
|switch|p1a: Ho-Oh|Ho-Oh, L50|100/100
|turn|7
|
|t:|1750836217
|switch|p2a: Sus|Amoonguss, L50, F|80/100
|-terastallize|p2b: Calyrex|Dark
|move|p2b: Calyrex|Astral Barrage|p1b: Incineroar|[spread] p1a,p1b
|-resisted|p1b: Incineroar
|-damage|p1a: Ho-Oh|58/100
|-damage|p1b: Incineroar|70/100
|-damage|p2b: Calyrex|81/100|[from] item: Life Orb
|move|p1a: Ho-Oh|Brave Bird|p2a: Sus
|-supereffective|p2a: Sus
|-damage|p2a: Sus|5/100
|-damage|p1a: Ho-Oh|33/100|[from] Recoil
|move|p1b: Incineroar|Knock Off|p2b: Calyrex
|-resisted|p2b: Calyrex
|-damage|p2b: Calyrex|59/100
|-enditem|p2b: Calyrex|Life Orb|[from] move: Knock Off|[of] p1b: Incineroar
|
|upkeep
|turn|8
|
|t:|1750836241
|move|p2b: Calyrex|Astral Barrage|p1b: Incineroar|[spread] p1a,p1b
|-resisted|p1b: Incineroar
|-damage|p1a: Ho-Oh|2/100
|-damage|p1b: Incineroar|47/100
|move|p1a: Ho-Oh|Life Dew|p1a: Ho-Oh|[spread] p1a,p1b
|-heal|p1a: Ho-Oh|27/100
|-heal|p1b: Incineroar|72/100
|move|p1b: Incineroar|Knock Off|p2a: Sus
|-damage|p2a: Sus|0 fnt
|-enditem|p2a: Sus|Covert Cloak|[from] move: Knock Off|[of] p1b: Incineroar
|faint|p2a: Sus
|
|upkeep
|
|t:|1750836253
|switch|p2a: Kyogre|Kyogre, L50|3/100
|-weather|RainDance|[from] ability: Drizzle|[of] p2a: Kyogre
|turn|9
|
|t:|1750836267
|move|p2b: Calyrex|Astral Barrage|p1b: Incineroar|[spread] p1a,p1b
|-resisted|p1b: Incineroar
|-damage|p1a: Ho-Oh|0 fnt
|-damage|p1b: Incineroar|46/100
|faint|p1a: Ho-Oh
|-ability|p2b: Calyrex|Grim Neigh|boost
|-boost|p2b: Calyrex|spa|1
|move|p2a: Kyogre|Origin Pulse|p1b: Incineroar
|-supereffective|p1b: Incineroar
|-damage|p1b: Incineroar|0 fnt
|faint|p1b: Incineroar
|
|win|saltvi
|raw|maodawang's rating: 1285 &rarr; <strong>1255</strong><br />(-30 for losing)
|raw|saltvi's rating: 1209 &rarr; <strong>1239</strong><br />(+30 for winning)
|l|☆maodawang
|player|p1|
|l|☆saltvi
|player|p2|
