|j|☆Magma Mind Vgc YT
|j|☆chjau
|t:|1750780942
|gametype|doubles
|player|p1|Magma Mind Vgc YT|red|1158
|player|p2|chjau|red|1091
|teamsize|p1|6
|teamsize|p2|6
|gen|9
|tier|[Gen 9] VGC 2025 Reg I
|rated|
|rule|Species Clause: Limit one of each Pokémon
|rule|Item Clause: Limit 1 of each item
|clearpoke
|poke|p1|Calyrex-Shadow, L50|
|poke|p1|Rillaboom, L50, M|
|poke|p1|Tornadus, L50, M|
|poke|p1|Incineroar, L50, F|
|poke|p1|Zacian-*, L50|
|poke|p1|Heatran, L50, F|
|poke|p2|Drifblim, L50, M|
|poke|p2|Indeedee-F, L50, F|
|poke|p2|Minior-Violet, L50|
|poke|p2|Espeon, L50, F|
|poke|p2|Oricorio-Sensu, L50, F|
|poke|p2|Vivillon-Elegant, L50, M|
|teampreview|4
Magma Mind Vgc YT has agreed to open team sheets.
|inactive|Battle timer is ON: inactive players will automatically lose when time's up. (requested by chjau)
|c|☆Magma Mind Vgc YT|Hey i made a pokemon vgc channel its brand new im teaching how to be good at doubles if i win can you sub @MagmaVGC
|
|t:|1750780981
|start
|switch|p1a: Look at chat|Incineroar, L50, F|100/100
|switch|p1b: Ghost rider|Calyrex-Shadow, L50|100/100
|switch|p2a: Drifblim|Drifblim, L50, M|100/100
|switch|p2b: Indeedee|Indeedee-F, L50, F|100/100
|-ability|p1b: Ghost rider|As One
|-ability|p1b: Ghost rider|Unnerve
|-fieldstart|move: Psychic Terrain|[from] ability: Psychic Surge|[of] p2b: Indeedee
|-enditem|p2a: Drifblim|Psychic Seed
|-boost|p2a: Drifblim|spd|1|[from] item: Psychic Seed
|-ability|p1a: Look at chat|Intimidate|boost
|-unboost|p2a: Drifblim|atk|1
|-unboost|p2b: Indeedee|atk|1
|turn|1
|c|☆chjau|ok
|inactive|chjau has 30 seconds left.
|
|t:|1750781009
|-terastallize|p2a: Drifblim|Dark
|move|p2b: Indeedee|Follow Me|p2b: Indeedee
|-singleturn|p2b: Indeedee|move: Follow Me
|move|p2a: Drifblim|Minimize|p2a: Drifblim
|-boost|p2a: Drifblim|evasion|2
|move|p1b: Ghost rider|Draining Kiss|p2b: Indeedee
|-damage|p2b: Indeedee|76/100
|-damage|p1b: Ghost rider|91/100|[from] item: Life Orb
|move|p1a: Look at chat|Knock Off|p2b: Indeedee
|-supereffective|p2b: Indeedee
|-damage|p2b: Indeedee|0 fnt
|-enditem|p2b: Indeedee|Sitrus Berry|[from] move: Knock Off|[of] p1a: Look at chat
|faint|p2b: Indeedee
|
|upkeep
|
|t:|1750781021
|switch|p2b: Espeon|Espeon, L50, F|100/100
|turn|2
|
|t:|1750781030
|-terastallize|p1b: Ghost rider|Fairy
|move|p1a: Look at chat|Helping Hand|p1b: Ghost rider
|-singleturn|p1b: Ghost rider|Helping Hand|[of] p1a: Look at chat
|move|p2b: Espeon|Protect|p2b: Espeon
|-singleturn|p2b: Espeon|Protect
|move|p2a: Drifblim|Minimize|p2a: Drifblim
|-boost|p2a: Drifblim|evasion|2
|move|p1b: Ghost rider|Draining Kiss|p2a: Drifblim
|-supereffective|p2a: Drifblim
|-damage|p2a: Drifblim|24/100
|-heal|p1b: Ghost rider|100/100|[from] drain|[of] p2a: Drifblim
|-damage|p1b: Ghost rider|91/100|[from] item: Life Orb
|
|upkeep
|turn|3
|
|t:|1750781050
|move|p1a: Look at chat|Helping Hand|p1b: Ghost rider
|-singleturn|p1b: Ghost rider|Helping Hand|[of] p1a: Look at chat
|move|p2a: Drifblim|Baton Pass|p2a: Drifblim
|
|t:|1750781054
|switch|p2a: Minior|Minior-Violet, L50|100/100|[from] Baton Pass
|-formechange|p2a: Minior|Minior-Meteor||[from] ability: Shields Down
|-enditem|p2a: Minior|White Herb
|-clearnegativeboost|p2a: Minior|[silent]
|move|p1b: Ghost rider|Astral Barrage|p2b: Espeon|[spread] p2b
|-miss|p1b: Ghost rider|p2a: Minior
|-supereffective|p2b: Espeon
|-damage|p2b: Espeon|0 fnt
|faint|p2b: Espeon
|-ability|p1b: Ghost rider|Grim Neigh|boost
|-boost|p1b: Ghost rider|spa|1
|-damage|p1b: Ghost rider|81/100|[from] item: Life Orb
|
|upkeep
|
|t:|1750781058
|switch|p2b: Drifblim|Drifblim, L50, M, tera:Dark|24/100
|turn|4
|
|t:|1750781071
|move|p1a: Look at chat|Helping Hand|p1b: Ghost rider
|-singleturn|p1b: Ghost rider|Helping Hand|[of] p1a: Look at chat
|move|p1b: Ghost rider|Astral Barrage|p2b: Drifblim|[spread] p2b
|-miss|p1b: Ghost rider|p2a: Minior
|-resisted|p2b: Drifblim
|-damage|p2b: Drifblim|0 fnt
|faint|p2b: Drifblim
|-ability|p1b: Ghost rider|Grim Neigh|boost
|-boost|p1b: Ghost rider|spa|1
|-damage|p1b: Ghost rider|71/100|[from] item: Life Orb
|move|p2a: Minior|Shell Smash|p2a: Minior
|-unboost|p2a: Minior|def|1
|-unboost|p2a: Minior|spd|1
|-boost|p2a: Minior|atk|2
|-boost|p2a: Minior|spa|2
|-boost|p2a: Minior|spe|2
|
|upkeep
|turn|5
|
|t:|1750781085
|move|p1b: Ghost rider|Astral Barrage|p2a: Minior|[miss]
|-miss|p1b: Ghost rider|p2a: Minior
|move|p2a: Minior|Acrobatics|p1b: Ghost rider
|-damage|p1b: Ghost rider|0 fnt
|faint|p1b: Ghost rider
|move|p1a: Look at chat|Parting Shot|p2a: Minior|[miss]
|-miss|p1a: Look at chat|p2a: Minior
|
|-fieldend|move: Psychic Terrain
|upkeep
|
|t:|1750781091
|switch|p1b: Pc|Heatran, L50, F|100/100
|turn|6
|
|t:|1750781106
|switch|p1a: Tempest|Tornadus, L50, M|100/100
|move|p2a: Minior|Protect|p2a: Minior
|-singleturn|p2a: Minior|Protect
|move|p1b: Pc|Dark Pulse|p2a: Minior
|-activate|p2a: Minior|move: Protect
|
|upkeep
|turn|7
|
|t:|1750781117
|move|p1a: Tempest|Rain Dance|p1a: Tempest
|-weather|RainDance
|move|p2a: Minior|Stone Edge|p1a: Tempest
|-supereffective|p1a: Tempest
|-damage|p1a: Tempest|0 fnt
|faint|p1a: Tempest
|move|p1b: Pc|Dark Pulse|p2a: Minior|[miss]
|-miss|p1b: Pc|p2a: Minior
|
|-weather|RainDance|[upkeep]
|upkeep
|c|☆Magma Mind Vgc YT|Dang
|c|☆Magma Mind Vgc YT|Thts pretty good gimmick
|
|t:|1750781138
|switch|p1a: Look at chat|Incineroar, L50, F|100/100
|-ability|p1a: Look at chat|Intimidate|boost
|-unboost|p2a: Minior|atk|1
|turn|8
|
|t:|1750781151
|move|p2a: Minior|Protect|p2a: Minior
|-singleturn|p2a: Minior|Protect
|move|p1a: Look at chat|Fake Out|p2a: Minior
|-activate|p2a: Minior|move: Protect
|move|p1b: Pc|Dark Pulse|p2a: Minior
|-activate|p2a: Minior|move: Protect
|
|-weather|RainDance|[upkeep]
|upkeep
|turn|9
|
|t:|1750781162
|move|p2a: Minior|Stone Edge|p1b: Pc
|-damage|p1b: Pc|48/100
|move|p1b: Pc|Dark Pulse|p2a: Minior
|-damage|p2a: Minior|52/100
|move|p1a: Look at chat|Knock Off|p2a: Minior
|-damage|p2a: Minior|5/100
|
|-weather|RainDance|[upkeep]
|-formechange|p2a: Minior|Minior-Violet||[from] ability: Shields Down
|upkeep
|turn|10
|
|t:|1750781172
|move|p2a: Minior|Stone Edge|p1b: Pc
|-damage|p1b: Pc|0 fnt
|faint|p1b: Pc
|move|p1a: Look at chat|Knock Off|p2a: Minior|[miss]
|-miss|p1a: Look at chat|p2a: Minior
|
|-weather|RainDance|[upkeep]
|upkeep
|turn|11
|
|t:|1750781177
|move|p2a: Minior|Stone Edge|p1a: Look at chat
|-supereffective|p1a: Look at chat
|-crit|p1a: Look at chat
|-damage|p1a: Look at chat|0 fnt
|faint|p1a: Look at chat
|
|win|chjau
|raw|Magma Mind Vgc YT's rating: 1158 &rarr; <strong>1128</strong><br />(-30 for losing)
|raw|chjau's rating: 1091 &rarr; <strong>1122</strong><br />(+31 for winning)
|l|☆Magma Mind Vgc YT
|player|p1|
|c|☆chjau|gg
|l|☆chjau
|player|p2|
