|j|☆chimecho's bell
|j|☆Spark978
|t:|1750795233
|gametype|doubles
|player|p1|chimecho's bell|101|1431
|player|p2|Spark978|lance|1431
|teamsize|p1|6
|teamsize|p2|6
|gen|9
|tier|[Gen 9] VGC 2025 Reg I
|rated|
|rule|Species Clause: Limit one of each Pokémon
|rule|Item Clause: Limit 1 of each item
|clearpoke
|poke|p1|Groudon, L50|
|poke|p1|Grimmsnarl, L50, M|
|poke|p1|Flutter Mane, L50|
|poke|p1|Lunala, L50|
|poke|p1|Incineroar, L50, M|
|poke|p1|Raging Bolt, L50|
|poke|p2|Koraidon, L50|
|poke|p2|Calyrex-Shadow, L50|
|poke|p2|Raging Bolt, L50|
|poke|p2|Incineroar, L50, M|
|poke|p2|Rillaboom, L50, F|
|poke|p2|Chien-Pao, L50|
|teampreview|4
|
|t:|1750795266
|start
|switch|p1a: Incineroar|Incineroar, L50, M|100/100
|switch|p1b: Groudon|Groudon, L50|100/100
|switch|p2a: Calyrex|Calyrex-Shadow, L50|100/100
|switch|p2b: Chien-Pao|Chien-Pao, L50|100/100
|-ability|p2a: Calyrex|As One
|-ability|p2a: Calyrex|Unnerve
|-ability|p2b: Chien-Pao|Sword of Ruin
|-weather|SunnyDay|[from] ability: Drought|[of] p1b: Groudon
|-ability|p1a: Incineroar|Intimidate|boost
|-unboost|p2a: Calyrex|atk|1
|-unboost|p2b: Chien-Pao|atk|1
|turn|1
|inactive|Battle timer is ON: inactive players will automatically lose when time's up. (requested by chimecho's bell)
|
|t:|1750795289
|-terastallize|p2a: Calyrex|Water
|move|p1b: Groudon|Protect|p1b: Groudon
|-singleturn|p1b: Groudon|Protect
|move|p2a: Calyrex|Nasty Plot|p2a: Calyrex
|-boost|p2a: Calyrex|spa|2
|move|p2b: Chien-Pao|Sacred Sword|p1a: Incineroar
|-supereffective|p1a: Incineroar
|-damage|p1a: Incineroar|59/100
|move|p1a: Incineroar|U-turn|p2b: Chien-Pao
|-supereffective|p2b: Chien-Pao
|-damage|p2b: Chien-Pao|42/100
|
|t:|1750795305
|switch|p1a: Flutter Mane|Flutter Mane, L50|100/100|[from] U-turn
|-activate|p1a: Flutter Mane|ability: Protosynthesis
|-start|p1a: Flutter Mane|protosynthesisspe
|
|-weather|SunnyDay|[upkeep]
|upkeep
|turn|2
|
|t:|1750795317
|move|p1a: Flutter Mane|Icy Wind|p2a: Calyrex|[spread] p2a,p2b
|-resisted|p2a: Calyrex
|-resisted|p2b: Chien-Pao
|-damage|p2a: Calyrex|94/100
|-damage|p2b: Chien-Pao|31/100
|-unboost|p2b: Chien-Pao|spe|1
|move|p2a: Calyrex|Astral Barrage|p1a: Flutter Mane|[spread] p1a,p1b
|-supereffective|p1a: Flutter Mane
|-enditem|p1a: Flutter Mane|Focus Sash
|-damage|p1a: Flutter Mane|1/100
|-damage|p1b: Groudon|6/100
|move|p1b: Groudon|Precipice Blades|p2a: Calyrex|[spread] p2a,p2b
|-damage|p2a: Calyrex|19/100
|-damage|p2b: Chien-Pao|0 fnt
|faint|p2b: Chien-Pao
|
|-weather|SunnyDay|[upkeep]
|upkeep
|
|t:|1750795334
|switch|p2b: Rillaboom|Rillaboom, L50, F|100/100
|-fieldstart|move: Grassy Terrain|[from] ability: Grassy Surge|[of] p2b: Rillaboom
|turn|3
|
|t:|1750795357
|switch|p1b: Incineroar|Incineroar, L50, M|59/100
|-ability|p1b: Incineroar|Intimidate|boost
|-unboost|p2a: Calyrex|atk|1
|-unboost|p2b: Rillaboom|atk|1
|move|p1a: Flutter Mane|Protect|p1a: Flutter Mane
|-singleturn|p1a: Flutter Mane|Protect
|move|p2a: Calyrex|Protect|p2a: Calyrex
|-singleturn|p2a: Calyrex|Protect
|move|p2b: Rillaboom|Grassy Glide|p1a: Flutter Mane
|-activate|p1a: Flutter Mane|move: Protect
|
|-weather|SunnyDay|[upkeep]
|-heal|p1a: Flutter Mane|7/100|[from] Grassy Terrain
|-heal|p2a: Calyrex|25/100|[from] Grassy Terrain
|-heal|p1b: Incineroar|65/100|[from] Grassy Terrain
|upkeep
|turn|4
|
|t:|1750795377
|move|p1b: Incineroar|Fake Out|p2b: Rillaboom
|-damage|p2b: Rillaboom|89/100
|cant|p2b: Rillaboom|flinch
|move|p1a: Flutter Mane|Dazzling Gleam|p2a: Calyrex|[spread] p2a,p2b
|-damage|p2a: Calyrex|0 fnt
|-damage|p2b: Rillaboom|70/100
|faint|p2a: Calyrex
|
|-weather|SunnyDay|[upkeep]
|-heal|p1a: Flutter Mane|13/100|[from] Grassy Terrain
|-heal|p2b: Rillaboom|76/100|[from] Grassy Terrain
|-heal|p1b: Incineroar|71/100|[from] Grassy Terrain
|upkeep
|
|t:|1750795389
|switch|p2a: Koraidon|Koraidon, L50|100/100
|-activate|p2a: Koraidon|ability: Orichalcum Pulse
|turn|5
|
|t:|1750795404
|move|p1a: Flutter Mane|Protect|p1a: Flutter Mane
|-singleturn|p1a: Flutter Mane|Protect
|move|p2b: Rillaboom|Grassy Glide|p1a: Flutter Mane
|-activate|p1a: Flutter Mane|move: Protect
|move|p2a: Koraidon|Close Combat|p1b: Incineroar
|-supereffective|p1b: Incineroar
|-damage|p1b: Incineroar|0 fnt
|-unboost|p2a: Koraidon|def|1
|-unboost|p2a: Koraidon|spd|1
|faint|p1b: Incineroar
|-damage|p2a: Koraidon|91/100|[from] item: Life Orb
|
|-weather|none
|-end|p1a: Flutter Mane|Protosynthesis
|-heal|p1a: Flutter Mane|20/100|[from] Grassy Terrain
|-heal|p2a: Koraidon|96/100|[from] Grassy Terrain
|-heal|p2b: Rillaboom|82/100|[from] Grassy Terrain
|upkeep
|
|t:|1750795423
|switch|p1b: Raging Bolt|Raging Bolt, L50|100/100
|turn|6
|
|t:|1750795430
|-terastallize|p1b: Raging Bolt|Electric
|move|p2a: Koraidon|Protect|p2a: Koraidon
|-singleturn|p2a: Koraidon|Protect
|move|p2b: Rillaboom|Grassy Glide|p1a: Flutter Mane
|-damage|p1a: Flutter Mane|0 fnt
|faint|p1a: Flutter Mane
|-end|p1a: Flutter Mane|Protosynthesis|[silent]
|move|p1b: Raging Bolt|Dragon Pulse|p2a: Koraidon
|-activate|p2a: Koraidon|move: Protect
|
|-heal|p2a: Koraidon|100/100|[from] Grassy Terrain
|-heal|p2b: Rillaboom|88/100|[from] Grassy Terrain
|upkeep
|
|t:|1750795436
|switch|p1a: Groudon|Groudon, L50|6/100
|-weather|SunnyDay|[from] ability: Drought|[of] p1a: Groudon
|-activate|p1b: Raging Bolt|ability: Protosynthesis
|-start|p1b: Raging Bolt|protosynthesisspa
|turn|7
|
|t:|1750795454
|move|p1a: Groudon|Protect|p1a: Groudon
|-singleturn|p1a: Groudon|Protect
|move|p2b: Rillaboom|Grassy Glide|p1a: Groudon
|-activate|p1a: Groudon|move: Protect
|move|p2a: Koraidon|Flare Blitz|p1b: Raging Bolt
|-damage|p1b: Raging Bolt|15/100
|-damage|p2a: Koraidon|64/100|[from] Recoil
|-damage|p2a: Koraidon|55/100|[from] item: Life Orb
|move|p1b: Raging Bolt|Dragon Pulse|p2a: Koraidon
|-supereffective|p2a: Koraidon
|-damage|p2a: Koraidon|0 fnt
|faint|p2a: Koraidon
|-damage|p1b: Raging Bolt|5/100|[from] item: Life Orb
|
|-weather|SunnyDay|[upkeep]
|-heal|p1a: Groudon|12/100|[from] Grassy Terrain
|-heal|p2b: Rillaboom|94/100|[from] Grassy Terrain
|-heal|p1b: Raging Bolt|11/100|[from] Grassy Terrain
|-fieldend|move: Grassy Terrain
|upkeep
|turn|8
|c|☆chimecho's bell|gg wp
|
|t:|1750795478
|move|p1a: Groudon|Heat Crash|p2b: Rillaboom
|-supereffective|p2b: Rillaboom
|-damage|p2b: Rillaboom|0 fnt
|faint|p2b: Rillaboom
|
|win|chimecho's bell
|raw|chimecho&apos;s bell's rating: 1431 &rarr; <strong>1451</strong><br />(+20 for winning)
|raw|Spark978's rating: 1431 &rarr; <strong>1411</strong><br />(-20 for losing)
|l|☆Spark978
|player|p2|
