|j|☆Arcosara
|j|☆ShellyV25
|t:|1750782005
|gametype|doubles
|player|p1|Arcosara|miku-water|1188
|player|p2|ShellyV25|hilbert|1230
|teamsize|p1|6
|teamsize|p2|6
|gen|9
|tier|[Gen 9] VGC 2025 Reg I
|rated|
|rule|Species Clause: Limit one of each Pokémon
|rule|Item Clause: Limit 1 of each item
|clearpoke
|poke|p1|Kyogre, L50|
|poke|p1|Basculegion, L50, M|
|poke|p1|Flutter Mane, L50|
|poke|p1|Amoonguss, L50, F|
|poke|p1|Calyrex-Ice, L50|
|poke|p1|Iron Jugulis, L50|
|poke|p2|Calyrex-Shadow, L50|
|poke|p2|Chi-Yu, L50|
|poke|p2|Weezing-Galar, L50, M|
|poke|p2|Brute Bonnet, L50|
|poke|p2|Walking Wake, L50|
|poke|p2|Koraidon, L50|
|teampreview|4
|inactive|Battle timer is ON: inactive players will automatically lose when time's up. (requested by Arcosara)
Arcosara has agreed to open team sheets.
|
|t:|1750782035
|start
|switch|p1a: Flutter Mane|Flutter Mane, L50|100/100
|switch|p1b: Iron Jugulis|Iron Jugulis, L50|100/100
|switch|p2a: Koraidon|Koraidon, L50|100/100
|switch|p2b: Weezing|Weezing-Galar, L50, M, shiny|100/100
|-ability|p2b: Weezing|Neutralizing Gas
|-block|p2a: Koraidon|item: Ability Shield
|-weather|SunnyDay|[from] ability: Orichalcum Pulse|[of] p2a: Koraidon
|-activate|p2a: Koraidon|Orichalcum Pulse|[source]
|turn|1
|inactive|Arcosara has 30 seconds left.
|inactive|ShellyV25 has 30 seconds left.
|
|t:|1750782063
|-terastallize|p2a: Koraidon|Fire
|move|p1a: Flutter Mane|Moonblast|p2a: Koraidon
|-resisted|p2a: Koraidon
|-damage|p2a: Koraidon|79/100
|move|p2a: Koraidon|Flame Charge|p1a: Flutter Mane
|-enditem|p1a: Flutter Mane|Focus Sash
|-damage|p1a: Flutter Mane|1/100
|-boost|p2a: Koraidon|spe|1
|move|p1b: Iron Jugulis|Tailwind|p1b: Iron Jugulis
|-sidestart|p1: Arcosara|move: Tailwind
|move|p2b: Weezing|Strange Steam|p1a: Flutter Mane
|-damage|p1a: Flutter Mane|0 fnt
|faint|p1a: Flutter Mane
|-end|p1a: Flutter Mane|Protosynthesis|[silent]
|
|-weather|SunnyDay|[upkeep]
|upkeep
|
|t:|1750782077
|switch|p1a: Kyogre|Kyogre, L50|100/100
|turn|2
|
|t:|1750782089
|switch|p2a: Brute Bonnet|Brute Bonnet, L50, shiny|100/100
|move|p1b: Iron Jugulis|Snarl|p2b: Weezing|[spread] p2a,p2b
|-resisted|p2a: Brute Bonnet
|-resisted|p2b: Weezing
|-damage|p2a: Brute Bonnet|95/100
|-damage|p2b: Weezing|91/100
|-unboost|p2a: Brute Bonnet|spa|1
|move|p1a: Kyogre|Water Spout|p2b: Weezing|[spread] p2a,p2b
|-resisted|p2a: Brute Bonnet
|-damage|p2a: Brute Bonnet|80/100
|-damage|p2b: Weezing|49/100
|move|p2b: Weezing|Strange Steam|p1b: Iron Jugulis
|-supereffective|p1b: Iron Jugulis
|-damage|p1b: Iron Jugulis|49/100
|-start|p1b: Iron Jugulis|confusion
|
|-weather|SunnyDay|[upkeep]
|-heal|p2a: Brute Bonnet|86/100|[from] item: Leftovers
|upkeep
|turn|3
|
|t:|1750782108
|-activate|p1b: Iron Jugulis|confusion
|move|p1b: Iron Jugulis|Hurricane|p2a: Brute Bonnet|[miss]
|-miss|p1b: Iron Jugulis|p2a: Brute Bonnet
|move|p1a: Kyogre|Water Spout|p2b: Weezing|[spread] p2a,p2b
|-resisted|p2a: Brute Bonnet
|-damage|p2a: Brute Bonnet|70/100
|-damage|p2b: Weezing|9/100
|move|p2b: Weezing|Strange Steam|p1b: Iron Jugulis
|-supereffective|p1b: Iron Jugulis
|-damage|p1b: Iron Jugulis|0 fnt
|faint|p1b: Iron Jugulis
|-end|p1b: Iron Jugulis|Quark Drive|[silent]
|move|p2a: Brute Bonnet|Spore|p1a: Kyogre
|-status|p1a: Kyogre|slp|[from] move: Spore
|
|-weather|SunnyDay|[upkeep]
|-heal|p2a: Brute Bonnet|76/100|[from] item: Leftovers
|upkeep
|
|t:|1750782117
|switch|p1b: Basculegion|Basculegion, L50, M|100/100
|turn|4
|
|t:|1750782134
|move|p1b: Basculegion|Aqua Jet|p2b: Weezing
|-damage|p2b: Weezing|0 fnt
|faint|p2b: Weezing
|-end|p2b: Weezing|ability: Neutralizing Gas
|-weather|RainDance|[from] ability: Drizzle|[of] p1a: Kyogre
|-damage|p1b: Basculegion|91/100|[from] item: Life Orb
|move|p2a: Brute Bonnet|Sucker Punch||[still]
|-fail|p2a: Brute Bonnet
|cant|p1a: Kyogre|slp
|
|-weather|RainDance|[upkeep]
|-heal|p2a: Brute Bonnet|82/100|[from] item: Leftovers
|-sideend|p1: Arcosara|move: Tailwind
|upkeep
|
|t:|1750782146
|switch|p2b: Koraidon|Koraidon, L50, tera:Fire|79/100
|-weather|SunnyDay|[from] ability: Orichalcum Pulse|[of] p2b: Koraidon
|-activate|p2a: Brute Bonnet|ability: Protosynthesis
|-start|p2a: Brute Bonnet|protosynthesisdef
|-activate|p2b: Koraidon|Orichalcum Pulse|[source]
|turn|5
|
|t:|1750782164
|move|p2b: Koraidon|Protect|p2b: Koraidon
|-singleturn|p2b: Koraidon|Protect
|move|p1b: Basculegion|Wave Crash|p2b: Koraidon
|-activate|p2b: Koraidon|move: Protect
|cant|p1a: Kyogre|slp
|move|p2a: Brute Bonnet|Seed Bomb|p1b: Basculegion
|-supereffective|p1b: Basculegion
|-damage|p1b: Basculegion|9/100
|
|-weather|SunnyDay|[upkeep]
|-heal|p2a: Brute Bonnet|88/100|[from] item: Leftovers
|upkeep
|turn|6
|
|t:|1750782182
|move|p2a: Brute Bonnet|Rage Powder|p2a: Brute Bonnet
|-singleturn|p2a: Brute Bonnet|move: Rage Powder
|move|p2b: Koraidon|Flame Charge|p1b: Basculegion
|-resisted|p1b: Basculegion
|-damage|p1b: Basculegion|0 fnt
|-boost|p2b: Koraidon|spe|1
|faint|p1b: Basculegion
|-curestatus|p1a: Kyogre|slp|[msg]
|move|p1a: Kyogre|Water Spout|p2b: Koraidon|[spread] p2a,p2b
|-resisted|p2a: Brute Bonnet
|-supereffective|p2b: Koraidon
|-damage|p2a: Brute Bonnet|74/100
|-damage|p2b: Koraidon|6/100
|
|-weather|SunnyDay|[upkeep]
|-heal|p2a: Brute Bonnet|80/100|[from] item: Leftovers
|upkeep
|turn|7
|
|t:|1750782197
|move|p2a: Brute Bonnet|Sucker Punch|p1a: Kyogre
|-damage|p1a: Kyogre|72/100
|move|p2b: Koraidon|Collision Course|p1a: Kyogre
|-damage|p1a: Kyogre|3/100
|move|p1a: Kyogre|Origin Pulse|p2a: Brute Bonnet|[spread] p2a,p2b
|-resisted|p2a: Brute Bonnet
|-crit|p2a: Brute Bonnet
|-supereffective|p2b: Koraidon
|-damage|p2a: Brute Bonnet|65/100
|-damage|p2b: Koraidon|0 fnt
|faint|p2b: Koraidon
|
|-weather|SunnyDay|[upkeep]
|-heal|p2a: Brute Bonnet|71/100|[from] item: Leftovers
|upkeep
|
|t:|1750782209
|switch|p2b: Chi-Yu|Chi-Yu, L50|100/100
|-ability|p2b: Chi-Yu|Beads of Ruin
|turn|8
|
|t:|1750782217
|move|p2a: Brute Bonnet|Sucker Punch|p1a: Kyogre
|-damage|p1a: Kyogre|0 fnt
|faint|p1a: Kyogre
|
|win|ShellyV25
|raw|Arcosara's rating: 1188 &rarr; <strong>1166</strong><br />(-22 for losing)
|raw|ShellyV25's rating: 1230 &rarr; <strong>1252</strong><br />(+22 for winning)
|l|☆Arcosara
|player|p1|
