|j|☆fyssqzh
|j|☆trollermaximus
|t:|1750843024
|gametype|doubles
|player|p1|fyssqzh|dawn|1409
|player|p2|trollermaximus|1|1348
|teamsize|p1|6
|teamsize|p2|6
|gen|9
|tier|[Gen 9] VGC 2025 Reg I
|rated|
|rule|Species Clause: Limit one of each Pokémon
|rule|Item Clause: Limit 1 of each item
|clearpoke
|poke|p1|Raging Bolt, L50|
|poke|p1|Urshifu-*, L50, F|
|poke|p1|Rayquaza, L50|
|poke|p1|Calyrex-Ice, L50|
|poke|p1|Iron Valiant, L50|
|poke|p1|Clefairy, L50, F|
|poke|p2|Zacian-*, L50|
|poke|p2|Kyogre, L50|
|poke|p2|Raichu, L50, M|
|poke|p2|Tsareena, L50, F|
|poke|p2|Tornadus, L50, M|
|poke|p2|Incineroar, L50, F|
|teampreview|4
|inactive|Battle timer is ON: inactive players will automatically lose when time's up. (requested by fyssqzh)
|inactive|trollermaximus has 60 seconds left.
|
|t:|1750843081
|start
|switch|p1a: Calyrex|Calyrex-Ice, L50|100/100
|switch|p1b: Rayquaza|Rayquaza, L50|100/100
|switch|p2a: Kyogre|Kyogre, L50|100/100
|switch|p2b: Tsareena|Tsareena, L50, F|100/100
|-ability|p1a: Calyrex|As One
|-ability|p1a: Calyrex|Unnerve
|-ability|p1b: Rayquaza|Air Lock
|-weather|RainDance|[from] ability: Drizzle|[of] p2a: Kyogre
|turn|1
|
|t:|1750843101
|move|p2b: Tsareena|Protect|p2b: Tsareena
|-singleturn|p2b: Tsareena|Protect
|move|p1b: Rayquaza|Dragon Ascent|p2b: Tsareena
|-activate|p2b: Tsareena|move: Protect
|move|p2a: Kyogre|Water Spout|p1b: Rayquaza|[spread] p1a,p1b
|-resisted|p1b: Rayquaza
|-damage|p1a: Calyrex|49/100
|-damage|p1b: Rayquaza|65/100
|move|p1a: Calyrex|Trick Room|p1a: Calyrex
|-fieldstart|move: Trick Room|[of] p1a: Calyrex
|
|-weather|RainDance|[upkeep]
|upkeep
|turn|2
|
|t:|1750843117
|switch|p2b: Zacian|Zacian-Crowned, L50|100/100
|-ability|p2b: Zacian|Intrepid Sword|boost
|-boost|p2b: Zacian|atk|1
|switch|p1b: Raging Bolt|Raging Bolt, L50|100/100
|move|p1a: Calyrex|Glacial Lance|p2a: Kyogre|[spread] p2a,p2b
|-resisted|p2a: Kyogre
|-resisted|p2b: Zacian
|-damage|p2a: Kyogre|73/100
|-damage|p2b: Zacian|73/100
|move|p2a: Kyogre|Hydro Pump|p1a: Calyrex
|-damage|p1a: Calyrex|0 fnt
|faint|p1a: Calyrex
|
|-weather|RainDance|[upkeep]
|upkeep
|
|t:|1750843132
|switch|p1a: Rayquaza|Rayquaza, L50|65/100
|-ability|p1a: Rayquaza|Air Lock
|turn|3
|
|t:|1750843148
|switch|p2a: Raichu|Raichu, L50, M|100/100
|move|p1b: Raging Bolt|Thunderbolt|p2a: Raichu
|-ability|p2a: Raichu|Lightning Rod|boost
|-boost|p2a: Raichu|spa|1
|move|p1a: Rayquaza|Overheat|p2b: Zacian
|-supereffective|p2b: Zacian
|-damage|p2b: Zacian|0 fnt
|-unboost|p1a: Rayquaza|spa|2
|faint|p2b: Zacian
|
|-weather|RainDance|[upkeep]
|upkeep
|
|t:|1750843159
|switch|p2b: Kyogre|Kyogre, L50|73/100
|turn|4
|inactive|fyssqzh has 30 seconds left.
|inactive|fyssqzh has 20 seconds left.
|
|t:|1750843196
|move|p1b: Raging Bolt|Draco Meteor|p2b: Kyogre
|-damage|p2b: Kyogre|25/100
|-unboost|p1b: Raging Bolt|spa|2
|-damage|p1b: Raging Bolt|91/100|[from] item: Life Orb
|move|p2b: Kyogre|Water Spout|p1a: Rayquaza|[spread] p1a,p1b
|-resisted|p1a: Rayquaza
|-resisted|p1b: Raging Bolt
|-damage|p1a: Rayquaza|56/100
|-damage|p1b: Raging Bolt|82/100
|move|p1a: Rayquaza|Dragon Ascent|p2b: Kyogre
|-damage|p2b: Kyogre|0 fnt
|-unboost|p1a: Rayquaza|def|1
|-unboost|p1a: Rayquaza|spd|1
|faint|p2b: Kyogre
|move|p2a: Raichu|Knock Off|p1a: Rayquaza
|-damage|p1a: Rayquaza|20/100
|-enditem|p1a: Rayquaza|Covert Cloak|[from] move: Knock Off|[of] p2a: Raichu
|
|-weather|RainDance|[upkeep]
|upkeep
|
|t:|1750843207
|switch|p2b: Tsareena|Tsareena, L50, F|100/100
|turn|5
|inactive|fyssqzh has 30 seconds left.
|inactive|fyssqzh has 20 seconds left.
|
|t:|1750843245
|move|p1b: Raging Bolt|Draco Meteor|p2b: Tsareena|[miss]
|-miss|p1b: Raging Bolt|p2b: Tsareena
|move|p2b: Tsareena|Triple Axel|p1a: Rayquaza
|-supereffective|p1a: Rayquaza
|-damage|p1a: Rayquaza|0 fnt
|faint|p1a: Rayquaza
|-hitcount|p1: Rayquaza|1
|move|p2a: Raichu|Knock Off|p1b: Raging Bolt
|-damage|p1b: Raging Bolt|66/100
|-enditem|p1b: Raging Bolt|Life Orb|[from] move: Knock Off|[of] p2a: Raichu
|
|-weather|none
|-fieldend|move: Trick Room
|upkeep
|
|t:|1750843261
|switch|p1a: Urshifu|Urshifu-Rapid-Strike, L50, F|100/100
|turn|6
|inactive|trollermaximus has 30 seconds left.
|inactive|trollermaximus has 20 seconds left.
|inactive|trollermaximus has 15 seconds left.
|
|t:|1750843304
|move|p2a: Raichu|Nuzzle|p1a: Urshifu
|-supereffective|p1a: Urshifu
|-damage|p1a: Urshifu|86/100
|-status|p1a: Urshifu|par
|move|p2b: Tsareena|Power Whip|p1a: Urshifu
|-supereffective|p1a: Urshifu
|-damage|p1a: Urshifu|0 fnt
|faint|p1a: Urshifu
|move|p1b: Raging Bolt|Draco Meteor|p2b: Tsareena
|-damage|p2b: Tsareena|54/100
|-unboost|p1b: Raging Bolt|spa|2
|
|upkeep
|turn|7
|-message|fyssqzh forfeited.
|
|win|trollermaximus
|raw|fyssqzh's rating: 1409 &rarr; <strong>1386</strong><br />(-23 for losing)
|raw|trollermaximus's rating: 1348 &rarr; <strong>1371</strong><br />(+23 for winning)
|l|☆fyssqzh
|player|p1|
|l|☆trollermaximus
|player|p2|
