|j|☆juan6
|j|☆Arthoryuz
|t:|1750790792
|gametype|doubles
|player|p1|juan6|lucas|1133
|player|p2|Arthoryuz|youngster-gen4dp|1066
|teamsize|p1|6
|teamsize|p2|6
|gen|9
|tier|[Gen 9] VGC 2025 Reg I
|rated|
|rule|Species Clause: Limit one of each Pokémon
|rule|Item Clause: Limit 1 of each item
|clearpoke
|poke|p1|Kyurem-Black, L50|
|poke|p1|Calyrex-Shadow, L50|
|poke|p1|Sableye, L50, M|
|poke|p1|Annihilape, L50, M|
|poke|p1|Maushold-Four, L50|
|poke|p1|Hitmontop, L50, M|
|poke|p2|Milotic, L50, F|
|poke|p2|Enamorus, L50, F|
|poke|p2|Solgaleo, L50|
|poke|p2|Murkrow, L50, M|
|poke|p2|Lurantis, L50, M|
|poke|p2|Grimmsnarl, L50, M|
|teampreview|4
|
|t:|1750790814
|start
|switch|p1a: Calyrex|Calyrex-Shadow, L50|100/100
|switch|p1b: Sableye|Sableye, L50, M|100/100
|switch|p2a: Enamorus|Enamorus, L50, F|100/100
|switch|p2b: Grimmsnarl|Grimmsnarl, L50, M|100/100
|-ability|p1a: Calyrex|As One
|-ability|p1a: Calyrex|Unnerve
|turn|1
|
|t:|1750790834
|-terastallize|p1a: Calyrex|Fairy
|move|p2b: Grimmsnarl|Fake Tears|p2a: Enamorus
|-boost|p2a: Enamorus|spd|2
|move|p1b: Sableye|Light Screen|p1b: Sableye
|-sidestart|p1: juan6|move: Light Screen
|move|p1a: Calyrex|Nasty Plot|p1a: Calyrex
|-boost|p1a: Calyrex|spa|2
|move|p2a: Enamorus|Dazzling Gleam|p1b: Sableye|[spread] p1a,p1b
|-supereffective|p1b: Sableye
|-damage|p1a: Calyrex|83/100
|-damage|p1b: Sableye|46/100
|
|upkeep
|turn|2
|
|t:|1750790861
|move|p2b: Grimmsnarl|Fake Tears|p2a: Enamorus
|-boost|p2a: Enamorus|spd|2
|move|p1b: Sableye|Reflect|p1b: Sableye
|-sidestart|p1: juan6|Reflect
|move|p1a: Calyrex|Draining Kiss|p2a: Enamorus
|-damage|p2a: Enamorus|85/100
|-heal|p1a: Calyrex|94/100|[from] drain|[of] p2a: Enamorus
|move|p2a: Enamorus|Dazzling Gleam|p1a: Calyrex|[spread] p1a,p1b
|-supereffective|p1b: Sableye
|-damage|p1a: Calyrex|78/100
|-damage|p1b: Sableye|0 fnt
|faint|p1b: Sableye
|
|upkeep
|
|t:|1750790877
|switch|p1b: Hitmontop|Hitmontop, L50, M|100/100
|-ability|p1b: Hitmontop|Intimidate|boost
|-boost|p2a: Enamorus|atk|1
|-unboost|p2b: Grimmsnarl|atk|1
|turn|3
|
|t:|1750790884
|move|p1b: Hitmontop|Wide Guard|p1b: Hitmontop
|-singleturn|p1b: Hitmontop|Wide Guard
|move|p2b: Grimmsnarl|Fake Tears|p2a: Enamorus
|-boost|p2a: Enamorus|spd|2
|move|p1a: Calyrex|Astral Barrage|p2b: Grimmsnarl|[spread] p2a,p2b
|-resisted|p2b: Grimmsnarl
|-damage|p2a: Enamorus|68/100
|-damage|p2b: Grimmsnarl|52/100
|move|p2a: Enamorus|Superpower|p1b: Hitmontop
|-damage|p1b: Hitmontop|69/100
|-boost|p2a: Enamorus|atk|1
|-boost|p2a: Enamorus|def|1
|
|upkeep
|turn|4
|
|t:|1750790911
|move|p1b: Hitmontop|Wide Guard|p1b: Hitmontop
|-singleturn|p1b: Hitmontop|Wide Guard
|move|p2b: Grimmsnarl|Scary Face|p2a: Enamorus
|-boost|p2a: Enamorus|spe|2
|move|p2a: Enamorus|Draining Kiss|p1b: Hitmontop
|-supereffective|p1b: Hitmontop
|-crit|p1b: Hitmontop
|-damage|p1b: Hitmontop|8/100
|-heal|p2a: Enamorus|100/100|[from] drain|[of] p1b: Hitmontop
|move|p1a: Calyrex|Nasty Plot|p1a: Calyrex
|-boost|p1a: Calyrex|spa|2
|
|upkeep
|turn|5
|
|t:|1750790930
|move|p1b: Hitmontop|Detect|p1b: Hitmontop
|-singleturn|p1b: Hitmontop|Protect
|move|p2b: Grimmsnarl|Fake Tears|p1a: Calyrex
|-unboost|p1a: Calyrex|spd|2
|move|p2a: Enamorus|Superpower|p1b: Hitmontop
|-activate|p1b: Hitmontop|move: Protect
|move|p1a: Calyrex|Astral Barrage|p2a: Enamorus|[spread] p2a,p2b
|-resisted|p2b: Grimmsnarl
|-damage|p2a: Enamorus|76/100
|-damage|p2b: Grimmsnarl|0 fnt
|faint|p2b: Grimmsnarl
|-ability|p1a: Calyrex|Grim Neigh|boost
|-boost|p1a: Calyrex|spa|1
|
|upkeep
|
|t:|1750790941
|switch|p2b: Solgaleo|Solgaleo, L50|100/100
|turn|6
|
|t:|1750790960
|-terastallize|p2b: Solgaleo|Fire
|move|p1b: Hitmontop|Wide Guard|p1b: Hitmontop
|-singleturn|p1b: Hitmontop|Wide Guard
|move|p2a: Enamorus|Superpower|p1b: Hitmontop
|-damage|p1b: Hitmontop|0 fnt
|-boost|p2a: Enamorus|atk|1
|-boost|p2a: Enamorus|def|1
|faint|p1b: Hitmontop
|move|p1a: Calyrex|Astral Barrage|p2b: Solgaleo|[spread] p2a,p2b
|-crit|p2b: Solgaleo
|-damage|p2a: Enamorus|42/100
|-damage|p2b: Solgaleo|0 fnt
|faint|p2b: Solgaleo
|-ability|p1a: Calyrex|Grim Neigh|boost
|-boost|p1a: Calyrex|spa|1
|
|upkeep
|
|t:|1750790980
|switch|p2b: Milotic|Milotic, L50, F|100/100
|switch|p1b: Kyurem|Kyurem-Black, L50|100/100
|-ability|p1b: Kyurem|Teravolt
|turn|7
|
|t:|1750790989
|move|p2a: Enamorus|Draining Kiss|p1b: Kyurem
|-supereffective|p1b: Kyurem
|-damage|p1b: Kyurem|72/100
|-heal|p2a: Enamorus|66/100|[from] drain|[of] p1b: Kyurem
|move|p1a: Calyrex|Astral Barrage|p2a: Enamorus|[spread] p2a,p2b
|-damage|p2a: Enamorus|33/100
|-damage|p2b: Milotic|0 fnt
|faint|p2b: Milotic
|move|p1b: Kyurem|Icicle Spear|p2a: Enamorus
|-supereffective|p2a: Enamorus
|-damage|p2a: Enamorus|13/100
|-supereffective|p2a: Enamorus
|-damage|p2a: Enamorus|0 fnt
|faint|p2a: Enamorus
|-hitcount|p2: Enamorus|2
|
|win|juan6
|raw|juan6's rating: 1133 &rarr; <strong>1153</strong><br />(+20 for winning)
|raw|Arthoryuz's rating: 1066 &rarr; <strong>1050</strong><br />(-16 for losing)
|l|☆Arthoryuz
|player|p2|
