|j|☆khal_draco1472
|j|☆juanessamal
|t:|1750743819
|gametype|doubles
|player|p1|khal_draco1472|266|1539
|player|p2|juanessamal|2|1446
|teamsize|p1|6
|teamsize|p2|6
|gen|9
|tier|[Gen 9] VGC 2025 Reg I
|rated|
|rule|Species Clause: Limit one of each Pokémon
|rule|Item Clause: Limit 1 of each item
|clearpoke
|poke|p1|Calyrex-Shadow, L50|
|poke|p1|Koraidon, L50|
|poke|p1|Weezing-Galar, L50, M|
|poke|p1|Incineroar, L50, M|
|poke|p1|Walking Wake, L50|
|poke|p1|Chi-Yu, L50|
|poke|p2|Calyrex-Shadow, L50|
|poke|p2|Whimsicott, L50, F|
|poke|p2|Miraidon, L50|
|poke|p2|Armarouge, L50, M|
|poke|p2|Scream Tail, L50|
|poke|p2|Indeedee-F, L50, F|
|teampreview|4
|j| Dvsh_1604
|
|t:|1750743861
|start
|switch|p1a: Koraidon|Koraidon, L50|100/100
|switch|p1b: Weezing|Weezing-Galar, L50, M, shiny|100/100
|switch|p2a: Armarouge|Armarouge, L50, M|100/100
|switch|p2b: Calyrex|Calyrex-Shadow, L50|100/100
|-ability|p1b: Weezing|Neutralizing Gas
|-block|p1a: Koraidon|item: Ability Shield
|-ability|p2b: Calyrex|As One
|-ability|p2b: Calyrex|Unnerve
|-weather|SunnyDay|[from] ability: Orichalcum Pulse|[of] p1a: Koraidon
|-activate|p1a: Koraidon|Orichalcum Pulse|[source]
|turn|1
|
|t:|1750743896
|-terastallize|p1a: Koraidon|Fire
|move|p2b: Calyrex|Protect|p2b: Calyrex
|-singleturn|p2b: Calyrex|Protect
|move|p1a: Koraidon|Flame Charge|p2a: Armarouge
|-resisted|p2a: Armarouge
|-damage|p2a: Armarouge|63/100
|-boost|p1a: Koraidon|spe|1
|move|p2a: Armarouge|Expanding Force|p1a: Koraidon
|-damage|p1a: Koraidon|58/100
|move|p1b: Weezing|Taunt|p2a: Armarouge
|-start|p2a: Armarouge|move: Taunt
|
|-weather|SunnyDay|[upkeep]
|upkeep
|turn|2
|
|t:|1750743923
|switch|p2b: Miraidon|Miraidon, L50|100/100
|move|p1a: Koraidon|Flame Charge|p2b: Miraidon
|-resisted|p2b: Miraidon
|-crit|p2b: Miraidon
|-damage|p2b: Miraidon|48/100
|-boost|p1a: Koraidon|spe|1
|move|p2a: Armarouge|Heat Wave|p1b: Weezing|[spread] p1a,p1b
|-resisted|p1a: Koraidon
|-damage|p1a: Koraidon|28/100
|-damage|p1b: Weezing|41/100
|move|p1b: Weezing|Sludge Bomb|p2b: Miraidon
|-damage|p2b: Miraidon|23/100
|
|-weather|SunnyDay|[upkeep]
|upkeep
|turn|3
|
|t:|1750743955
|move|p1a: Koraidon|Flame Charge|p2b: Miraidon
|-resisted|p2b: Miraidon
|-damage|p2b: Miraidon|0 fnt
|-boost|p1a: Koraidon|spe|1
|faint|p2b: Miraidon
|move|p2a: Armarouge|Heat Wave|p1b: Weezing|[spread] p1a,p1b
|-resisted|p1a: Koraidon
|-damage|p1a: Koraidon|1/100
|-damage|p1b: Weezing|0 fnt
|faint|p1b: Weezing
|-end|p1b: Weezing|ability: Neutralizing Gas
|
|-weather|SunnyDay|[upkeep]
|upkeep
|
|t:|1750743981
|switch|p2b: Calyrex|Calyrex-Shadow, L50|100/100
|switch|p1b: Chi-Yu|Chi-Yu, L50|100/100
|-ability|p2b: Calyrex|As One
|-ability|p2b: Calyrex|Unnerve
|-ability|p1b: Chi-Yu|Beads of Ruin
|turn|4
|
|t:|1750744011
|switch|p2b: Scream Tail|Scream Tail, L50|100/100
|-activate|p2b: Scream Tail|ability: Protosynthesis
|-start|p2b: Scream Tail|protosynthesisspe
|move|p1a: Koraidon|Protect|p1a: Koraidon
|-singleturn|p1a: Koraidon|Protect
|move|p1b: Chi-Yu|Dark Pulse|p2a: Armarouge
|-supereffective|p2a: Armarouge
|-damage|p2a: Armarouge|0 fnt
|faint|p2a: Armarouge
|
|-weather|SunnyDay|[upkeep]
|upkeep
|
|t:|1750744020
|switch|p2a: Calyrex|Calyrex-Shadow, L50|100/100
|-ability|p2a: Calyrex|As One
|-ability|p2a: Calyrex|Unnerve
|turn|5
|
|t:|1750744030
|-terastallize|p2a: Calyrex|Fairy
|move|p2b: Scream Tail|Protect|p2b: Scream Tail
|-singleturn|p2b: Scream Tail|Protect
|move|p1a: Koraidon|Flame Charge|p2a: Calyrex
|-damage|p2a: Calyrex|27/100
|-boost|p1a: Koraidon|spe|1
|move|p1b: Chi-Yu|Dark Pulse|p2a: Calyrex
|-resisted|p2a: Calyrex
|-damage|p2a: Calyrex|0 fnt
|faint|p2a: Calyrex
|
|-weather|none
|-end|p2b: Scream Tail|Protosynthesis
|upkeep
|-enditem|p2b: Scream Tail|Booster Energy
|-activate|p2b: Scream Tail|ability: Protosynthesis|[fromitem]
|-start|p2b: Scream Tail|protosynthesisspe
|turn|6
|c|☆khal_draco1472|gg
|inactive|Battle timer is ON: inactive players will automatically lose when time's up. (requested by khal_draco1472)
|inactive|juanessamal has 60 seconds left.
|l| Dvsh_1604
|inactive|juanessamal has 30 seconds left.
|inactive|juanessamal has 20 seconds left.
|inactive|juanessamal has 15 seconds left.
|inactive|juanessamal has 10 seconds left.
|inactive|juanessamal has 5 seconds left.
|
|t:|1750744147
|move|p1a: Koraidon|Flare Blitz|p2b: Scream Tail
|-damage|p2b: Scream Tail|55/100
|-damage|p1a: Koraidon|0 fnt|[from] Recoil
|faint|p1a: Koraidon
|move|p1b: Chi-Yu|Dark Pulse|p2b: Scream Tail
|-damage|p2b: Scream Tail|14/100
|move|p2b: Scream Tail|Disable|p1b: Chi-Yu
|-start|p1b: Chi-Yu|Disable|Dark Pulse
|
|upkeep
|
|t:|1750744157
|switch|p1a: Calyrex|Calyrex-Shadow, L50|100/100
|-ability|p1a: Calyrex|As One
|-ability|p1a: Calyrex|Unnerve
|turn|7
|inactive|juanessamal has 30 seconds left.
|inactive|juanessamal has 20 seconds left.
|inactive|juanessamal has 15 seconds left.
|inactive|juanessamal has 10 seconds left.
|inactive|juanessamal has 5 seconds left.
|
|t:|1750744212
|-activate|p1b: Chi-Yu|move: Struggle
|move|p1b: Chi-Yu|Struggle|p2b: Scream Tail
|-damage|p2b: Scream Tail|8/100
|-damage|p1b: Chi-Yu|75/100|[from] recoil
|move|p2b: Scream Tail|Disable||[still]
|-fail|p2b: Scream Tail
|move|p1a: Calyrex|Astral Barrage|p2b: Scream Tail
|-supereffective|p2b: Scream Tail
|-damage|p2b: Scream Tail|0 fnt
|faint|p2b: Scream Tail
|-end|p2b: Scream Tail|Protosynthesis|[silent]
|
|win|khal_draco1472
|raw|khal_draco1472's rating: 1539 &rarr; <strong>1554</strong><br />(+15 for winning)
|raw|juanessamal's rating: 1446 &rarr; <strong>1431</strong><br />(-15 for losing)
