|j|☆Dan1eLG
|j|☆Leacenh
|t:|1750856454
|gametype|doubles
|player|p1|Dan1eLG|crasherwake|1483
|player|p2|Leacenh|2|1414
|teamsize|p1|6
|teamsize|p2|6
|gen|9
|tier|[Gen 9] VGC 2025 Reg I
|rated|
|rule|Species Clause: Limit one of each Pokémon
|rule|Item Clause: Limit 1 of each item
|clearpoke
|poke|p1|Muk-Alola, L50, F|
|poke|p1|Smeargle, L50, F|
|poke|p1|Flamigo, L50, F|
|poke|p1|Calyrex-Shadow, L50|
|poke|p1|Rillaboom, L50, F|
|poke|p1|Eternatus, L50|
|poke|p2|Calyrex-Shadow, L50|
|poke|p2|Zamazenta-*, L50|
|poke|p2|Incineroar, L50, F|
|poke|p2|Rillaboom, L50, F|
|poke|p2|Raging Bolt, L50|
|poke|p2|Whimsicott, L50, F|
|teampreview|4
|inactive|Battle timer is ON: inactive players will automatically lose when time's up. (requested by Dan1eLG)
Dan1eLG rejected open team sheets.
|
|t:|1750856489
|start
|switch|p1a: Muk|Muk-Alola, L50, F|100/100
|switch|p1b: Smeargle|Smeargle, L50, F|100/100
|switch|p2a: Zamazenta|Zamazenta-Crowned, L50|100/100
|switch|p2b: Incineroar|Incineroar, L50, F|100/100
|-ability|p2a: Zamazenta|Dauntless Shield|boost
|-boost|p2a: Zamazenta|def|1
|-ability|p2b: Incineroar|Intimidate|boost
|-unboost|p1a: Muk|atk|1
|-unboost|p1b: Smeargle|atk|1
|turn|1
|
|t:|1750856508
|move|p1a: Muk|Protect|p1a: Muk
|-singleturn|p1a: Muk|Protect
|move|p2b: Incineroar|Fake Out|p1b: Smeargle
|-damage|p1b: Smeargle|70/100
|move|p2a: Zamazenta|Heavy Slam|p1b: Smeargle
|-damage|p1b: Smeargle|0 fnt
|faint|p1b: Smeargle
|-ability|p1a: Muk|Moody|[from] ability: Power of Alchemy|[of] p1b: Smeargle
|
|-ability|p1a: Muk|Moody|boost
|-boost|p1a: Muk|spd|2
|-unboost|p1a: Muk|spe|1
|upkeep
|
|t:|1750856517
|switch|p1b: Calyrex|Calyrex-Shadow, L50|100/100
|-ability|p1b: Calyrex|As One
|-ability|p1b: Calyrex|Unnerve
|turn|2
|
|t:|1750856534
|move|p1b: Calyrex|Protect|p1b: Calyrex
|-singleturn|p1b: Calyrex|Protect
|move|p2a: Zamazenta|Heavy Slam|p1b: Calyrex
|-activate|p1b: Calyrex|move: Protect
|move|p2b: Incineroar|Knock Off|p1a: Muk
|-resisted|p1a: Muk
|-damage|p1a: Muk|87/100
|-enditem|p1a: Muk|Leftovers|[from] move: Knock Off|[of] p2b: Incineroar
|move|p1a: Muk|Minimize|p1a: Muk
|-boost|p1a: Muk|evasion|2
|
|-ability|p1a: Muk|Moody|boost
|-boost|p1a: Muk|spa|2
|-unboost|p1a: Muk|atk|1
|upkeep
|turn|3
|
|t:|1750856558
|switch|p1b: Flamigo|Flamigo, L50, F|100/100
|-copyboost|p1b: Flamigo|p1a: Muk|[from] ability: Costar
|-enditem|p1b: Flamigo|White Herb
|-clearnegativeboost|p1b: Flamigo|[silent]
|move|p2a: Zamazenta|Body Press|p1a: Muk
|-damage|p1a: Muk|39/100
|move|p2b: Incineroar|Flare Blitz|p1a: Muk
|-damage|p1a: Muk|7/100
|-damage|p2b: Incineroar|89/100|[from] Recoil
|move|p1a: Muk|Minimize|p1a: Muk
|-boost|p1a: Muk|evasion|2
|
|-ability|p1a: Muk|Moody|boost
|-boost|p1a: Muk|spd|2
|-unboost|p1a: Muk|def|1
|upkeep
|turn|4
|
|t:|1750856580
|-terastallize|p2b: Incineroar|Ghost
|move|p2a: Zamazenta|Protect|p2a: Zamazenta
|-singleturn|p2a: Zamazenta|Protect
|move|p1a: Muk|Protect|p1a: Muk
|-singleturn|p1a: Muk|Protect
|move|p1b: Flamigo|Close Combat|p2b: Incineroar
|-immune|p2b: Incineroar
|move|p2b: Incineroar|Flare Blitz|p1a: Muk
|-activate|p1a: Muk|move: Protect
|
|-ability|p1a: Muk|Moody|boost
|-boost|p1a: Muk|atk|2
|-unboost|p1a: Muk|spd|1
|upkeep
|turn|5
|
|t:|1750856601
|switch|p1b: Calyrex|Calyrex-Shadow, L50|100/100
|-ability|p1b: Calyrex|As One
|-ability|p1b: Calyrex|Unnerve
|move|p2a: Zamazenta|Body Press|p1a: Muk|[miss]
|-miss|p2a: Zamazenta|p1a: Muk
|move|p2b: Incineroar|Flare Blitz|p1a: Muk
|-damage|p1a: Muk|0 fnt
|faint|p1a: Muk
|-damage|p2b: Incineroar|87/100|[from] Recoil
|
|upkeep
|-message|Dan1eLG forfeited.
|
|win|Leacenh
|raw|Dan1eLG's rating: 1483 &rarr; <strong>1459</strong><br />(-24 for losing)
|raw|Leacenh's rating: 1414 &rarr; <strong>1438</strong><br />(+24 for winning)
|l|☆Dan1eLG
|player|p1|
|l|☆Leacenh
|player|p2|
