|j|☆aryecki
|j|☆qbking3
|html|<table width="100%"><tr><td align="left">aryecki</td><td align="right">qbking3</tr><tr><td align="left"><i class="fa fa-circle-o"></i> <i class="fa fa-circle-o"></i> </td><td align="right"><i class="fa fa-circle-o"></i> <i class="fa fa-circle-o"></i> </tr></table>
|uhtml|bestof|<h2><strong>Game 1</strong> of <a href="/game-bestof3-gen9vgc2025regi-2391321756">a best-of-3</a></h2>
|t:|1750835714
|gametype|doubles
|player|p1|aryecki|doubleteam|
|player|p2|qbking3|marnie-league|
|teamsize|p1|6
|teamsize|p2|6
|gen|9
|tier|[Gen 9] VGC 2025 Reg I
|rule|Species Clause: Limit one of each Pokémon
|rule|Item Clause: Limit 1 of each item
|rule|Terastal Clause: You cannot Terastallize
|raw|<div class="infobox"><details class="readmore"><summary><strong>51 custom rules:</strong></summary> Terastal Clause, -All Pokemon, +Unobtainable, +Past, !!Min Source Gen = 1, bestof=3, -ND Uber, -ND AG, -ND OU, -ND UUBL, -ND UU, -ND RUBL, -ND RU, -ND NFE, -ND LC, +Tyranitar-Base, +Masquerain, +Electrode-Base, +Arctozolt, +Honchkrow, +Mienshao, +Simisage, +Luvdisc, +Quaquaval, +Toedscruel, +Grapploct, +Slowking-Base, +Smeargle, +Tangrowth, +Furfrou, +Rabsca, +Drakloak, +Mimikyu-Base, +Uxie, +Primeape, +Purugly, +Orbeetle, +Glimmora, +Klawf, +Archeops, +Espeon, +Arbok, +Dugtrio-Alola, +Slowking-Galar, +Ditto, +Bruxish, +Escavalier, +Simipour, +Calyrex-Base, +Lunatone, -Tyranitarite</details></div>
|clearpoke
|poke|p1|Honchkrow, L50, F|
|poke|p1|Bruxish, L50, F|
|poke|p1|Tangrowth, L50, F|
|poke|p1|Archeops, L50, F|
|poke|p1|Arbok, L50, M|
|poke|p1|Escavalier, L50, F|
|poke|p2|Mimikyu, L50, F|
|poke|p2|Escavalier, L50, M|
|poke|p2|Slowking-Galar, L50, F|
|poke|p2|Mienshao, L50, M|
|poke|p2|Tyranitar, L50, M|
|poke|p2|Smeargle, L50, M|
|teampreview|4
qbking3 has agreed to open team sheets.
aryecki has agreed to open team sheets.
|showteam|p1|Honchkrow||ScopeLens|SuperLuck|Tailwind,Protect,NightSlash,BraveBird|||F|||50|]Bruxish||AssaultVest|Dazzling|IcyWind,SuperFang,Surf,PsychicNoise|||F|||50|]Tangrowth||EjectPack|Regenerator|RagePowder,Protect,KnockOff,LeafStorm|||F|||50|]Archeops||ChoiceBand|Defeatist|Earthquake,StoneEdge,Uturn,DualWingbeat|||F|||50|]Arbok||CovertCloak|Intimidate|Protect,Earthquake,GunkShot,Coil|||M|||50|]Escavalier||SitrusBerry|Overcoat|CloseCombat,IronHead,KnockOff,Megahorn|||F|||50|
|showteam|p2|Mimikyu||MentalHerb|Disguise|ShadowSneak,Taunt,WillOWisp,TrickRoom|||F|||50|]Escavalier||LifeOrb|Overcoat|Megahorn,IronHead,CloseCombat,Protect|||M|||50|]Slowking-Galar||WeaknessPolicy|Regenerator|SludgeWave,Flamethrower,FocusBlast,Protect|||F|||50|]Mienshao||EjectPack|InnerFocus|FakeOut,CloseCombat,Feint,WideGuard|||M|||50|]Tyranitar||LumBerry|SandStream|RockSlide,KnockOff,LowKick,DragonDance|||M|||50|]Smeargle||FocusSash|Moody|FollowMe,LovelyKiss,Decorate,BurningBulwark|||M|||50|
|c|☆qbking3|glhf
|c|☆aryecki|glhf
|
|t:|1750835780
|start
|switch|p1a: Bruxish|Bruxish, L50, F|100/100
|switch|p1b: Archeops|Archeops, L50, F|100/100
|switch|p2a: Mimikyu|Mimikyu, L50, F|100/100
|switch|p2b: Mienshao|Mienshao, L50, M|100/100
|turn|1
|
|t:|1750835820
|move|p2b: Mienshao|Wide Guard|p2b: Mienshao
|-singleturn|p2b: Mienshao|Wide Guard
|move|p1b: Archeops|Dual Wingbeat|p2a: Mimikyu
|-activate|p2a: Mimikyu|ability: Disguise
|-damage|p2a: Mimikyu|100/100
|detailschange|p2a: Mimikyu|Mimikyu-Busted, L50, F
|-damage|p2a: Mimikyu|88/100|[from] pokemon: Mimikyu-Busted
|-damage|p2a: Mimikyu|53/100
|-hitcount|p2a: Mimikyu|2
|move|p1a: Bruxish|Psychic Noise|p2a: Mimikyu
|-damage|p2a: Mimikyu|21/100
|-start|p2a: Mimikyu|move: Heal Block
|-enditem|p2a: Mimikyu|Mental Herb
|-end|p2a: Mimikyu|move: Heal Block
|move|p2a: Mimikyu|Trick Room|p2a: Mimikyu
|-fieldstart|move: Trick Room|[of] p2a: Mimikyu
|
|upkeep
|turn|2
|
|t:|1750835850
|switch|p2b: Escavalier|Escavalier, L50, M|100/100
|move|p1a: Bruxish|Surf|p2b: Escavalier|[spread] p1b,p2a,p2b
|-supereffective|p1b: Archeops
|-damage|p1b: Archeops|21/100
|-damage|p2a: Mimikyu|0 fnt
|-damage|p2b: Escavalier|73/100
|faint|p2a: Mimikyu
|move|p1b: Archeops|Dual Wingbeat|p2b: Escavalier
|-damage|p2b: Escavalier|56/100
|-damage|p2b: Escavalier|37/100
|-hitcount|p2b: Escavalier|2
|
|upkeep
|
|t:|1750835860
|switch|p2a: Slowking|Slowking-Galar, L50, F|100/100
|turn|3
|c|☆aryecki|(worth)
|
|t:|1750835886
|move|p2b: Escavalier|Megahorn|p1a: Bruxish
|-supereffective|p1a: Bruxish
|-damage|p1a: Bruxish|0 fnt
|faint|p1a: Bruxish
|-damage|p2b: Escavalier|27/100|[from] item: Life Orb
|move|p2a: Slowking|Sludge Wave|p1b: Archeops|[spread] p1b
|-immune|p2b: Escavalier
|-resisted|p1b: Archeops
|-damage|p1b: Archeops|0 fnt
|faint|p1b: Archeops
|
|upkeep
|
|t:|1750835898
|switch|p1a: Honchkrow|Honchkrow, L50, F|100/100
|switch|p1b: Arbok|Arbok, L50, M|100/100
|-ability|p1b: Arbok|Intimidate|boost
|-unboost|p2a: Slowking|atk|1
|-unboost|p2b: Escavalier|atk|1
|turn|4
|
|t:|1750835963
|move|p1b: Arbok|Protect|p1b: Arbok
|-singleturn|p1b: Arbok|Protect
|move|p2b: Escavalier|Iron Head|p1b: Arbok
|-activate|p1b: Arbok|move: Protect
|move|p2a: Slowking|Sludge Wave|p1b: Arbok|[spread] p1a
|-activate|p1b: Arbok|move: Protect
|-immune|p2b: Escavalier
|-damage|p1a: Honchkrow|51/100
|move|p1a: Honchkrow|Night Slash|p2a: Slowking
|-supereffective|p2a: Slowking
|-crit|p2a: Slowking
|-damage|p2a: Slowking|0 fnt
|faint|p2a: Slowking
|
|upkeep
|
|t:|1750835966
|switch|p2a: Mienshao|Mienshao, L50, M|100/100
|turn|5
|
|t:|1750835990
|move|p1a: Honchkrow|Protect|p1a: Honchkrow
|-singleturn|p1a: Honchkrow|Protect
|move|p2a: Mienshao|Fake Out|p1a: Honchkrow
|-activate|p1a: Honchkrow|move: Protect
|move|p2b: Escavalier|Iron Head|p1b: Arbok
|-damage|p1b: Arbok|38/100
|-damage|p2b: Escavalier|17/100|[from] item: Life Orb
|move|p1b: Arbok|Coil|p1b: Arbok
|-boost|p1b: Arbok|atk|1
|-boost|p1b: Arbok|def|1
|-boost|p1b: Arbok|accuracy|1
|
|-fieldend|move: Trick Room
|upkeep
|turn|6
|
|t:|1750836029
|move|p2a: Mienshao|Close Combat|p1a: Honchkrow
|-damage|p1a: Honchkrow|0 fnt
|-unboost|p2a: Mienshao|def|1
|-unboost|p2a: Mienshao|spd|1
|faint|p1a: Honchkrow
|move|p1b: Arbok|Earthquake|p2b: Escavalier|[spread] p2a,p2b
|-damage|p2a: Mienshao|8/100
|-damage|p2b: Escavalier|0 fnt
|faint|p2b: Escavalier
|
|upkeep
|turn|7
|
|t:|1750836043
|move|p2a: Mienshao|Close Combat|p1b: Arbok
|-resisted|p1b: Arbok
|-damage|p1b: Arbok|9/100
|-unboost|p2a: Mienshao|def|1
|-unboost|p2a: Mienshao|spd|1
|move|p1b: Arbok|Earthquake|p2a: Mienshao
|-damage|p2a: Mienshao|0 fnt
|faint|p2a: Mienshao
|
|win|aryecki
