|j|☆kingslurp88
|j|☆Nd103
|t:|1750831651
|gametype|doubles
|player|p1|kingslurp88|hilda-wonderlauncher|1235
|player|p2|Nd103|170|1181
|teamsize|p1|6
|teamsize|p2|6
|gen|9
|tier|[Gen 9] VGC 2025 Reg I
|rated|
|rule|Species Clause: Limit one of each Pokémon
|rule|Item Clause: Limit 1 of each item
|clearpoke
|poke|p1|Hatterene, L50, F|
|poke|p1|Terapagos, L50, M|
|poke|p1|Primarina, L50, F|
|poke|p1|Calyrex-Ice, L50|
|poke|p1|Ursaluna, L50, M|
|poke|p1|Incineroar, L50, F|
|poke|p2|Calyrex-Shadow, L50|
|poke|p2|Grimmsnarl, L50, M|
|poke|p2|Rillaboom, L50, F|
|poke|p2|Ogerpon-Wellspring, L50, F|
|poke|p2|Incineroar, L50, M|
|poke|p2|Zacian-*, L50|
|teampreview|4
|inactive|Battle timer is ON: inactive players will automatically lose when time's up. (requested by kingslurp88)
|
|t:|1750831673
|start
|switch|p1a: Hatterene|Hatterene, L50, F|100/100
|switch|p1b: Terapagos|Terapagos, L50, M|100/100
|switch|p2a: Zacian|Zacian-Crowned, L50|100/100
|switch|p2b: Rillaboom|Rillaboom, L50, F|100/100
|-activate|p1b: Terapagos|ability: Tera Shift
|detailschange|p1b: Terapagos|Terapagos-Terastal, L50, M
|-heal|p1b: Terapagos|100/100|[silent]
|-ability|p2a: Zacian|Intrepid Sword|boost
|-boost|p2a: Zacian|atk|1
|-fieldstart|move: Grassy Terrain|[from] ability: Grassy Surge|[of] p2b: Rillaboom
|turn|1
|
|t:|1750831688
|move|p1b: Terapagos|Protect|p1b: Terapagos
|-singleturn|p1b: Terapagos|Protect
|move|p1a: Hatterene|Protect|p1a: Hatterene
|-singleturn|p1a: Hatterene|Protect
|move|p2b: Rillaboom|Fake Out|p1b: Terapagos
|-activate|p1b: Terapagos|move: Protect
|move|p2a: Zacian|Behemoth Blade|p1a: Hatterene
|-activate|p1a: Hatterene|move: Protect
|
|upkeep
|turn|2
|
|t:|1750831712
|move|p2a: Zacian|Behemoth Blade|p1a: Hatterene
|-supereffective|p1a: Hatterene
|-enditem|p1a: Hatterene|Focus Sash
|-damage|p1a: Hatterene|1/100
|move|p2b: Rillaboom|U-turn|p1b: Terapagos
|-activate|p1b: Terapagos|ability: Tera Shell
|-resisted|p1b: Terapagos
|-damage|p1b: Terapagos|91/100
|
|t:|1750831722
|switch|p2b: Incineroar|Incineroar, L50, M|100/100|[from] U-turn
|-ability|p2b: Incineroar|Intimidate|boost
|-unboost|p1a: Hatterene|atk|1
|-unboost|p1b: Terapagos|atk|1
|move|p1b: Terapagos|Calm Mind|p1b: Terapagos
|-boost|p1b: Terapagos|spa|1
|-boost|p1b: Terapagos|spd|1
|move|p1a: Hatterene|Trick Room|p1a: Hatterene
|-fieldstart|move: Trick Room|[of] p1a: Hatterene
|
|-heal|p1a: Hatterene|7/100|[from] Grassy Terrain
|-heal|p1b: Terapagos|97/100|[from] Grassy Terrain
|-heal|p1b: Terapagos|100/100|[from] item: Leftovers
|upkeep
|turn|3
|inactive|Nd103 has 30 seconds left.
|
|t:|1750831748
|move|p1a: Hatterene|Protect|p1a: Hatterene
|-singleturn|p1a: Hatterene|Protect
|move|p1b: Terapagos|Protect|p1b: Terapagos
|-singleturn|p1b: Terapagos|Protect
|move|p2b: Incineroar|Knock Off|p1b: Terapagos
|-activate|p1b: Terapagos|move: Protect
|move|p2a: Zacian|Sacred Sword|p1b: Terapagos
|-activate|p1b: Terapagos|move: Protect
|
|-heal|p1a: Hatterene|13/100|[from] Grassy Terrain
|upkeep
|turn|4
|inactive|kingslurp88 has 30 seconds left.
|inactive|Nd103 has 30 seconds left.
|
|t:|1750831776
|move|p1a: Hatterene|Mystical Fire|p2a: Zacian
|-supereffective|p2a: Zacian
|-damage|p2a: Zacian|42/100
|-unboost|p2a: Zacian|spa|1
|move|p2b: Incineroar|Knock Off|p1a: Hatterene
|-damage|p1a: Hatterene|0 fnt
|faint|p1a: Hatterene
|move|p1b: Terapagos|Dazzling Gleam|p2b: Incineroar|[spread] p2a,p2b
|-resisted|p2a: Zacian
|-damage|p2a: Zacian|27/100
|-damage|p2b: Incineroar|73/100
|move|p2a: Zacian|Sacred Sword|p1b: Terapagos
|-activate|p1b: Terapagos|ability: Tera Shell
|-resisted|p1b: Terapagos
|-crit|p1b: Terapagos
|-damage|p1b: Terapagos|69/100
|
|-heal|p2b: Incineroar|79/100|[from] Grassy Terrain
|-heal|p1b: Terapagos|75/100|[from] Grassy Terrain
|-heal|p1b: Terapagos|81/100|[from] item: Leftovers
|-heal|p2a: Zacian|33/100|[from] Grassy Terrain
|upkeep
|
|t:|1750831795
|switch|p1a: Primarina|Primarina, L50, F|100/100
|turn|5
|
|t:|1750831812
|move|p2a: Zacian|Protect|p2a: Zacian
|-singleturn|p2a: Zacian|Protect
|move|p1a: Primarina|Hyper Voice|p2b: Incineroar|[spread] p2b
|-activate|p2a: Zacian|move: Protect
|-supereffective|p2b: Incineroar
|-damage|p2b: Incineroar|5/100
|move|p2b: Incineroar|Parting Shot|p1b: Terapagos
|-unboost|p1b: Terapagos|atk|1
|-unboost|p1b: Terapagos|spa|1
|
|t:|1750831818
|switch|p2b: Rillaboom|Rillaboom, L50, F|100/100|[from] Parting Shot
|move|p1b: Terapagos|Calm Mind|p1b: Terapagos
|-boost|p1b: Terapagos|spa|1
|-boost|p1b: Terapagos|spd|1
|
|-heal|p1b: Terapagos|87/100|[from] Grassy Terrain
|-heal|p1b: Terapagos|93/100|[from] item: Leftovers
|-heal|p2a: Zacian|39/100|[from] Grassy Terrain
|-fieldend|move: Grassy Terrain
|upkeep
|turn|6
|inactive|Nd103 has 30 seconds left.
|
|t:|1750831851
|switch|p2b: Incineroar|Incineroar, L50, M|5/100
|-ability|p2b: Incineroar|Intimidate|boost
|-unboost|p1a: Primarina|atk|1
|-unboost|p1b: Terapagos|atk|1
|move|p1a: Primarina|Protect|p1a: Primarina
|-singleturn|p1a: Primarina|Protect
|move|p1b: Terapagos|Protect|p1b: Terapagos
|-singleturn|p1b: Terapagos|Protect
|move|p2a: Zacian|Sacred Sword|p1b: Terapagos
|-activate|p1b: Terapagos|move: Protect
|
|-heal|p1b: Terapagos|99/100|[from] item: Leftovers
|-fieldend|move: Trick Room
|upkeep
|turn|7
|
|t:|1750831868
|move|p2b: Incineroar|Fake Out|p1b: Terapagos
|-damage|p1b: Terapagos|87/100
|move|p2a: Zacian|Sacred Sword|p1b: Terapagos
|-supereffective|p1b: Terapagos
|-damage|p1b: Terapagos|0 fnt
|faint|p1b: Terapagos
|move|p1a: Primarina|Hyper Voice|p2b: Incineroar|[spread] p2a,p2b
|-supereffective|p2b: Incineroar
|-damage|p2a: Zacian|4/100
|-damage|p2b: Incineroar|0 fnt
|faint|p2b: Incineroar
|
|upkeep
|
|t:|1750831880
|switch|p1b: Calyrex|Calyrex-Ice, L50|100/100
|switch|p2b: Rillaboom|Rillaboom, L50, F|100/100
|-ability|p1b: Calyrex|As One
|-ability|p1b: Calyrex|Unnerve
|-fieldstart|move: Grassy Terrain|[from] ability: Grassy Surge|[of] p2b: Rillaboom
|turn|8
|
|t:|1750831897
|move|p1a: Primarina|Protect|p1a: Primarina
|-singleturn|p1a: Primarina|Protect
|move|p1b: Calyrex|Protect|p1b: Calyrex
|-singleturn|p1b: Calyrex|Protect
|move|p2b: Rillaboom|Fake Out|p1b: Calyrex
|-activate|p1b: Calyrex|move: Protect
|move|p2a: Zacian|Behemoth Blade|p1a: Primarina
|-activate|p1a: Primarina|move: Protect
|
|-heal|p2a: Zacian|10/100|[from] Grassy Terrain
|upkeep
|turn|9
|inactive|Nd103 has 30 seconds left.
|
|t:|1750831924
|move|p2a: Zacian|Behemoth Blade|p1a: Primarina
|-damage|p1a: Primarina|0 fnt
|faint|p1a: Primarina
|move|p2b: Rillaboom|U-turn|p1b: Calyrex
|-supereffective|p1b: Calyrex
|-damage|p1b: Calyrex|71/100
|
|t:|1750831931
|switch|p2b: Calyrex|Calyrex-Shadow, L50|100/100|[from] U-turn
|-ability|p2b: Calyrex|As One
|-ability|p2b: Calyrex|Unnerve
|move|p1b: Calyrex|Trick Room|p1b: Calyrex
|-fieldstart|move: Trick Room|[of] p1b: Calyrex
|
|-heal|p1b: Calyrex|76/100|[from] Grassy Terrain
|-heal|p2a: Zacian|16/100|[from] Grassy Terrain
|upkeep
|turn|10
|
|t:|1750831944
|-terastallize|p1b: Calyrex|Electric
|move|p2a: Zacian|Protect|p2a: Zacian
|-singleturn|p2a: Zacian|Protect
|move|p1b: Calyrex|Glacial Lance|p2b: Calyrex|[spread] p2b
|-activate|p2a: Zacian|move: Protect
|-damage|p2b: Calyrex|31/100
|move|p2b: Calyrex|Astral Barrage|p1b: Calyrex
|-damage|p1b: Calyrex|8/100
|-damage|p2b: Calyrex|22/100|[from] item: Life Orb
|
|-heal|p1b: Calyrex|14/100|[from] Grassy Terrain
|-heal|p2a: Zacian|22/100|[from] Grassy Terrain
|-heal|p2b: Calyrex|27/100|[from] Grassy Terrain
|upkeep
|turn|11
|
|t:|1750831965
|move|p2b: Calyrex|Protect|p2b: Calyrex
|-singleturn|p2b: Calyrex|Protect
|move|p1b: Calyrex|Glacial Lance|p2b: Calyrex|[spread] p2a
|-activate|p2b: Calyrex|move: Protect
|-resisted|p2a: Zacian
|-crit|p2a: Zacian
|-damage|p2a: Zacian|0 fnt
|faint|p2a: Zacian
|-ability|p1b: Calyrex|Chilling Neigh|boost
|-boost|p1b: Calyrex|atk|1
|
|-heal|p1b: Calyrex|19/100|[from] Grassy Terrain
|-heal|p2b: Calyrex|33/100|[from] Grassy Terrain
|upkeep
|
|t:|1750831967
|switch|p2a: Rillaboom|Rillaboom, L50, F|100/100
|turn|12
|
|t:|1750831983
|move|p1b: Calyrex|Protect|p1b: Calyrex
|-singleturn|p1b: Calyrex|Protect
|move|p2a: Rillaboom|Grassy Glide|p1b: Calyrex
|-activate|p1b: Calyrex|move: Protect
|move|p2b: Calyrex|Astral Barrage|p1b: Calyrex
|-activate|p1b: Calyrex|move: Protect
|
|-heal|p1b: Calyrex|25/100|[from] Grassy Terrain
|-heal|p2b: Calyrex|39/100|[from] Grassy Terrain
|-fieldend|move: Grassy Terrain
|upkeep
|turn|13
|
|t:|1750831995
|move|p2b: Calyrex|Protect|p2b: Calyrex
|-singleturn|p2b: Calyrex|Protect
|move|p1b: Calyrex|Glacial Lance|p2a: Rillaboom|[spread] p2a
|-activate|p2b: Calyrex|move: Protect
|-supereffective|p2a: Rillaboom
|-damage|p2a: Rillaboom|0 fnt
|faint|p2a: Rillaboom
|-ability|p1b: Calyrex|Chilling Neigh|boost
|-boost|p1b: Calyrex|atk|1
|
|-fieldend|move: Trick Room
|upkeep
|turn|14
|
|t:|1750832014
|move|p2b: Calyrex|Astral Barrage|p1b: Calyrex
|-damage|p1b: Calyrex|0 fnt
|faint|p1b: Calyrex
|-damage|p2b: Calyrex|29/100|[from] item: Life Orb
|
|win|Nd103
|raw|kingslurp88's rating: 1235 &rarr; <strong>1206</strong><br />(-29 for losing)
|raw|Nd103's rating: 1181 &rarr; <strong>1210</strong><br />(+29 for winning)
|l|☆Nd103
|player|p2|
|l|☆kingslurp88
|player|p1|
