|j|☆TheBallistic1
|j|☆413XPlayz
|html|<table width="100%"><tr><td align="left">TheBallistic1</td><td align="right">413XPlayz</tr><tr><td align="left"><i class="fa fa-circle-o"></i> <i class="fa fa-circle-o"></i> </td><td align="right"><i class="fa fa-circle-o"></i> <i class="fa fa-circle-o"></i> </tr></table>
|uhtml|bestof|<h2><strong>Game 1</strong> of <a href="/game-bestof3-gen9vgc2025regi-2390574656">a best-of-3</a></h2>
|t:|1750730906
|gametype|doubles
|player|p1|TheBallistic1|265|
|player|p2|413XPlayz|psychic|
|teamsize|p1|6
|teamsize|p2|6
|gen|9
|tier|[Gen 9] VGC 2025 Reg I
|rated|Tournament battle
|rule|Species Clause: Limit one of each Pokémon
|rule|Item Clause: Limit 1 of each item
|raw|<div class="infobox"><details class="readmore" open><summary><strong>3 custom rules:</strong></summary> Force Open Team Sheets, !Open Team Sheets, Best of = 3</details></div>
|clearpoke
|poke|p1|Koraidon, L50|
|poke|p1|Calyrex-Shadow, L50|
|poke|p1|Farigiraf, L50, M|
|poke|p1|Whimsicott, L50, F|
|poke|p1|Garchomp, L50, M|
|poke|p1|Brute Bonnet, L50|
|poke|p2|Koraidon, L50|
|poke|p2|Calyrex-Shadow, L50|
|poke|p2|Incineroar, L50, M|
|poke|p2|Jumpluff, L50, M|
|poke|p2|Iron Treads, L50|
|poke|p2|Urshifu-*, L50, M|
|teampreview|4
|showteam|p1|Koraidon||LifeOrb|OrichalcumPulse|CloseCombat,FlareBlitz,FlameCharge,Protect||||||50|,,,,,Fire]Calyrex-Shadow||FocusSash|AsOneSpectrier|AstralBarrage,PollenPuff,Psychic,Protect||||||50|,,,,,Grass]Farigiraf||ThroatSpray|ArmorTail|Imprison,TrickRoom,HyperVoice,Protect|||M|||50|,,,,,Fire]Whimsicott||CovertCloak|Prankster|Tailwind,Moonblast,Encore,Taunt|||F|||50|,,,,,Dark]Garchomp||ChoiceScarf|RoughSkin|IronHead,DragonClaw,StompingTantrum,Crunch|||M|||50|,,,,,Steel]Brute Bonnet||BoosterEnergy|Protosynthesis|Spore,RagePowder,SuckerPunch,SeedBomb||||||50|,,,,,Water
|showteam|p2|Koraidon||ClearAmulet|OrichalcumPulse|CollisionCourse,FlareBlitz,FlameCharge,Protect||||||50|,,,,,Fire]Calyrex-Shadow||FocusSash|AsOneSpectrier|AstralBarrage,Psychic,Encore,Protect||||||50|,,,,,Ghost]Incineroar||AssaultVest|Intimidate|KnockOff,FlareBlitz,Uturn,FakeOut|||M|||50|,,,,,Bug]Jumpluff||CovertCloak|Chlorophyll|Tailwind,SleepPowder,RagePowder,Protect|||M|||50|,,,,,Dark]Iron Treads||LifeOrb|QuarkDrive|SteelRoller,HighHorsepower,KnockOff,Protect||||||50|,,,,,Ghost]Urshifu||BlackGlasses|UnseenFist|WickedBlow,CloseCombat,SuckerPunch,Detect|||M|||50|,,,,,Dark
|
|t:|1750730942
|start
|switch|p1a: Honse|Calyrex-Shadow, L50|100/100
|switch|p1b: Cotton Candy|Whimsicott, L50, F, shiny|100/100
|switch|p2a: Koraidon|Koraidon, L50|100/100
|switch|p2b: Jumpluff|Jumpluff, L50, M|100/100
|-ability|p1a: Honse|As One
|-ability|p1a: Honse|Unnerve
|-weather|SunnyDay|[from] ability: Orichalcum Pulse|[of] p2a: Koraidon
|-activate|p2a: Koraidon|Orichalcum Pulse|[source]
|turn|1
|
|t:|1750730956
|-terastallize|p2a: Koraidon|Fire
|move|p1b: Cotton Candy|Tailwind|p1b: Cotton Candy
|-sidestart|p1: TheBallistic1|move: Tailwind
|move|p1a: Honse|Psychic|p2a: Koraidon
|-crit|p2a: Koraidon
|-damage|p2a: Koraidon|28/100
|move|p2b: Jumpluff|Tailwind|p2b: Jumpluff
|-sidestart|p2: 413XPlayz|move: Tailwind
|move|p2a: Koraidon|Flame Charge|p1b: Cotton Candy
|-supereffective|p1b: Cotton Candy
|-damage|p1b: Cotton Candy|0 fnt
|-boost|p2a: Koraidon|spe|1
|faint|p1b: Cotton Candy
|
|-weather|SunnyDay|[upkeep]
|upkeep
|
|t:|1750730967
|switch|p1b: Sammich|Koraidon, L50|100/100
|-activate|p1b: Sammich|ability: Orichalcum Pulse
|turn|2
|
|t:|1750730981
|move|p2b: Jumpluff|Sleep Powder|p1b: Sammich
|-status|p1b: Sammich|slp|[from] move: Sleep Powder
|move|p2a: Koraidon|Flare Blitz|p1a: Honse
|-enditem|p1a: Honse|Focus Sash
|-damage|p1a: Honse|1/100
|-damage|p2a: Koraidon|0 fnt|[from] Recoil
|faint|p2a: Koraidon
|move|p1a: Honse|Astral Barrage|p2b: Jumpluff
|-damage|p2b: Jumpluff|30/100
|cant|p1b: Sammich|slp
|
|-weather|SunnyDay|[upkeep]
|upkeep
|
|t:|1750730986
|switch|p2a: Calyrex|Calyrex-Shadow, L50|100/100
|-ability|p2a: Calyrex|As One
|-ability|p2a: Calyrex|Unnerve
|turn|3
|
|t:|1750731002
|move|p2b: Jumpluff|Sleep Powder|p1a: Honse
|-status|p1a: Honse|slp|[from] move: Sleep Powder
|cant|p1a: Honse|slp
|move|p2a: Calyrex|Astral Barrage|p1b: Sammich|[spread] p1a,p1b
|-supereffective|p1a: Honse
|-damage|p1a: Honse|0 fnt
|-damage|p1b: Sammich|42/100 slp
|faint|p1a: Honse
|-ability|p2a: Calyrex|Grim Neigh|boost
|-boost|p2a: Calyrex|spa|1
|cant|p1b: Sammich|slp
|
|-weather|SunnyDay|[upkeep]
|upkeep
|
|t:|1750731011
|switch|p1a: Menace|Garchomp, L50, M|100/100
|turn|4
|
|t:|1750731036
|move|p2b: Jumpluff|Protect|p2b: Jumpluff
|-singleturn|p2b: Jumpluff|Protect
|move|p2a: Calyrex|Protect|p2a: Calyrex
|-singleturn|p2a: Calyrex|Protect
|move|p1a: Menace|Dragon Claw|p2a: Calyrex
|-activate|p2a: Calyrex|move: Protect
|-curestatus|p1b: Sammich|slp|[msg]
|move|p1b: Sammich|Flare Blitz|p2a: Calyrex
|-activate|p2a: Calyrex|move: Protect
|
|-weather|SunnyDay|[upkeep]
|-sideend|p2: 413XPlayz|move: Tailwind
|-sideend|p1: TheBallistic1|move: Tailwind
|upkeep
|turn|5
|
|t:|1750731047
|move|p2b: Jumpluff|Tailwind|p2b: Jumpluff
|-sidestart|p2: 413XPlayz|move: Tailwind
|move|p2a: Calyrex|Astral Barrage|p1a: Menace|[spread] p1a,p1b
|-damage|p1a: Menace|7/100
|-damage|p1b: Sammich|0 fnt
|faint|p1b: Sammich
|-ability|p2a: Calyrex|Grim Neigh|boost
|-boost|p2a: Calyrex|spa|1
|move|p1a: Menace|Dragon Claw|p2a: Calyrex
|-damage|p2a: Calyrex|48/100
|
|-weather|none
|upkeep
|turn|6
|
|t:|1750731059
|move|p2a: Calyrex|Astral Barrage|p1a: Menace
|-damage|p1a: Menace|0 fnt
|faint|p1a: Menace
|
|win|413XPlayz
|l|☆TheBallistic1
|player|p1|
||TheBallistic1 is ready for game 2.
|inactive|413XPlayz has 30 seconds to confirm battle start!
||413XPlayz is ready for game 2.
|uhtml|next|Next: <a href="/battle-gen9vgc2025regi-2390575807"><strong>Game 2 of 3</strong></a>
