|j|☆Pizzzaguy9
|j|☆Fred Corbin
|t:|1750854923
|gametype|doubles
|player|p1|Pizzzaguy9|blue|1374
|player|p2|Fred Corbin|volkner|1274
|teamsize|p1|6
|teamsize|p2|6
|gen|9
|tier|[Gen 9] VGC 2025 Reg I
|rated|
|rule|Species Clause: Limit one of each Pokémon
|rule|Item Clause: Limit 1 of each item
|clearpoke
|poke|p1|Ho-Oh, L50|
|poke|p1|Groudon, L50|
|poke|p1|Raging Bolt, L50|
|poke|p1|Flutter Mane, L50|
|poke|p1|Indeedee-F, L50, F|
|poke|p1|Gholdengo, L50|
|poke|p2|Koraidon, L50|
|poke|p2|Groudon, L50|
|poke|p2|Brute Bonnet, L50|
|poke|p2|Gastrodon-East, L50, F|
|poke|p2|Raging Bolt, L50|
|poke|p2|Flutter Mane, L50|
|teampreview|4
|inactive|Battle timer is ON: inactive players will automatically lose when time's up. (requested by Fred Corbin)
Fred Corbin rejected open team sheets.
|inactive|Pizzzaguy9 has 60 seconds left.
|inactive|Pizzzaguy9 has 30 seconds left.
|inactive|Pizzzaguy9 has 20 seconds left.
|inactive|Pizzzaguy9 has 15 seconds left.
|inactive|Pizzzaguy9 has 10 seconds left.
|inactive|Pizzzaguy9 has 5 seconds left.
|
|t:|1750855013
|start
|switch|p1a: Flutter Mane|Flutter Mane, L50|100/100
|switch|p1b: Ho-Oh|Ho-Oh, L50|100/100
|switch|p2a: Groudon|Groudon, L50|100/100
|switch|p2b: Flutter Mane|Flutter Mane, L50|100/100
|-weather|SunnyDay|[from] ability: Drought|[of] p2a: Groudon
|-activate|p1a: Flutter Mane|ability: Protosynthesis
|-start|p1a: Flutter Mane|protosynthesisspe
|-activate|p2b: Flutter Mane|ability: Protosynthesis
|-start|p2b: Flutter Mane|protosynthesisspe
|turn|1
|inactive|Pizzzaguy9 has 30 seconds left.
|
|t:|1750855041
|-terastallize|p1a: Flutter Mane|Fairy
|move|p2b: Flutter Mane|Icy Wind|p1a: Flutter Mane|[spread] p1a,p1b
|-damage|p1a: Flutter Mane|84/100
|-damage|p1b: Ho-Oh|92/100
|-unboost|p1a: Flutter Mane|spe|1
|-unboost|p1b: Ho-Oh|spe|1
|move|p1a: Flutter Mane|Moonblast|p2a: Groudon
|-damage|p2a: Groudon|44/100
|move|p2a: Groudon|Rock Slide|p1b: Ho-Oh|[spread] p1a,p1b
|-supereffective|p1b: Ho-Oh
|-damage|p1a: Flutter Mane|31/100
|-damage|p1b: Ho-Oh|31/100
|move|p1b: Ho-Oh|Sacred Fire|p2a: Groudon
|-damage|p2a: Groudon|2/100
|
|-weather|SunnyDay|[upkeep]
|upkeep
|turn|2
|inactive|Pizzzaguy9 has 30 seconds left.
|
|t:|1750855070
|switch|p1b: Indeedee|Indeedee-F, L50, F|100/100
|-fieldstart|move: Psychic Terrain|[from] ability: Psychic Surge|[of] p1b: Indeedee
|move|p1a: Flutter Mane|Protect|p1a: Flutter Mane
|-singleturn|p1a: Flutter Mane|Protect
|move|p2b: Flutter Mane|Moonblast|p1a: Flutter Mane
|-activate|p1a: Flutter Mane|move: Protect
|move|p2a: Groudon|Rock Slide|p1b: Indeedee|[spread] p1b
|-activate|p1a: Flutter Mane|move: Protect
|-damage|p1b: Indeedee|76/100
|
|-weather|SunnyDay|[upkeep]
|upkeep
|turn|3
|
|t:|1750855090
|move|p1b: Indeedee|Follow Me|p1b: Indeedee
|-singleturn|p1b: Indeedee|move: Follow Me
|move|p2b: Flutter Mane|Moonblast|p1b: Indeedee
|-damage|p1b: Indeedee|33/100
|move|p1a: Flutter Mane|Moonblast|p2a: Groudon
|-damage|p2a: Groudon|0 fnt
|faint|p2a: Groudon
|
|-weather|SunnyDay|[upkeep]
|upkeep
|
|t:|1750855093
|switch|p2a: Koraidon|Koraidon, L50|100/100
|-activate|p2a: Koraidon|ability: Orichalcum Pulse
|turn|4
|
|t:|1750855115
|-end|p1a: Flutter Mane|Protosynthesis|[silent]
|switch|p1a: Groudon|Groudon, L50|100/100
|-terastallize|p2a: Koraidon|Fire
|move|p2b: Flutter Mane|Moonblast|p1a: Groudon
|-damage|p1a: Groudon|47/100
|-unboost|p1a: Groudon|spa|1
|move|p2a: Koraidon|Scale Shot|p1b: Indeedee|[miss]
|-miss|p2a: Koraidon|p1b: Indeedee
|move|p1b: Indeedee|Shadow Ball|p2b: Flutter Mane
|-supereffective|p2b: Flutter Mane
|-damage|p2b: Flutter Mane|65/100
|
|-weather|SunnyDay|[upkeep]
|upkeep
|turn|5
|inactive|Fred Corbin has 30 seconds left.
|
|t:|1750855144
|move|p1b: Indeedee|Helping Hand|p1a: Groudon
|-singleturn|p1a: Groudon|Helping Hand|[of] p1b: Indeedee
|move|p2b: Flutter Mane|Moonblast|p1b: Indeedee
|-damage|p1b: Indeedee|0 fnt
|faint|p1b: Indeedee
|move|p1a: Groudon|High Horsepower|p2a: Koraidon
|-supereffective|p2a: Koraidon
|-damage|p2a: Koraidon|0 fnt
|faint|p2a: Koraidon
|
|-weather|none
|-end|p2b: Flutter Mane|Protosynthesis
|upkeep
|
|t:|1750855160
|switch|p2a: Gastrodon|Gastrodon-East, L50, F|100/100
|switch|p1b: Ho-Oh|Ho-Oh, L50|65/100
|turn|6
|-message|Fred Corbin forfeited.
|
|win|Pizzzaguy9
|raw|Pizzzaguy9's rating: 1374 &rarr; <strong>1388</strong><br />(+14 for winning)
|raw|Fred Corbin's rating: 1274 &rarr; <strong>1256</strong><br />(-18 for losing)
|l|☆Fred Corbin
|player|p2|
|l|☆Pizzzaguy9
|player|p1|
