|j|☆jhytredfghj
|j|☆nuggs54
|t:|1750830760
|gametype|doubles
|player|p1|jhytredfghj|1|1162
|player|p2|nuggs54|169|1179
|teamsize|p1|6
|teamsize|p2|6
|gen|9
|tier|[Gen 9] VGC 2025 Reg I
|rated|
|rule|Species Clause: Limit one of each Pokémon
|rule|Item Clause: Limit 1 of each item
|clearpoke
|poke|p1|Incineroar, L50, M|
|poke|p1|Koraidon, L50|
|poke|p1|Flutter Mane, L50|
|poke|p1|Zamazenta-*, L50|
|poke|p1|Ogerpon-Cornerstone, L50, F|
|poke|p1|Grimmsnarl, L50, M|
|poke|p2|Zekrom, L50|
|poke|p2|Calyrex-Ice, L50|
|poke|p2|Volcarona, L50, M|
|poke|p2|Porygon2, L50|
|poke|p2|Landorus, L50, M|
|poke|p2|Chien-Pao, L50|
|teampreview|4
jhytredfghj has agreed to open team sheets.
|inactive|Battle timer is ON: inactive players will automatically lose when time's up. (requested by jhytredfghj)
nuggs54 rejected open team sheets.
|
|t:|1750830789
|start
|switch|p1a: Zamazenta|Zamazenta-Crowned, L50|100/100
|switch|p1b: Incineroar|Incineroar, L50, M|100/100
|switch|p2a: Volcarona|Volcarona, L50, M|100/100
|switch|p2b: Calyrex|Calyrex-Ice, L50|100/100
|-ability|p2b: Calyrex|As One
|-ability|p2b: Calyrex|Unnerve
|-ability|p1a: Zamazenta|Dauntless Shield|boost
|-boost|p1a: Zamazenta|def|1
|-ability|p1b: Incineroar|Intimidate|boost
|-unboost|p2a: Volcarona|atk|1
|-unboost|p2b: Calyrex|atk|1
|turn|1
|
|t:|1750830807
|move|p2a: Volcarona|Rage Powder|p2a: Volcarona
|-singleturn|p2a: Volcarona|move: Rage Powder
|move|p1a: Zamazenta|Iron Defense|p1a: Zamazenta
|-boost|p1a: Zamazenta|def|2
|move|p1b: Incineroar|Parting Shot|p2a: Volcarona
|-unboost|p2a: Volcarona|atk|1
|-unboost|p2a: Volcarona|spa|1
|
|t:|1750830819
|switch|p1b: Koraidon|Koraidon, L50|100/100|[from] Parting Shot
|-weather|SunnyDay|[from] ability: Orichalcum Pulse|[of] p1b: Koraidon
|-activate|p1b: Koraidon|Orichalcum Pulse|[source]
|move|p2b: Calyrex|Leech Seed|p1a: Zamazenta
|-start|p1a: Zamazenta|move: Leech Seed
|
|-weather|SunnyDay|[upkeep]
|-damage|p1a: Zamazenta|88/100|[from] Leech Seed|[of] p2b: Calyrex
|upkeep
|turn|2
|
|t:|1750830832
|switch|p1b: Incineroar|Incineroar, L50, M|100/100
|-ability|p1b: Incineroar|Intimidate|boost
|-unboost|p2a: Volcarona|atk|1
|-unboost|p2b: Calyrex|atk|1
|move|p2a: Volcarona|Rage Powder|p2a: Volcarona
|-singleturn|p2a: Volcarona|move: Rage Powder
|move|p1a: Zamazenta|Body Press|p2a: Volcarona
|-resisted|p2a: Volcarona
|-damage|p2a: Volcarona|44/100
|-damage|p1a: Zamazenta|72/100|[from] item: Rocky Helmet|[of] p2a: Volcarona
|move|p2b: Calyrex|Trick Room|p2b: Calyrex
|-fieldstart|move: Trick Room|[of] p2b: Calyrex
|
|-weather|SunnyDay|[upkeep]
|-damage|p1a: Zamazenta|60/100|[from] Leech Seed|[of] p2b: Calyrex
|upkeep
|turn|3
|inactive|jhytredfghj has 30 seconds left.
|
|t:|1750830857
|move|p1b: Incineroar|Fake Out|p2a: Volcarona
|-damage|p2a: Volcarona|31/100
|-damage|p1b: Incineroar|84/100|[from] item: Rocky Helmet|[of] p2a: Volcarona
|move|p2b: Calyrex|Glacial Lance|p1a: Zamazenta|[spread] p1a,p1b
|-resisted|p1a: Zamazenta
|-resisted|p1b: Incineroar
|-damage|p1a: Zamazenta|57/100
|-damage|p1b: Incineroar|69/100
|cant|p2a: Volcarona|flinch
|move|p1a: Zamazenta|Body Press|p2b: Calyrex
|-damage|p2b: Calyrex|26/100
|
|-weather|SunnyDay|[upkeep]
|-heal|p2b: Calyrex|32/100|[from] item: Leftovers
|-damage|p1a: Zamazenta|45/100|[from] Leech Seed|[of] p2b: Calyrex
|-heal|p2b: Calyrex|43/100|[silent]
|upkeep
|turn|4
|
|t:|1750830878
|move|p2b: Calyrex|Protect|p2b: Calyrex
|-singleturn|p2b: Calyrex|Protect
|move|p1b: Incineroar|Flare Blitz|p2a: Volcarona
|-damage|p2a: Volcarona|0 fnt
|-damage|p1b: Incineroar|53/100|[from] item: Rocky Helmet|[of] p2a: Volcarona
|faint|p2a: Volcarona
|-damage|p1b: Incineroar|42/100|[from] Recoil
|move|p1a: Zamazenta|Body Press|p2b: Calyrex
|-activate|p2b: Calyrex|move: Protect
|
|-weather|SunnyDay|[upkeep]
|-heal|p2b: Calyrex|49/100|[from] item: Leftovers
|-damage|p1a: Zamazenta|33/100|[from] Leech Seed|[of] p2b: Calyrex
|-heal|p2b: Calyrex|60/100|[silent]
|upkeep
|
|t:|1750830891
|switch|p2a: Landorus|Landorus, L50, M|100/100
|turn|5
|
|t:|1750830911
|move|p1a: Zamazenta|Wide Guard|p1a: Zamazenta
|-singleturn|p1a: Zamazenta|Wide Guard
|move|p2b: Calyrex|Leech Seed|p1b: Incineroar
|-start|p1b: Incineroar|move: Leech Seed
|move|p1b: Incineroar|Flare Blitz|p2b: Calyrex
|-supereffective|p2b: Calyrex
|-damage|p2b: Calyrex|0 fnt
|faint|p2b: Calyrex
|-damage|p1b: Incineroar|19/100|[from] Recoil
|move|p2a: Landorus|Earth Power|p1a: Zamazenta
|-supereffective|p1a: Zamazenta
|-damage|p1a: Zamazenta|0 fnt
|faint|p1a: Zamazenta
|
|-weather|none
|upkeep
|
|t:|1750830928
|switch|p2b: Zekrom|Zekrom, L50|100/100
|switch|p1a: Koraidon|Koraidon, L50|100/100
|-ability|p2b: Zekrom|Teravolt
|-weather|SunnyDay|[from] ability: Orichalcum Pulse|[of] p1a: Koraidon
|-activate|p1a: Koraidon|Orichalcum Pulse|[source]
|turn|6
|
|t:|1750830940
|move|p1a: Koraidon|Protect|p1a: Koraidon
|-singleturn|p1a: Koraidon|Protect
|move|p1b: Incineroar|Flare Blitz|p2a: Landorus
|-damage|p2a: Landorus|1/100
|-damage|p1b: Incineroar|0 fnt|[from] Recoil
|faint|p1b: Incineroar
|move|p2a: Landorus|Earth Power|p1a: Koraidon
|-activate|p1a: Koraidon|move: Protect
|move|p2b: Zekrom|Dragon Claw|p1a: Koraidon
|-activate|p1a: Koraidon|move: Protect
|
|-weather|SunnyDay|[upkeep]
|-fieldend|move: Trick Room
|upkeep
|
|t:|1750830952
|switch|p1b: Flutter Mane|Flutter Mane, L50|100/100
|-activate|p1b: Flutter Mane|ability: Protosynthesis
|-start|p1b: Flutter Mane|protosynthesisspe
|turn|7
|
|t:|1750830965
|-terastallize|p2b: Zekrom|Electric
|move|p2a: Landorus|Protect|p2a: Landorus
|-singleturn|p2a: Landorus|Protect
|move|p1b: Flutter Mane|Icy Wind|p2a: Landorus|[spread] p2b
|-activate|p2a: Landorus|move: Protect
|-damage|p2b: Zekrom|86/100
|move|p1a: Koraidon|Close Combat|p2b: Zekrom
|-damage|p2b: Zekrom|0 fnt
|-unboost|p1a: Koraidon|def|1
|-unboost|p1a: Koraidon|spd|1
|faint|p2b: Zekrom
|-damage|p1a: Koraidon|91/100|[from] item: Life Orb
|
|-weather|SunnyDay|[upkeep]
|upkeep
|turn|8
|-message|nuggs54 forfeited.
|
|win|jhytredfghj
|raw|jhytredfghj's rating: 1162 &rarr; <strong>1188</strong><br />(+26 for winning)
|raw|nuggs54's rating: 1179 &rarr; <strong>1153</strong><br />(-26 for losing)
|l|☆nuggs54
|player|p2|
|l|☆jhytredfghj
|player|p1|
