|j|☆Chrille-1
|j|☆lemonalt
|t:|1750773655
|gametype|doubles
|player|p1|Chrille-1|gentleman|1332
|player|p2|lemonalt|plasmagrunt|1274
|teamsize|p1|6
|teamsize|p2|6
|gen|9
|tier|[Gen 9] VGC 2025 Reg I
|rated|
|rule|Species Clause: Limit one of each Pokémon
|rule|Item Clause: Limit 1 of each item
|clearpoke
|poke|p1|Zamazenta-*, L50|
|poke|p1|Calyrex-Shadow, L50|
|poke|p1|Rillaboom, L50, M|
|poke|p1|Raging Bolt, L50|
|poke|p1|Ogerpon-Hearthflame, L50, F|
|poke|p1|Incineroar, L50, F|
|poke|p2|Koraidon, L50|
|poke|p2|Lunala, L50|
|poke|p2|Raging Bolt, L50|
|poke|p2|Brute Bonnet, L50|
|poke|p2|Ursaluna, L50, M|
|poke|p2|Charizard, L50, F|
|teampreview|4
|inactive|Battle timer is ON: inactive players will automatically lose when time's up. (requested by lemonalt)
Chrille-1 has agreed to open team sheets.
|inactive|lemonalt has 60 seconds left.
|
|t:|1750773690
|start
|switch|p1a: Zamazenta|Zamazenta-Crowned, L50|100/100
|switch|p1b: Incineroar|Incineroar, L50, F|100/100
|switch|p2a: John Cena|Koraidon, L50|100/100
|switch|p2b: Godfather|Charizard, L50, F|100/100
|-weather|SunnyDay|[from] ability: Orichalcum Pulse|[of] p2a: John Cena
|-activate|p2a: John Cena|Orichalcum Pulse|[source]
|-ability|p1a: Zamazenta|Dauntless Shield|boost
|-boost|p1a: Zamazenta|def|1
|-ability|p1b: Incineroar|Intimidate|boost
|-unboost|p2a: John Cena|atk|1
|-unboost|p2b: Godfather|atk|1
|turn|1
|
|t:|1750773714
|-terastallize|p2b: Godfather|Ghost
|-terastallize|p1a: Zamazenta|Water
|move|p2a: John Cena|Protect|p2a: John Cena
|-singleturn|p2a: John Cena|Protect
|move|p2b: Godfather|Weather Ball|p1a: Zamazenta
|-resisted|p1a: Zamazenta
|-damage|p1a: Zamazenta|67/100
|move|p1a: Zamazenta|Body Press|p2a: John Cena
|-activate|p2a: John Cena|move: Protect
|move|p1b: Incineroar|Parting Shot|p2b: Godfather
|-unboost|p2b: Godfather|atk|1
|-unboost|p2b: Godfather|spa|1
|
|t:|1750773728
|switch|p1b: Calyrex|Calyrex-Shadow, L50|100/100|[from] Parting Shot
|-ability|p1b: Calyrex|As One
|-ability|p1b: Calyrex|Unnerve
|
|-weather|SunnyDay|[upkeep]
|-damage|p2b: Godfather|88/100|[from] ability: Solar Power|[of] p2b: Godfather
|upkeep
|turn|2
|
|t:|1750773746
|switch|p2b: Daddy Bear|Ursaluna, L50, M|100/100
|move|p1b: Calyrex|Astral Barrage|p2a: John Cena|[spread] p2a
|-immune|p2b: Daddy Bear
|-damage|p2a: John Cena|27/100
|-damage|p1b: Calyrex|91/100|[from] item: Life Orb
|move|p2a: John Cena|Flame Charge|p1b: Calyrex
|-damage|p1b: Calyrex|50/100
|-boost|p2a: John Cena|spe|1
|-damage|p2a: John Cena|17/100|[from] item: Life Orb
|move|p1a: Zamazenta|Body Press|p2a: John Cena
|-damage|p2a: John Cena|0 fnt
|faint|p2a: John Cena
|
|-weather|SunnyDay|[upkeep]
|-status|p2b: Daddy Bear|brn|[from] item: Flame Orb
|upkeep
|
|t:|1750773757
|switch|p2a: Godfather|Charizard, L50, F, tera:Ghost|88/100
|turn|3
|
|t:|1750773773
|switch|p1b: Incineroar|Incineroar, L50, F|100/100
|-ability|p1b: Incineroar|Intimidate|boost
|-unboost|p2a: Godfather|atk|1
|-unboost|p2b: Daddy Bear|atk|1
|switch|p2b: Nebby|Lunala, L50, shiny|100/100
|move|p2a: Godfather|Tera Blast|p1b: Incineroar|[anim] Tera Blast Ghost
|-resisted|p1b: Incineroar
|-damage|p1b: Incineroar|72/100
|move|p1a: Zamazenta|Body Press|p2b: Nebby
|-immune|p2b: Nebby
|
|-weather|SunnyDay|[upkeep]
|-damage|p2a: Godfather|76/100|[from] ability: Solar Power|[of] p2a: Godfather
|upkeep
|turn|4
|
|t:|1750773790
|move|p2a: Godfather|Tera Blast|p1a: Zamazenta|[anim] Tera Blast Ghost
|-damage|p1a: Zamazenta|32/100
|move|p1a: Zamazenta|Heavy Slam|p2b: Nebby
|-damage|p2b: Nebby|81/100
|move|p2b: Nebby|Moonblast|p1a: Zamazenta
|-damage|p1a: Zamazenta|9/100
|-unboost|p1a: Zamazenta|spa|1
|move|p1b: Incineroar|Knock Off|p2a: Godfather
|-supereffective|p2a: Godfather
|-damage|p2a: Godfather|0 fnt
|-enditem|p2a: Godfather|Choice Scarf|[from] move: Knock Off|[of] p1b: Incineroar
|faint|p2a: Godfather
|
|-weather|SunnyDay|[upkeep]
|-heal|p2b: Nebby|87/100|[from] item: Leftovers
|upkeep
|
|t:|1750773796
|switch|p2a: Daddy Bear|Ursaluna, L50, M|100/100 brn
|turn|5
|
|t:|1750773811
|move|p2a: Daddy Bear|Protect|p2a: Daddy Bear
|-singleturn|p2a: Daddy Bear|Protect
|move|p1a: Zamazenta|Body Press|p2a: Daddy Bear
|-activate|p2a: Daddy Bear|move: Protect
|move|p1b: Incineroar|Parting Shot|p2a: Daddy Bear
|-activate|p2a: Daddy Bear|move: Protect
|move|p2b: Nebby|Trick Room|p2b: Nebby
|-fieldstart|move: Trick Room|[of] p2b: Nebby
|
|-weather|none
|-heal|p2b: Nebby|93/100|[from] item: Leftovers
|-damage|p2a: Daddy Bear|95/100 brn|[from] brn
|upkeep
|turn|6
|
|t:|1750773823
|move|p2b: Nebby|Wide Guard|p2b: Nebby
|-singleturn|p2b: Nebby|Wide Guard
|move|p2a: Daddy Bear|Earthquake|p1b: Incineroar|[spread] p1a,p1b
|-activate|p2b: Nebby|move: Wide Guard
|-supereffective|p1b: Incineroar
|-damage|p1a: Zamazenta|0 fnt
|-damage|p1b: Incineroar|0 fnt
|faint|p1a: Zamazenta
|faint|p1b: Incineroar
|
|-heal|p2b: Nebby|99/100|[from] item: Leftovers
|-damage|p2a: Daddy Bear|89/100 brn|[from] brn
|upkeep
|
|t:|1750773829
|switch|p1b: Ogerpon|Ogerpon-Hearthflame, L50, F|100/100
|switch|p1a: Calyrex|Calyrex-Shadow, L50|50/100
|-ability|p1a: Calyrex|As One
|-ability|p1a: Calyrex|Unnerve
|-ability|p1b: Ogerpon|Mold Breaker
|turn|7
|
|t:|1750773846
|move|p1a: Calyrex|Protect|p1a: Calyrex
|-singleturn|p1a: Calyrex|Protect
|move|p2a: Daddy Bear|Facade|p1b: Ogerpon
|-damage|p1b: Ogerpon|0 fnt
|faint|p1b: Ogerpon
|move|p2b: Nebby|Moongeist Beam|p1a: Calyrex
|-activate|p1a: Calyrex|move: Protect
|
|-heal|p2b: Nebby|100/100|[from] item: Leftovers
|-damage|p2a: Daddy Bear|83/100 brn|[from] brn
|upkeep
|turn|8
|-message|Chrille-1 forfeited.
|
|win|lemonalt
|raw|Chrille-1's rating: 1332 &rarr; <strong>1309</strong><br />(-23 for losing)
|raw|lemonalt's rating: 1274 &rarr; <strong>1303</strong><br />(+29 for winning)
|l|☆Chrille-1
|player|p1|
