|j|☆heelkey
|j|☆Mr.FlippyFlop
|t:|1750812191
|gametype|doubles
|player|p1|heelkey|red|1243
|player|p2|Mr.FlippyFlop|266|1293
|teamsize|p1|6
|teamsize|p2|6
|gen|9
|tier|[Gen 9] VGC 2025 Reg I
|rated|
|rule|Species Clause: Limit one of each Pokémon
|rule|Item Clause: Limit 1 of each item
|clearpoke
|poke|p1|Koraidon, L50|
|poke|p1|Flutter Mane, L50|
|poke|p1|Scream Tail, L50|
|poke|p1|Incineroar, L50, M|
|poke|p1|Gothitelle, L50, F|
|poke|p1|Zacian-*, L50|
|poke|p2|Zekrom, L50|
|poke|p2|Calyrex-Shadow, L50|
|poke|p2|Indeedee-F, L50, F|
|poke|p2|Incineroar, L50, M|
|poke|p2|Amoonguss, L50, M|
|poke|p2|Flutter Mane, L50|
|teampreview|4
|inactive|Battle timer is ON: inactive players will automatically lose when time's up. (requested by heelkey)
|inactive|Mr.FlippyFlop has 60 seconds left.
|inactive|Mr.FlippyFlop has 30 seconds left.
|inactive|Mr.FlippyFlop has 20 seconds left.
|inactive|Mr.FlippyFlop has 15 seconds left.
|
|t:|1750812320
|start
|switch|p1a: Gothitelle|Gothitelle, L50, F|100/100
|switch|p1b: Scream Tail|Scream Tail, L50|100/100
|switch|p2a: Zekrom|Zekrom, L50|100/100
|switch|p2b: Amoonguss|Amoonguss, L50, M|100/100
|-ability|p2a: Zekrom|Teravolt
|-enditem|p1b: Scream Tail|Booster Energy
|-activate|p1b: Scream Tail|ability: Protosynthesis|[fromitem]
|-start|p1b: Scream Tail|protosynthesisspe
|turn|1
|
|t:|1750812341
|-terastallize|p2a: Zekrom|Electric
|move|p1a: Gothitelle|Fake Out|p2b: Amoonguss
|-damage|p2b: Amoonguss|96/100
|-damage|p1a: Gothitelle|84/100|[from] item: Rocky Helmet|[of] p2b: Amoonguss
|move|p1b: Scream Tail|Perish Song|p1b: Scream Tail
|-start|p1a: Gothitelle|perish3|[silent]
|-start|p1b: Scream Tail|perish3|[silent]
|-start|p2a: Zekrom|perish3|[silent]
|-start|p2b: Amoonguss|perish3|[silent]
|-fieldactivate|move: Perish Song
|move|p2a: Zekrom|Bolt Strike|p1b: Scream Tail
|-damage|p1b: Scream Tail|0 fnt
|faint|p1b: Scream Tail
|-end|p1b: Scream Tail|Protosynthesis|[silent]
|-damage|p2a: Zekrom|91/100|[from] item: Life Orb
|cant|p2b: Amoonguss|flinch
|
|-heal|p1a: Gothitelle|90/100|[from] item: Leftovers
|-start|p2a: Zekrom|perish3
|-start|p1a: Gothitelle|perish3
|-start|p2b: Amoonguss|perish3
|upkeep
|
|t:|1750812363
|switch|p1b: Koraidon|Koraidon, L50|100/100
|-weather|SunnyDay|[from] ability: Orichalcum Pulse|[of] p1b: Koraidon
|-activate|p1b: Koraidon|Orichalcum Pulse|[source]
|turn|2
|
|t:|1750812383
|-terastallize|p1b: Koraidon|Fire
|move|p2b: Amoonguss|Rage Powder|p2b: Amoonguss
|-singleturn|p2b: Amoonguss|move: Rage Powder
|move|p1b: Koraidon|Close Combat|p2b: Amoonguss
|-resisted|p2b: Amoonguss
|-damage|p2b: Amoonguss|50/100
|-unboost|p1b: Koraidon|def|1
|-unboost|p1b: Koraidon|spd|1
|-damage|p1b: Koraidon|84/100|[from] item: Rocky Helmet|[of] p2b: Amoonguss
|-damage|p1b: Koraidon|74/100|[from] item: Life Orb
|move|p2a: Zekrom|Volt Switch|p1b: Koraidon
|-damage|p1b: Koraidon|0 fnt
|faint|p1b: Koraidon
|-damage|p2a: Zekrom|81/100|[from] item: Life Orb
|
|t:|1750812394
|switch|p2a: Incineroar|Incineroar, L50, M|100/100|[from] Volt Switch
|-ability|p2a: Incineroar|Intimidate|boost
|-unboost|p1a: Gothitelle|atk|1
|move|p1a: Gothitelle|Taunt|p2b: Amoonguss
|-start|p2b: Amoonguss|move: Taunt
|
|-weather|SunnyDay|[upkeep]
|-heal|p1a: Gothitelle|97/100|[from] item: Leftovers
|-start|p1a: Gothitelle|perish2
|-start|p2b: Amoonguss|perish2
|upkeep
|
|t:|1750812411
|switch|p1b: Zacian|Zacian-Crowned, L50|100/100
|-ability|p1b: Zacian|Intrepid Sword|boost
|-boost|p1b: Zacian|atk|1
|turn|3
|
|t:|1750812421
|move|p2a: Incineroar|Fake Out|p1b: Zacian
|-resisted|p1b: Zacian
|-damage|p1b: Zacian|95/100
|cant|p1b: Zacian|flinch
|move|p1a: Gothitelle|Psychic|p2b: Amoonguss
|-supereffective|p2b: Amoonguss
|-damage|p2b: Amoonguss|0 fnt
|faint|p2b: Amoonguss
|
|-weather|SunnyDay|[upkeep]
|-heal|p1a: Gothitelle|100/100|[from] item: Leftovers
|-start|p1a: Gothitelle|perish1
|upkeep
|
|t:|1750812431
|switch|p2b: Zekrom|Zekrom, L50, tera:Electric|81/100
|-ability|p2b: Zekrom|Teravolt
|turn|4
|
|t:|1750812450
|move|p2b: Zekrom|Protect|p2b: Zekrom
|-singleturn|p2b: Zekrom|Protect
|move|p1b: Zacian|Play Rough|p2b: Zekrom
|-activate|p2b: Zekrom|move: Protect
|move|p2a: Incineroar|Parting Shot|p1b: Zacian
|-unboost|p1b: Zacian|atk|1
|-unboost|p1b: Zacian|spa|1
|
|t:|1750812457
|switch|p2a: Calyrex|Calyrex-Shadow, L50|100/100|[from] Parting Shot
|-ability|p2a: Calyrex|As One
|-ability|p2a: Calyrex|Unnerve
|move|p1a: Gothitelle|Taunt|p2a: Calyrex
|-start|p2a: Calyrex|move: Taunt
|
|-weather|SunnyDay|[upkeep]
|-start|p1a: Gothitelle|perish0
|faint|p1a: Gothitelle
|upkeep
|turn|5
|
|t:|1750812474
|switch|p2a: Incineroar|Incineroar, L50, M|100/100
|-ability|p2a: Incineroar|Intimidate|boost
|-unboost|p1b: Zacian|atk|1
|move|p1b: Zacian|Play Rough|p2b: Zekrom
|-damage|p2b: Zekrom|53/100
|move|p2b: Zekrom|Bolt Strike|p1b: Zacian
|-damage|p1b: Zacian|0 fnt
|faint|p1b: Zacian
|-damage|p2b: Zekrom|44/100|[from] item: Life Orb
|
|win|Mr.FlippyFlop
|raw|heelkey's rating: 1243 &rarr; <strong>1222</strong><br />(-21 for losing)
|raw|Mr.FlippyFlop's rating: 1293 &rarr; <strong>1314</strong><br />(+21 for winning)
|l|☆heelkey
|player|p1|
