|j|☆turtle100000000
|j|☆givi
|t:|1750766790
|gametype|doubles
|player|p1|turtle100000000|roxanne|1326
|player|p2|givi|170|1365
|teamsize|p1|6
|teamsize|p2|6
|gen|9
|tier|[Gen 9] VGC 2025 Reg I
|rated|
|rule|Species Clause: Limit one of each Pokémon
|rule|Item Clause: Limit 1 of each item
|clearpoke
|poke|p1|Ogerpon-Wellspring, L50, F|
|poke|p1|Weezing-Galar, L50, M|
|poke|p1|Calyrex-Shadow, L50|
|poke|p1|Zamazenta-*, L50|
|poke|p1|Chi-Yu, L50|
|poke|p1|Rillaboom, L50, M|
|poke|p2|Slither Wing, L50|
|poke|p2|Incineroar, L50, F|
|poke|p2|Chandelure, L50, F|
|poke|p2|Magmar, L50, F|
|poke|p2|Groudon, L50|
|poke|p2|Miraidon, L50|
|teampreview|4
|inactive|Battle timer is ON: inactive players will automatically lose when time's up. (requested by givi)
|inactive|turtle100000000 has 60 seconds left.
|
|t:|1750766841
|start
|switch|p1a: Chi-Yu|Chi-Yu, L50|100/100
|switch|p1b: Calyrex|Calyrex-Shadow, L50|100/100
|switch|p2a: Magmar|Magmar, L50, F|100/100
|switch|p2b: Miraidon|Miraidon, L50|100/100
|-ability|p1b: Calyrex|As One
|-ability|p1b: Calyrex|Unnerve
|-ability|p1a: Chi-Yu|Beads of Ruin
|-fieldstart|move: Electric Terrain|[from] ability: Hadron Engine|[of] p2b: Miraidon
|turn|1
|inactive|givi has 30 seconds left.
|inactive|givi has 20 seconds left.
|inactive|givi has 15 seconds left.
|inactive|givi has 10 seconds left.
|
|t:|1750766886
|move|p1b: Calyrex|Protect|p1b: Calyrex
|-singleturn|p1b: Calyrex|Protect
|move|p1a: Chi-Yu|Snarl|p2b: Miraidon|[spread] p2a,p2b
|-damage|p2a: Magmar|83/100
|-damage|p2b: Miraidon|80/100
|-unboost|p2a: Magmar|spa|1
|-unboost|p2b: Miraidon|spa|1
|move|p2b: Miraidon|Volt Switch|p1a: Chi-Yu
|-damage|p1a: Chi-Yu|29/100
|
|t:|1750766892
|switch|p2b: Groudon|Groudon, L50|100/100|[from] Volt Switch
|-weather|SunnyDay|[from] ability: Drought|[of] p2b: Groudon
|move|p2a: Magmar|Heat Wave|p1a: Chi-Yu|[spread] p1a
|-activate|p1b: Calyrex|move: Protect
|-resisted|p1a: Chi-Yu
|-damage|p1a: Chi-Yu|15/100
|
|-weather|SunnyDay|[upkeep]
|upkeep
|turn|2
|
|t:|1750766907
|move|p1a: Chi-Yu|Snarl|p2b: Groudon|[spread] p2a,p2b
|-damage|p2a: Magmar|66/100
|-damage|p2b: Groudon|69/100
|-unboost|p2a: Magmar|spa|1
|-unboost|p2b: Groudon|spa|1
|move|p2b: Groudon|Bulldoze|p1b: Calyrex|[spread] p2a,p1a,p1b
|-supereffective|p2a: Magmar
|-supereffective|p1a: Chi-Yu
|-damage|p2a: Magmar|10/100
|-damage|p1a: Chi-Yu|0 fnt
|-damage|p1b: Calyrex|68/100
|-unboost|p2a: Magmar|spe|1
|-unboost|p1b: Calyrex|spe|1
|faint|p1a: Chi-Yu
|move|p1b: Calyrex|Astral Barrage|p2b: Groudon|[spread] p2a,p2b
|-damage|p2a: Magmar|0 fnt
|-damage|p2b: Groudon|4/100
|faint|p2a: Magmar
|-ability|p1b: Calyrex|Grim Neigh|boost
|-boost|p1b: Calyrex|spa|1
|
|-weather|SunnyDay|[upkeep]
|upkeep
|inactive|turtle100000000 has 30 seconds left.
|
|t:|1750766936
|switch|p1a: Zamazenta|Zamazenta-Crowned, L50|100/100
|switch|p2a: Miraidon|Miraidon, L50|80/100
|-ability|p1a: Zamazenta|Dauntless Shield|boost
|-boost|p1a: Zamazenta|def|1
|-activate|p2a: Miraidon|ability: Hadron Engine
|turn|3
|inactive|turtle100000000 has 30 seconds left.
|
|t:|1750766963
|switch|p2b: Slither Wing|Slither Wing, L50|100/100
|-activate|p2b: Slither Wing|ability: Protosynthesis
|-start|p2b: Slither Wing|protosynthesisatk
|move|p1a: Zamazenta|Wide Guard|p1a: Zamazenta
|-singleturn|p1a: Zamazenta|Wide Guard
|move|p2a: Miraidon|Volt Switch|p1a: Zamazenta
|-damage|p1a: Zamazenta|35/100
|
|t:|1750766972
|switch|p2a: Groudon|Groudon, L50|4/100|[from] Volt Switch
|move|p1b: Calyrex|Astral Barrage|p2a: Groudon|[spread] p2a,p2b
|-crit|p2a: Groudon
|-damage|p2a: Groudon|0 fnt
|-damage|p2b: Slither Wing|7/100
|faint|p2a: Groudon
|-ability|p1b: Calyrex|Grim Neigh|boost
|-boost|p1b: Calyrex|spa|1
|
|-weather|SunnyDay|[upkeep]
|upkeep
|
|t:|1750766974
|switch|p2a: Miraidon|Miraidon, L50|80/100
|-activate|p2a: Miraidon|ability: Hadron Engine
|turn|4
|inactive|givi has 30 seconds left.
|
|t:|1750767007
|-terastallize|p1a: Zamazenta|Dragon
|move|p1a: Zamazenta|Body Press|p2a: Miraidon
|-damage|p2a: Miraidon|23/100
|move|p2a: Miraidon|Volt Switch|p1b: Calyrex
|-damage|p1b: Calyrex|0 fnt
|faint|p1b: Calyrex
|move|p2b: Slither Wing|Close Combat|p1a: Zamazenta
|-damage|p1a: Zamazenta|6/100
|-unboost|p2b: Slither Wing|def|1
|-unboost|p2b: Slither Wing|spd|1
|
|-weather|SunnyDay|[upkeep]
|upkeep
|
|t:|1750767019
|switch|p1b: Ogerpon|Ogerpon-Wellspring, L50, F|100/100
|turn|5
|
|t:|1750767028
|move|p1b: Ogerpon|Follow Me|p1b: Ogerpon
|-singleturn|p1b: Ogerpon|move: Follow Me
|move|p1a: Zamazenta|Body Press|p2a: Miraidon
|-damage|p2a: Miraidon|0 fnt
|faint|p2a: Miraidon
|move|p2b: Slither Wing|Leech Life|p1b: Ogerpon
|-supereffective|p1b: Ogerpon
|-damage|p1b: Ogerpon|0 fnt
|-heal|p2b: Slither Wing|63/100|[from] drain|[of] p1b: Ogerpon
|faint|p1b: Ogerpon
|
|-weather|none
|-end|p2b: Slither Wing|Protosynthesis
|-fieldend|move: Electric Terrain
|upkeep
|turn|6
|
|t:|1750767040
|move|p1a: Zamazenta|Body Press|p2b: Slither Wing
|-resisted|p2b: Slither Wing
|-damage|p2b: Slither Wing|0 fnt
|faint|p2b: Slither Wing
|-end|p2b: Slither Wing|Protosynthesis|[silent]
|
|win|turtle100000000
|raw|turtle100000000's rating: 1326 &rarr; <strong>1348</strong><br />(+22 for winning)
|raw|givi's rating: 1365 &rarr; <strong>1343</strong><br />(-22 for losing)
|l|☆givi
|player|p2|
|l|☆turtle100000000
|player|p1|
