|j|☆DOAKZYN
|j|☆CallmeMr.R
|t:|1750810576
|gametype|doubles
|player|p1|DOAKZYN|170|1271
|player|p2|CallmeMr.R|alec-anime|1192
|teamsize|p1|6
|teamsize|p2|6
|gen|9
|tier|[Gen 9] VGC 2025 Reg I
|rated|
|rule|Species Clause: Limit one of each Pokémon
|rule|Item Clause: Limit 1 of each item
|clearpoke
|poke|p1|Kyogre, L50|
|poke|p1|Urshifu-*, L50, M|
|poke|p1|Tornadus, L50, M|
|poke|p1|Miraidon, L50|
|poke|p1|Ursaluna-Bloodmoon, L50, M|
|poke|p1|Farigiraf, L50, F|
|poke|p2|Kyogre, L50|
|poke|p2|Tornadus, L50, M|
|poke|p2|Rillaboom, L50, F|
|poke|p2|Landorus, L50, M|
|poke|p2|Calyrex-Ice, L50|
|poke|p2|Ogerpon-Wellspring, L50, F|
|teampreview|4
|inactive|Battle timer is ON: inactive players will automatically lose when time's up. (requested by CallmeMr.R)
|
|t:|1750810596
|start
|switch|p1a: Urshifu|Urshifu-Rapid-Strike, L50, M|100/100
|switch|p1b: Tornadus|Tornadus, L50, M|100/100
|switch|p2a: Rillaboom|Rillaboom, L50, F|100/100
|switch|p2b: Calyrex|Calyrex-Ice, L50|100/100
|-ability|p2b: Calyrex|As One
|-ability|p2b: Calyrex|Unnerve
|-fieldstart|move: Grassy Terrain|[from] ability: Grassy Surge|[of] p2a: Rillaboom
|turn|1
|
|t:|1750810614
|switch|p1b: Farigiraf|Farigiraf, L50, F|100/100
|-terastallize|p1a: Urshifu|Water
|move|p2a: Rillaboom|Fake Out||[still]
|cant|p1b: Farigiraf|ability: Armor Tail|Fake Out|[of] p2a: Rillaboom
|move|p1a: Urshifu|Surging Strikes|p2b: Calyrex
|-crit|p2b: Calyrex
|-damage|p2b: Calyrex|72/100
|-crit|p2b: Calyrex
|-damage|p2b: Calyrex|44/100
|-crit|p2b: Calyrex
|-damage|p2b: Calyrex|19/100
|-hitcount|p2b: Calyrex|3
|move|p2b: Calyrex|Trick Room|p2b: Calyrex
|-fieldstart|move: Trick Room|[of] p2b: Calyrex
|
|-heal|p2b: Calyrex|25/100|[from] Grassy Terrain
|upkeep
|turn|2
|
|t:|1750810637
|move|p1b: Farigiraf|Ally Switch|p1b: Farigiraf
|swap|p1b: Farigiraf|0|[from] move: Ally Switch
|move|p2b: Calyrex|Glacial Lance|p1a: Farigiraf|[spread] p1a,p1b
|-resisted|p1b: Urshifu
|-damage|p1a: Farigiraf|52/100
|-damage|p1b: Urshifu|72/100
|move|p1b: Urshifu|Surging Strikes|p2b: Calyrex
|-crit|p2b: Calyrex
|-damage|p2b: Calyrex|0 fnt
|faint|p2b: Calyrex
|-hitcount|p2: Calyrex|1
|move|p2a: Rillaboom|Wood Hammer|p1a: Farigiraf
|-damage|p1a: Farigiraf|0 fnt
|faint|p1a: Farigiraf
|-damage|p2a: Rillaboom|78/100|[from] Recoil
|
|-heal|p1b: Urshifu|78/100|[from] Grassy Terrain
|-heal|p2a: Rillaboom|84/100|[from] Grassy Terrain
|upkeep
|
|t:|1750810656
|switch|p2b: Kyogre|Kyogre, L50|100/100
|switch|p1a: Miraidon|Miraidon, L50|100/100
|-weather|RainDance|[from] ability: Drizzle|[of] p2b: Kyogre
|-fieldstart|move: Electric Terrain|[from] ability: Hadron Engine|[of] p1a: Miraidon
|turn|3
|
|t:|1750810666
|-terastallize|p2b: Kyogre|Water
|move|p1b: Urshifu|Surging Strikes|p2a: Rillaboom
|-resisted|p2a: Rillaboom
|-crit|p2a: Rillaboom
|-damage|p2a: Rillaboom|44/100
|-resisted|p2a: Rillaboom
|-crit|p2a: Rillaboom
|-damage|p2a: Rillaboom|7/100
|-resisted|p2a: Rillaboom
|-crit|p2a: Rillaboom
|-damage|p2a: Rillaboom|0 fnt
|faint|p2a: Rillaboom
|-hitcount|p2: Rillaboom|3
|move|p2b: Kyogre|Water Spout|p1a: Miraidon|[spread] p1a,p1b
|-resisted|p1a: Miraidon
|-resisted|p1b: Urshifu
|-damage|p1a: Miraidon|10/100
|-damage|p1b: Urshifu|0 fnt
|faint|p1b: Urshifu
|move|p1a: Miraidon|Electro Drift|p2b: Kyogre
|-supereffective|p2b: Kyogre
|-damage|p2b: Kyogre|0 fnt
|faint|p2b: Kyogre
|
|-weather|RainDance|[upkeep]
|upkeep
|
|t:|1750810683
|switch|p1b: Tornadus|Tornadus, L50, M|100/100
|switch|p2b: Tornadus|Tornadus, L50, M|100/100
|turn|4
|
|t:|1750810690
|move|p1b: Tornadus|Bleakwind Storm|p2b: Tornadus
|-damage|p2b: Tornadus|26/100
|move|p2b: Tornadus|Bleakwind Storm|p1a: Miraidon|[spread] p1a,p1b
|-resisted|p1a: Miraidon
|-damage|p1a: Miraidon|0 fnt
|-damage|p1b: Tornadus|46/100
|faint|p1a: Miraidon
|
|-weather|RainDance|[upkeep]
|upkeep
|turn|5
|
|t:|1750810718
|move|p2b: Tornadus|Bleakwind Storm|p1b: Tornadus
|-damage|p1b: Tornadus|0 fnt
|faint|p1b: Tornadus
|
|win|CallmeMr.R
|raw|DOAKZYN's rating: 1271 &rarr; <strong>1240</strong><br />(-31 for losing)
|raw|CallmeMr.R's rating: 1192 &rarr; <strong>1223</strong><br />(+31 for winning)
|l|☆DOAKZYN
|player|p1|
|c|☆CallmeMr.R|GGs
