|j|☆ru ready fam
|j|☆SycrasisEU
|t:|1750711140
|gametype|doubles
|player|p1|ru ready fam|lorelei-lgpe|1349
|player|p2|SycrasisEU|pryce|1372
|teamsize|p1|6
|teamsize|p2|6
|gen|9
|tier|[Gen 9] VGC 2025 Reg I
|rated|
|rule|Species Clause: Limit one of each Pokémon
|rule|Item Clause: Limit 1 of each item
|clearpoke
|poke|p1|Ninetales-Alola, L50, M|
|poke|p1|Articuno, L50|
|poke|p1|Miraidon, L50|
|poke|p1|Incineroar, L50, F|
|poke|p1|Iron Hands, L50|
|poke|p1|Calyrex-Ice, L50|
|poke|p2|Calyrex-Ice, L50|
|poke|p2|Kyurem-White, L50|
|poke|p2|Ninetales-Alola, L50, F|
|poke|p2|Tornadus, L50, M|
|poke|p2|Dewgong, L50, M|
|poke|p2|Chien-Pao, L50|
|teampreview|4
|inactive|Battle timer is ON: inactive players will automatically lose when time's up. (requested by SycrasisEU)
|c|☆ru ready fam|*ponts*
|c|☆ru ready fam|*points*
|inactive|ru ready fam has 60 seconds left.
|inactive|SycrasisEU has 60 seconds left.
|
|t:|1750711190
|start
|switch|p1a: Miraidon|Miraidon, L50|100/100
|switch|p1b: Iron Hands|Iron Hands, L50|100/100
|switch|p2a: Calyrex|Calyrex-Ice, L50|100/100
|switch|p2b: Dewgong|Dewgong, L50, M|100/100
|-ability|p2a: Calyrex|As One
|-ability|p2a: Calyrex|Unnerve
|-fieldstart|move: Electric Terrain|[from] ability: Hadron Engine|[of] p1a: Miraidon
|-activate|p1b: Iron Hands|ability: Quark Drive
|-start|p1b: Iron Hands|quarkdriveatk
|turn|1
|inactive|SycrasisEU has 30 seconds left.
|inactive|SycrasisEU has 20 seconds left.
|inactive|SycrasisEU has 15 seconds left.
|inactive|SycrasisEU has 10 seconds left.
|inactive|SycrasisEU has 5 seconds left.
|
|t:|1750711241
|move|p2b: Dewgong|Fake Out|p1a: Miraidon
|-damage|p1a: Miraidon|91/100
|cant|p1a: Miraidon|flinch
|move|p2a: Calyrex|Glacial Lance|p1b: Iron Hands|[spread] p1a,p1b
|-supereffective|p1a: Miraidon
|-damage|p1a: Miraidon|0 fnt
|-damage|p1b: Iron Hands|63/100
|faint|p1a: Miraidon
|-ability|p2a: Calyrex|Chilling Neigh|boost
|-boost|p2a: Calyrex|atk|1
|move|p1b: Iron Hands|Low Kick|p2a: Calyrex
|-damage|p2a: Calyrex|42/100
|
|upkeep
|
|t:|1750711249
|switch|p1a: Calyrex|Calyrex-Ice, L50|100/100
|-ability|p1a: Calyrex|As One
|-ability|p1a: Calyrex|Unnerve
|turn|2
|
|t:|1750711272
|move|p2a: Calyrex|Protect|p2a: Calyrex
|-singleturn|p2a: Calyrex|Protect
|move|p2b: Dewgong|Flip Turn|p1a: Calyrex
|-damage|p1a: Calyrex|87/100
|
|t:|1750711279
|switch|p2b: Kyurem|Kyurem-White, L50|100/100|[from] Flip Turn
|-ability|p2b: Kyurem|Turboblaze
|move|p1b: Iron Hands|Low Kick|p2a: Calyrex
|-activate|p2a: Calyrex|move: Protect
|move|p1a: Calyrex|Glacial Lance|p2b: Kyurem|[spread] p2b
|-activate|p2a: Calyrex|move: Protect
|-damage|p2b: Kyurem|51/100
|
|upkeep
|turn|3
|inactive|SycrasisEU has 30 seconds left.
|inactive|SycrasisEU has 20 seconds left.
|inactive|ru ready fam has 30 seconds left.
|inactive|SycrasisEU has 15 seconds left.
|
|t:|1750711322
|-terastallize|p2b: Kyurem|Fire
|-terastallize|p1b: Iron Hands|Fighting
|move|p1a: Calyrex|Protect|p1a: Calyrex
|-singleturn|p1a: Calyrex|Protect
|move|p2b: Kyurem|Fusion Flare|p1a: Calyrex
|-activate|p1a: Calyrex|move: Protect
|move|p2a: Calyrex|High Horsepower|p1b: Iron Hands
|-damage|p1b: Iron Hands|19/100
|move|p1b: Iron Hands|Low Kick|p2a: Calyrex
|-damage|p2a: Calyrex|0 fnt
|-enditem|p1b: Iron Hands|Sitrus Berry|[eat]
|-heal|p1b: Iron Hands|44/100|[from] item: Sitrus Berry
|faint|p2a: Calyrex
|
|upkeep
|
|t:|1750711344
|switch|p2a: Dewgong|Dewgong, L50, M|100/100
|turn|4
|
|t:|1750711364
|switch|p1a: Ninetales|Ninetales-Alola, L50, M|100/100
|-weather|Snowscape|[from] ability: Snow Warning|[of] p1a: Ninetales
|move|p1b: Iron Hands|Protect|p1b: Iron Hands
|-singleturn|p1b: Iron Hands|Protect
|move|p2a: Dewgong|Fake Out|p1a: Ninetales
|-damage|p1a: Ninetales|93/100
|move|p2b: Kyurem|Fusion Flare|p1b: Iron Hands
|-activate|p1b: Iron Hands|move: Protect
|
|-weather|Snowscape|[upkeep]
|upkeep
|turn|5
|
|t:|1750711387
|move|p2b: Kyurem|Fusion Flare|p1a: Ninetales
|-supereffective|p1a: Ninetales
|-damage|p1a: Ninetales|0 fnt
|faint|p1a: Ninetales
|move|p2a: Dewgong|Flip Turn|p1b: Iron Hands
|-damage|p1b: Iron Hands|29/100
|
|t:|1750711394
|switch|p2a: Chien-Pao|Chien-Pao, L50|100/100|[from] Flip Turn
|-ability|p2a: Chien-Pao|Sword of Ruin
|move|p1b: Iron Hands|Low Kick|p2b: Kyurem
|-damage|p2b: Kyurem|0 fnt
|faint|p2b: Kyurem
|
|-weather|Snowscape|[upkeep]
|-fieldend|move: Electric Terrain
|-end|p1b: Iron Hands|Quark Drive
|upkeep
|
|t:|1750711405
|switch|p2b: Dewgong|Dewgong, L50, M|100/100
|switch|p1a: Calyrex|Calyrex-Ice, L50|87/100
|-ability|p1a: Calyrex|As One
|-ability|p1a: Calyrex|Unnerve
|turn|6
|
|t:|1750711421
|move|p1b: Iron Hands|Protect|p1b: Iron Hands
|-singleturn|p1b: Iron Hands|Protect
|move|p1a: Calyrex|Protect|p1a: Calyrex
|-singleturn|p1a: Calyrex|Protect
|move|p2b: Dewgong|Fake Out|p1b: Iron Hands
|-activate|p1b: Iron Hands|move: Protect
|move|p2a: Chien-Pao|Throat Chop|p1a: Calyrex
|-activate|p1a: Calyrex|move: Protect
|
|-weather|Snowscape|[upkeep]
|upkeep
|turn|7
|inactive|ru ready fam has 30 seconds left.
|inactive|ru ready fam has 20 seconds left.
|inactive|SycrasisEU has 30 seconds left.
|
|t:|1750711459
|move|p2a: Chien-Pao|Ice Spinner|p1b: Iron Hands
|-crit|p1b: Iron Hands
|-damage|p1b: Iron Hands|0 fnt
|faint|p1b: Iron Hands
|-end|p1b: Iron Hands|Quark Drive|[silent]
|move|p2b: Dewgong|Knock Off|p1a: Calyrex
|-supereffective|p1a: Calyrex
|-damage|p1a: Calyrex|61/100
|-enditem|p1a: Calyrex|Clear Amulet|[from] move: Knock Off|[of] p2b: Dewgong
|move|p1a: Calyrex|Glacial Lance|p2a: Chien-Pao|[spread] p2a,p2b
|-resisted|p2a: Chien-Pao
|-resisted|p2b: Dewgong
|-damage|p2a: Chien-Pao|75/100
|-damage|p2b: Dewgong|95/100
|
|-weather|Snowscape|[upkeep]
|upkeep
|turn|8
|
|t:|1750711476
|move|p2a: Chien-Pao|Throat Chop|p1a: Calyrex
|-supereffective|p1a: Calyrex
|-damage|p1a: Calyrex|20/100
|-start|p1a: Calyrex|Throat Chop|[silent]
|move|p2b: Dewgong|Flip Turn|p1a: Calyrex
|-damage|p1a: Calyrex|7/100
|move|p1a: Calyrex|Glacial Lance|p2a: Chien-Pao|[spread] p2a,p2b
|-resisted|p2a: Chien-Pao
|-resisted|p2b: Dewgong
|-damage|p2a: Chien-Pao|50/100
|-damage|p2b: Dewgong|88/100
|
|-weather|none
|upkeep
|turn|9
|l|☆ru ready fam
|inactive|ru ready fam disconnected and has a minute to reconnect!
|player|p1|
|inactive|ru ready fam has 30 seconds left.
|inactive|ru ready fam has 20 seconds left.
|inactive|ru ready fam has 15 seconds left.
|inactive|ru ready fam has 10 seconds left.
|inactive|ru ready fam has 5 seconds left.
|-message|ru ready fam lost due to inactivity.
|
|win|SycrasisEU
|raw|ru ready fam's rating: 1349 &rarr; <strong>1330</strong><br />(-19 for losing)
|raw|SycrasisEU's rating: 1372 &rarr; <strong>1391</strong><br />(+19 for winning)
|l|☆SycrasisEU
|player|p2|
