|j|☆Imnewnobully
|j|☆Dannnnnnnnnry
|t:|1750862272
|gametype|doubles
|player|p1|Imnewnobully|170|1098
|player|p2|Dannnnnnnnnry|265|1120
|teamsize|p1|6
|teamsize|p2|6
|gen|9
|tier|[Gen 9] VGC 2025 Reg I
|rated|
|rule|Species Clause: Limit one of each Pokémon
|rule|Item Clause: Limit 1 of each item
|clearpoke
|poke|p1|Mudsdale, L50, M|
|poke|p1|Dialga, L50|
|poke|p1|Incineroar, L50, M|
|poke|p1|Indeedee-F, L50, F|
|poke|p1|Lunala, L50|
|poke|p1|Gallade, L50, M|
|poke|p2|Miraidon, L50|
|poke|p2|Iron Hands, L50|
|poke|p2|Incineroar, L50, F|
|poke|p2|Urshifu-*, L50, F|
|poke|p2|Calyrex-Shadow, L50|
|poke|p2|Brute Bonnet, L50|
|teampreview|4
|
|t:|1750862322
|start
|switch|p1a: Lunala|Lunala, L50|100/100
|switch|p1b: Indeedee|Indeedee-F, L50, F|100/100
|switch|p2a: Calyrex|Calyrex-Shadow, L50|100/100
|switch|p2b: Iron Hands|Iron Hands, L50|100/100
|-ability|p2a: Calyrex|As One
|-ability|p2a: Calyrex|Unnerve
|-fieldstart|move: Psychic Terrain|[from] ability: Psychic Surge|[of] p1b: Indeedee
|turn|1
|
|t:|1750862342
|move|p1a: Lunala|Wide Guard|p1a: Lunala
|-singleturn|p1a: Lunala|Wide Guard
|move|p2b: Iron Hands|Fake Out|p1b: Indeedee
|-activate|p1b: Indeedee|move: Psychic Terrain
|move|p2a: Calyrex|Astral Barrage|p1a: Lunala|[spread] 
|-activate|p1a: Lunala|move: Wide Guard
|-activate|p1b: Indeedee|move: Wide Guard
|move|p1b: Indeedee|Trick Room|p1b: Indeedee
|-fieldstart|move: Trick Room|[of] p1b: Indeedee
|
|upkeep
|turn|2
|
|t:|1750862381
|switch|p2a: Brute Bonnet|Brute Bonnet, L50|100/100
|move|p2b: Iron Hands|Heavy Slam|p1a: Lunala
|-damage|p1a: Lunala|89/100
|-damage|p2b: Iron Hands|84/100|[from] item: Rocky Helmet|[of] p1a: Lunala
|move|p1b: Indeedee|Dazzling Gleam|p2a: Brute Bonnet|[spread] p2a,p2b
|-supereffective|p2a: Brute Bonnet
|-supereffective|p2b: Iron Hands
|-damage|p2a: Brute Bonnet|81/100
|-damage|p2b: Iron Hands|71/100
|move|p1a: Lunala|Moongeist Beam|p2a: Brute Bonnet
|-resisted|p2a: Brute Bonnet
|-damage|p2a: Brute Bonnet|63/100
|
|upkeep
|turn|3
|
|t:|1750862400
|move|p1b: Indeedee|Follow Me|p1b: Indeedee
|-singleturn|p1b: Indeedee|move: Follow Me
|move|p2a: Brute Bonnet|Sucker Punch||[still]
|-fail|p2a: Brute Bonnet
|move|p2b: Iron Hands|Wild Charge|p1b: Indeedee
|-damage|p1b: Indeedee|51/100
|-damage|p2b: Iron Hands|63/100|[from] Recoil
|move|p1a: Lunala|Moonblast|p2a: Brute Bonnet
|-supereffective|p2a: Brute Bonnet
|-damage|p2a: Brute Bonnet|16/100
|-enditem|p2a: Brute Bonnet|Sitrus Berry|[eat]
|-heal|p2a: Brute Bonnet|41/100|[from] item: Sitrus Berry
|
|upkeep
|turn|4
|
|t:|1750862452
|-terastallize|p1a: Lunala|Fairy
|move|p2a: Brute Bonnet|Protect|p2a: Brute Bonnet
|-singleturn|p2a: Brute Bonnet|Protect
|move|p1b: Indeedee|Follow Me|p1b: Indeedee
|-singleturn|p1b: Indeedee|move: Follow Me
|move|p2b: Iron Hands|Heavy Slam|p1b: Indeedee
|-damage|p1b: Indeedee|5/100
|move|p1a: Lunala|Moonblast|p2b: Iron Hands
|-supereffective|p2b: Iron Hands
|-damage|p2b: Iron Hands|14/100
|
|upkeep
|turn|5
|
|t:|1750862468
|move|p2a: Brute Bonnet|Rage Powder|p2a: Brute Bonnet
|-singleturn|p2a: Brute Bonnet|move: Rage Powder
|move|p2b: Iron Hands|Heavy Slam|p1a: Lunala
|-supereffective|p1a: Lunala
|-damage|p1a: Lunala|46/100
|-damage|p2b: Iron Hands|0 fnt|[from] item: Rocky Helmet|[of] p1a: Lunala
|faint|p2b: Iron Hands
|-end|p2b: Iron Hands|Quark Drive|[silent]
|move|p1b: Indeedee|Dazzling Gleam|p2a: Brute Bonnet
|-supereffective|p2a: Brute Bonnet
|-damage|p2a: Brute Bonnet|16/100
|move|p1a: Lunala|Moonblast|p2a: Brute Bonnet
|-supereffective|p2a: Brute Bonnet
|-damage|p2a: Brute Bonnet|0 fnt
|faint|p2a: Brute Bonnet
|-end|p2a: Brute Bonnet|Protosynthesis|[silent]
|
|-fieldend|move: Trick Room
|-fieldend|move: Psychic Terrain
|upkeep
|
|t:|1750862483
|switch|p2a: Urshifu|Urshifu-Rapid-Strike, L50, F|100/100
|switch|p2b: Calyrex|Calyrex-Shadow, L50|100/100
|-ability|p2b: Calyrex|As One
|-ability|p2b: Calyrex|Unnerve
|turn|6
|
|t:|1750862512
|switch|p1b: Gallade|Gallade, L50, M|100/100
|move|p1a: Lunala|Wide Guard|p1a: Lunala
|-singleturn|p1a: Lunala|Wide Guard
|move|p2b: Calyrex|Draining Kiss|p1b: Gallade
|-supereffective|p1b: Gallade
|-damage|p1b: Gallade|53/100
|-damage|p2b: Calyrex|91/100|[from] item: Life Orb
|move|p2a: Urshifu|Surging Strikes|p1a: Lunala
|-crit|p1a: Lunala
|-damage|p1a: Lunala|26/100
|-damage|p2a: Urshifu|84/100|[from] item: Rocky Helmet|[of] p1a: Lunala
|-crit|p1a: Lunala
|-damage|p1a: Lunala|7/100
|-damage|p2a: Urshifu|68/100|[from] item: Rocky Helmet|[of] p1a: Lunala
|-crit|p1a: Lunala
|-damage|p1a: Lunala|0 fnt
|-damage|p2a: Urshifu|51/100|[from] item: Rocky Helmet|[of] p1a: Lunala
|faint|p1a: Lunala
|-hitcount|p1: Lunala|3
|
|upkeep
|
|t:|1750862524
|switch|p1a: Indeedee|Indeedee-F, L50, F|5/100
|-fieldstart|move: Psychic Terrain|[from] ability: Psychic Surge|[of] p1a: Indeedee
|turn|7
|
|t:|1750862556
|move|p1b: Gallade|Wide Guard|p1b: Gallade
|-singleturn|p1b: Gallade|Wide Guard
|move|p2b: Calyrex|Astral Barrage|p1b: Gallade|[spread] 
|-activate|p1a: Indeedee|move: Wide Guard
|-activate|p1b: Gallade|move: Wide Guard
|move|p2a: Urshifu|Surging Strikes|p1b: Gallade
|-crit|p1b: Gallade
|-damage|p1b: Gallade|23/100
|-crit|p1b: Gallade
|-damage|p1b: Gallade|0 fnt
|faint|p1b: Gallade
|-hitcount|p1: Gallade|2
|move|p1a: Indeedee|Trick Room|p1a: Indeedee
|-fieldstart|move: Trick Room|[of] p1a: Indeedee
|
|upkeep
|
|t:|1750862568
|switch|p1b: Mudsdale|Mudsdale, L50, M|100/100
|turn|8
|c|☆Imnewnobully|HORSE
|inactive|Battle timer is ON: inactive players will automatically lose when time's up. (requested by Imnewnobully)
|
|t:|1750862587
|move|p1a: Indeedee|Helping Hand|p1b: Mudsdale
|-singleturn|p1b: Mudsdale|Helping Hand|[of] p1a: Indeedee
|move|p2b: Calyrex|Protect|p2b: Calyrex
|-singleturn|p2b: Calyrex|Protect
|move|p1b: Mudsdale|Earthquake|p2b: Calyrex|[spread] p1a,p2a
|-activate|p2b: Calyrex|move: Protect
|-crit|p2a: Urshifu
|-damage|p1a: Indeedee|0 fnt
|-damage|p2a: Urshifu|0 fnt
|faint|p1a: Indeedee
|faint|p2a: Urshifu
|
|upkeep
|turn|9
|
|t:|1750862605
|-terastallize|p2b: Calyrex|Fairy
|move|p1b: Mudsdale|Earthquake|p2b: Calyrex
|-damage|p2b: Calyrex|0 fnt
|faint|p2b: Calyrex
|
|win|Imnewnobully
|raw|Imnewnobully's rating: 1098 &rarr; <strong>1125</strong><br />(+27 for winning)
|raw|Dannnnnnnnnry's rating: 1120 &rarr; <strong>1093</strong><br />(-27 for losing)
|l|☆Dannnnnnnnnry
|player|p2|
