|j|☆ChickenZX
|j|☆Light_Sky.L
|t:|1750741208
|gametype|doubles
|player|p1|ChickenZX|fisherman-gen4|1475
|player|p2|Light_Sky.L|266|1480
|teamsize|p1|6
|teamsize|p2|6
|gen|9
|tier|[Gen 9] VGC 2025 Reg I
|rated|
|rule|Species Clause: Limit one of each Pokémon
|rule|Item Clause: Limit 1 of each item
|clearpoke
|poke|p1|Lilligant-Hisui, L50, F|
|poke|p1|Groudon, L50|
|poke|p1|Ogerpon-Hearthflame, L50, F|
|poke|p1|Incineroar, L50, M|
|poke|p1|Miraidon, L50|
|poke|p1|Flutter Mane, L50|
|poke|p2|Miraidon, L50|
|poke|p2|Zacian-*, L50|
|poke|p2|Grimmsnarl, L50, M|
|poke|p2|Incineroar, L50, M|
|poke|p2|Wo-Chien, L50|
|poke|p2|Annihilape, L50, M|
|teampreview|4
|inactive|Battle timer is ON: inactive players will automatically lose when time's up. (requested by ChickenZX)
|
|t:|1750741228
|start
|switch|p1a: Ogerpon|Ogerpon-Hearthflame, L50, F|100/100
|switch|p1b: Flutter Mane|Flutter Mane, L50|100/100
|switch|p2a: Grimmsnarl|Grimmsnarl, L50, M|100/100
|switch|p2b: Incineroar|Incineroar, L50, M|100/100
|-ability|p1a: Ogerpon|Mold Breaker
|-ability|p2b: Incineroar|Intimidate|boost
|-unboost|p1a: Ogerpon|atk|1
|-unboost|p1b: Flutter Mane|atk|1
|-enditem|p1b: Flutter Mane|Booster Energy
|-activate|p1b: Flutter Mane|ability: Protosynthesis|[fromitem]
|-start|p1b: Flutter Mane|protosynthesisspe
|turn|1
|
|t:|1750741245
|move|p2b: Incineroar|Fake Out|p1a: Ogerpon
|-damage|p1a: Ogerpon|89/100
|move|p2a: Grimmsnarl|Light Screen|p2a: Grimmsnarl
|-sidestart|p2: Light_Sky.L|move: Light Screen
|move|p1b: Flutter Mane|Taunt|p2a: Grimmsnarl
|-start|p2a: Grimmsnarl|move: Taunt
|cant|p1a: Ogerpon|flinch
|
|upkeep
|turn|2
|
|t:|1750741263
|switch|p1a: Groudon|Groudon, L50|100/100
|-weather|SunnyDay|[from] ability: Drought|[of] p1a: Groudon
|switch|p2a: Wo-Chien|Wo-Chien, L50|100/100
|-ability|p2a: Wo-Chien|Tablets of Ruin
|move|p1b: Flutter Mane|Moonblast|p2a: Wo-Chien
|-supereffective|p2a: Wo-Chien
|-damage|p2a: Wo-Chien|60/100
|move|p2b: Incineroar|Knock Off|p1b: Flutter Mane
|-crit|p1b: Flutter Mane
|-damage|p1b: Flutter Mane|44/100
|
|-weather|SunnyDay|[upkeep]
|-heal|p2a: Wo-Chien|67/100|[from] item: Leftovers
|upkeep
|turn|3
|inactive|Light_Sky.L has 30 seconds left.
|
|t:|1750741291
|move|p1b: Flutter Mane|Moonblast|p2b: Incineroar
|-damage|p2b: Incineroar|68/100
|-unboost|p2b: Incineroar|spa|1
|move|p2b: Incineroar|Will-O-Wisp|p1a: Groudon
|-status|p1a: Groudon|brn
|move|p1a: Groudon|Precipice Blades|p2b: Incineroar|[spread] p2a,p2b
|-resisted|p2a: Wo-Chien
|-supereffective|p2b: Incineroar
|-damage|p2a: Wo-Chien|59/100
|-damage|p2b: Incineroar|26/100
|move|p2a: Wo-Chien|Leech Seed|p1a: Groudon
|-start|p1a: Groudon|move: Leech Seed
|
|-weather|SunnyDay|[upkeep]
|-heal|p2a: Wo-Chien|66/100|[from] item: Leftovers
|-damage|p1a: Groudon|88/100 brn|[from] Leech Seed|[of] p2a: Wo-Chien
|-heal|p2a: Wo-Chien|79/100|[silent]
|-damage|p1a: Groudon|83/100 brn|[from] brn
|upkeep
|turn|4
|inactive|Light_Sky.L has 30 seconds left.
|
|t:|1750741321
|switch|p1a: Ogerpon|Ogerpon-Hearthflame, L50, F|89/100
|-ability|p1a: Ogerpon|Mold Breaker
|move|p1b: Flutter Mane|Moonblast|p2b: Incineroar
|-damage|p2b: Incineroar|0 fnt
|faint|p2b: Incineroar
|move|p2a: Wo-Chien|Foul Play|p1a: Ogerpon
|-damage|p1a: Ogerpon|50/100
|
|-weather|SunnyDay|[upkeep]
|-heal|p2a: Wo-Chien|85/100|[from] item: Leftovers
|upkeep
|
|t:|1750741333
|switch|p2b: Grimmsnarl|Grimmsnarl, L50, M|100/100
|turn|5
|inactive|Light_Sky.L has 30 seconds left.
|
|t:|1750741358
|-end|p1b: Flutter Mane|Protosynthesis|[silent]
|switch|p1b: Incineroar|Incineroar, L50, M|100/100
|-ability|p1b: Incineroar|Intimidate|boost
|-unboost|p2a: Wo-Chien|atk|1
|-unboost|p2b: Grimmsnarl|atk|1
|move|p1a: Ogerpon|Spiky Shield|p1a: Ogerpon
|-singleturn|p1a: Ogerpon|move: Protect
|move|p2b: Grimmsnarl|Thunder Wave|p1b: Incineroar
|-hint|Since gen 7, Dark is immune to Prankster moves.
|-immune|p1b: Incineroar
|move|p2a: Wo-Chien|Foul Play|p1a: Ogerpon
|-activate|p1a: Ogerpon|move: Protect
|-damage|p2a: Wo-Chien|72/100|[from] Spiky Shield|[of] p1a: Ogerpon
|
|-weather|SunnyDay|[upkeep]
|-heal|p2a: Wo-Chien|79/100|[from] item: Leftovers
|upkeep
|turn|6
|
|t:|1750741380
|move|p2b: Grimmsnarl|Reflect|p2b: Grimmsnarl
|-sidestart|p2: Light_Sky.L|Reflect
|move|p1a: Ogerpon|Ivy Cudgel|p2a: Wo-Chien|[anim] Ivy Cudgel Fire
|-supereffective|p2a: Wo-Chien
|-damage|p2a: Wo-Chien|14/100
|move|p2a: Wo-Chien|Leech Seed|p1b: Incineroar
|-start|p1b: Incineroar|move: Leech Seed
|move|p1b: Incineroar|Flare Blitz|p2a: Wo-Chien
|-supereffective|p2a: Wo-Chien
|-damage|p2a: Wo-Chien|0 fnt
|faint|p2a: Wo-Chien
|-damage|p1b: Incineroar|96/100|[from] Recoil
|
|-weather|none
|upkeep
|
|t:|1750741393
|switch|p2a: Miraidon|Miraidon, L50|100/100
|-fieldstart|move: Electric Terrain|[from] ability: Hadron Engine|[of] p2a: Miraidon
|turn|7
|
|t:|1750741405
|switch|p1b: Groudon|Groudon, L50|83/100 brn
|-weather|SunnyDay|[from] ability: Drought|[of] p1b: Groudon
|move|p1a: Ogerpon|Spiky Shield|p1a: Ogerpon
|-singleturn|p1a: Ogerpon|move: Protect
|move|p2b: Grimmsnarl|Thunder Wave|p1a: Ogerpon
|-activate|p1a: Ogerpon|move: Protect
|move|p2a: Miraidon|Calm Mind|p2a: Miraidon
|-boost|p2a: Miraidon|spa|1
|-boost|p2a: Miraidon|spd|1
|
|-weather|SunnyDay|[upkeep]
|-damage|p1b: Groudon|77/100 brn|[from] brn
|upkeep
|turn|8
|
|t:|1750741425
|switch|p1a: Incineroar|Incineroar, L50, M|96/100
|-ability|p1a: Incineroar|Intimidate|boost
|-unboost|p2a: Miraidon|atk|1
|-unboost|p2b: Grimmsnarl|atk|1
|move|p1b: Groudon|Protect|p1b: Groudon
|-singleturn|p1b: Groudon|Protect
|move|p2a: Miraidon|Calm Mind|p2a: Miraidon
|-boost|p2a: Miraidon|spa|1
|-boost|p2a: Miraidon|spd|1
|move|p2b: Grimmsnarl|Spirit Break|p1b: Groudon
|-activate|p1b: Groudon|move: Protect
|
|-weather|SunnyDay|[upkeep]
|-damage|p1b: Groudon|71/100 brn|[from] brn
|-sideend|p2: Light_Sky.L|move: Light Screen
|upkeep
|turn|9
|
|t:|1750741444
|move|p1a: Incineroar|Fake Out|p2a: Miraidon
|-crit|p2a: Miraidon
|-damage|p2a: Miraidon|83/100
|move|p2b: Grimmsnarl|Reflect||[still]
|-fail|p2b: Grimmsnarl
|move|p2a: Miraidon|Parabolic Charge|p1b: Groudon|[spread] p2b,p1a
|-immune|p1b: Groudon
|-damage|p2b: Grimmsnarl|8/100
|-heal|p2a: Miraidon|100/100|[from] drain|[of] p2b: Grimmsnarl
|-damage|p1a: Incineroar|16/100
|move|p1b: Groudon|Precipice Blades|p2a: Miraidon|[spread] p2a,p2b
|-supereffective|p2a: Miraidon
|-damage|p2a: Miraidon|66/100
|-damage|p2b: Grimmsnarl|0 fnt
|faint|p2b: Grimmsnarl
|
|-weather|SunnyDay|[upkeep]
|-damage|p1b: Groudon|65/100 brn|[from] brn
|upkeep
|turn|10
|
|t:|1750741463
|move|p1b: Groudon|Protect|p1b: Groudon
|-singleturn|p1b: Groudon|Protect
|move|p2a: Miraidon|Dragon Pulse|p1b: Groudon
|-activate|p1b: Groudon|move: Protect
|move|p1a: Incineroar|Knock Off|p2a: Miraidon
|-crit|p2a: Miraidon
|-damage|p2a: Miraidon|7/100
|-enditem|p2a: Miraidon|Covert Cloak|[from] move: Knock Off|[of] p1a: Incineroar
|
|-weather|SunnyDay|[upkeep]
|-damage|p1b: Groudon|59/100 brn|[from] brn
|upkeep
|turn|11
|
|t:|1750741478
|switch|p1a: Ogerpon|Ogerpon-Hearthflame, L50, F|50/100
|-ability|p1a: Ogerpon|Mold Breaker
|move|p2a: Miraidon|Parabolic Charge|p1a: Ogerpon|[spread] p1a
|-immune|p1b: Groudon
|-resisted|p1a: Ogerpon
|-damage|p1a: Ogerpon|4/100
|-heal|p2a: Miraidon|32/100|[from] drain|[of] p1a: Ogerpon
|move|p1b: Groudon|Heat Crash|p2a: Miraidon
|-resisted|p2a: Miraidon
|-damage|p2a: Miraidon|24/100
|
|-weather|none
|-damage|p1b: Groudon|54/100 brn|[from] brn
|-fieldend|move: Electric Terrain
|upkeep
|turn|12
|
|t:|1750741502
|-terastallize|p2a: Miraidon|Electric
|move|p1a: Ogerpon|Follow Me|p1a: Ogerpon
|-singleturn|p1a: Ogerpon|move: Follow Me
|move|p2a: Miraidon|Dragon Pulse|p1a: Ogerpon
|-damage|p1a: Ogerpon|0 fnt
|faint|p1a: Ogerpon
|move|p1b: Groudon|Precipice Blades|p2a: Miraidon
|-supereffective|p2a: Miraidon
|-damage|p2a: Miraidon|0 fnt
|faint|p2a: Miraidon
|
|win|ChickenZX
|raw|ChickenZX's rating: 1475 &rarr; <strong>1495</strong><br />(+20 for winning)
|raw|Light_Sky.L's rating: 1480 &rarr; <strong>1460</strong><br />(-20 for losing)
