|j|☆Zeropoke7310
|j|☆searows
|t:|1750737978
|gametype|doubles
|player|p1|Zeropoke7310|steven|1478
|player|p2|searows|miku-water|1388
|teamsize|p1|6
|teamsize|p2|6
|gen|9
|tier|[Gen 9] VGC 2025 Reg I
|rated|
|rule|Species Clause: Limit one of each Pokémon
|rule|Item Clause: Limit 1 of each item
|clearpoke
|poke|p1|Miraidon, L50|
|poke|p1|Lunala, L50|
|poke|p1|Incineroar, L50, M|
|poke|p1|Urshifu-*, L50, M|
|poke|p1|Ursaluna, L50, F|
|poke|p1|Whimsicott, L50, F|
|poke|p2|Calyrex-Ice, L50|
|poke|p2|Miraidon, L50|
|poke|p2|Urshifu-*, L50, M|
|poke|p2|Incineroar, L50, M|
|poke|p2|Amoonguss, L50, F|
|poke|p2|Ursaluna-Bloodmoon, L50, M|
|teampreview|4
|
|t:|1750738010
|start
|switch|p1a: Incineroar|Incineroar, L50, M, shiny|100/100
|switch|p1b: Lunala|Lunala, L50|100/100
|switch|p2a: Calyrex|Calyrex-Ice, L50|100/100
|switch|p2b: Amoonguss|Amoonguss, L50, F|100/100
|-ability|p2a: Calyrex|As One
|-ability|p2a: Calyrex|Unnerve
|-ability|p1a: Incineroar|Intimidate|boost
|-fail|p2a: Calyrex|unboost|[from] item: Clear Amulet|[of] p2a: Calyrex
|-unboost|p2b: Amoonguss|atk|1
|turn|1
|inactive|Battle timer is ON: inactive players will automatically lose when time's up. (requested by searows)
|
|t:|1750738050
|switch|p1b: Miraidon|Miraidon, L50|100/100
|-fieldstart|move: Electric Terrain|[from] ability: Hadron Engine|[of] p1b: Miraidon
|move|p2a: Calyrex|Protect|p2a: Calyrex
|-singleturn|p2a: Calyrex|Protect
|move|p2b: Amoonguss|Protect|p2b: Amoonguss
|-singleturn|p2b: Amoonguss|Protect
|move|p1a: Incineroar|Fake Out|p2a: Calyrex
|-activate|p2a: Calyrex|move: Protect
|
|upkeep
|turn|2
|inactive|searows has 30 seconds left.
|inactive|searows has 20 seconds left.
|inactive|searows has 15 seconds left.
|inactive|searows has 10 seconds left.
|inactive|searows has 5 seconds left.
|
|t:|1750738104
|move|p2b: Amoonguss|Rage Powder|p2b: Amoonguss
|-singleturn|p2b: Amoonguss|move: Rage Powder
|move|p1b: Miraidon|Volt Switch|p2b: Amoonguss
|-resisted|p2b: Amoonguss
|-damage|p2b: Amoonguss|53/100
|
|t:|1750738110
|switch|p1b: Lunala|Lunala, L50|100/100|[from] Volt Switch
|-enditem|p1b: Lunala|Electric Seed
|-boost|p1b: Lunala|def|1|[from] item: Electric Seed
|move|p1a: Incineroar|Knock Off|p2b: Amoonguss
|-damage|p2b: Amoonguss|20/100
|-damage|p1a: Incineroar|84/100|[from] item: Rocky Helmet|[of] p2b: Amoonguss
|-enditem|p2b: Amoonguss|Rocky Helmet|[from] move: Knock Off|[of] p1a: Incineroar
|move|p2a: Calyrex|Glacial Lance|p1b: Lunala|[spread] p1a,p1b
|-resisted|p1a: Incineroar
|-damage|p1a: Incineroar|63/100
|-damage|p1b: Lunala|86/100
|
|upkeep
|turn|3
|
|t:|1750738128
|move|p2b: Amoonguss|Rage Powder|p2b: Amoonguss
|-singleturn|p2b: Amoonguss|move: Rage Powder
|move|p1b: Lunala|Moongeist Beam|p2b: Amoonguss
|-damage|p2b: Amoonguss|0 fnt
|faint|p2b: Amoonguss
|move|p1a: Incineroar|Knock Off|p2a: Calyrex
|-supereffective|p2a: Calyrex
|-damage|p2a: Calyrex|57/100
|-enditem|p2a: Calyrex|Clear Amulet|[from] move: Knock Off|[of] p1a: Incineroar
|move|p2a: Calyrex|Trick Room|p2a: Calyrex
|-fieldstart|move: Trick Room|[of] p2a: Calyrex
|
|upkeep
|
|t:|1750738132
|switch|p2b: Ursaluna|Ursaluna-Bloodmoon, L50, M|100/100
|turn|4
|inactive|Zeropoke7310 has 30 seconds left.
|
|t:|1750738159
|switch|p1a: Ursaluna|Ursaluna, L50, F|100/100
|-terastallize|p2a: Calyrex|Water
|move|p2b: Ursaluna|Earth Power|p1a: Ursaluna
|-damage|p1a: Ursaluna|40/100
|-damage|p2b: Ursaluna|90/100|[from] item: Life Orb
|move|p2a: Calyrex|Glacial Lance|p1a: Ursaluna|[spread] p1a,p1b
|-supereffective|p1a: Ursaluna
|-damage|p1a: Ursaluna|0 fnt
|-damage|p1b: Lunala|54/100
|faint|p1a: Ursaluna
|-ability|p2a: Calyrex|Chilling Neigh|boost
|-boost|p2a: Calyrex|atk|1
|move|p1b: Lunala|Moongeist Beam|p2a: Calyrex
|-damage|p2a: Calyrex|23/100
|
|upkeep
|
|t:|1750738180
|switch|p1a: Incineroar|Incineroar, L50, M, shiny|63/100
|-ability|p1a: Incineroar|Intimidate|boost
|-unboost|p2a: Calyrex|atk|1
|-unboost|p2b: Ursaluna|atk|1
|turn|5
|
|t:|1750738204
|move|p1a: Incineroar|Fake Out|p2b: Ursaluna
|-damage|p2b: Ursaluna|83/100
|cant|p2b: Ursaluna|flinch
|move|p2a: Calyrex|High Horsepower|p1a: Incineroar|[miss]
|-miss|p2a: Calyrex|p1a: Incineroar
|move|p1b: Lunala|Moongeist Beam|p2a: Calyrex
|-damage|p2a: Calyrex|0 fnt
|faint|p2a: Calyrex
|
|-fieldend|move: Electric Terrain
|upkeep
|
|t:|1750738212
|switch|p2a: Miraidon|Miraidon, L50|100/100
|-fieldstart|move: Electric Terrain|[from] ability: Hadron Engine|[of] p2a: Miraidon
|turn|6
|inactive|searows has 30 seconds left.
|
|t:|1750738243
|move|p2b: Ursaluna|Earth Power|p1a: Incineroar
|-supereffective|p1a: Incineroar
|-damage|p1a: Incineroar|0 fnt
|faint|p1a: Incineroar
|-damage|p2b: Ursaluna|73/100|[from] item: Life Orb
|move|p1b: Lunala|Moonblast|p2a: Miraidon
|-supereffective|p2a: Miraidon
|-damage|p2a: Miraidon|45/100
|move|p2a: Miraidon|Electro Drift|p1b: Lunala
|-damage|p1b: Lunala|0 fnt
|faint|p1b: Lunala
|
|upkeep
|
|t:|1750738260
|switch|p1b: Miraidon|Miraidon, L50|100/100
|-activate|p1b: Miraidon|ability: Hadron Engine
|turn|7
|
|t:|1750738265
|-terastallize|p1b: Miraidon|Fairy
|move|p2b: Ursaluna|Earth Power|p1b: Miraidon
|-damage|p1b: Miraidon|45/100
|-damage|p2b: Ursaluna|63/100|[from] item: Life Orb
|move|p2a: Miraidon|Electro Drift|p1b: Miraidon
|-damage|p1b: Miraidon|0 fnt
|faint|p1b: Miraidon
|
|win|searows
|raw|Zeropoke7310's rating: 1478 &rarr; <strong>1453</strong><br />(-25 for losing)
|raw|searows's rating: 1388 &rarr; <strong>1413</strong><br />(+25 for winning)
|l|☆Zeropoke7310
|player|p1|
|l|☆searows
|player|p2|
