|j|☆OOmeNN
|j|☆Troll con perish
|t:|1750858320
|gametype|doubles
|player|p1|OOmeNN|265|1156
|player|p2|Troll con perish|266|1160
|teamsize|p1|6
|teamsize|p2|6
|gen|9
|tier|[Gen 9] VGC 2025 Reg I
|rated|
|rule|Species Clause: Limit one of each Pokémon
|rule|Item Clause: Limit 1 of each item
|clearpoke
|poke|p1|Kyogre, L50|
|poke|p1|Calyrex-Shadow, L50|
|poke|p1|Indeedee-F, L50, F|
|poke|p1|Urshifu-*, L50, F|
|poke|p1|Grimmsnarl, L50, M|
|poke|p1|Bruxish, L50, M|
|poke|p2|Politoed, L50, M|
|poke|p2|Ludicolo, L50, M|
|poke|p2|Gothitelle, L50, F|
|poke|p2|Hitmontop, L50, M|
|poke|p2|Calyrex-Ice, L50|
|poke|p2|Flutter Mane, L50|
|teampreview|4
|inactive|Battle timer is ON: inactive players will automatically lose when time's up. (requested by Troll con perish)
Troll con perish rejected open team sheets.
|c|☆OOmeNN|fire team
|
|t:|1750858346
|start
|switch|p1a: Calyrex|Calyrex-Shadow, L50|100/100
|switch|p1b: Bruxish|Bruxish, L50, M|100/100
|switch|p2a: DADDY CHILL:)|Calyrex-Ice, L50|100/100
|switch|p2b: KING OF RYTHEM!|Ludicolo, L50, M, shiny|100/100
|-ability|p1a: Calyrex|As One
|-ability|p1a: Calyrex|Unnerve
|-ability|p2a: DADDY CHILL:)|As One
|-ability|p2a: DADDY CHILL:)|Unnerve
|turn|1
|inactive|OOmeNN has 30 seconds left.
|inactive|OOmeNN has 20 seconds left.
|inactive|OOmeNN has 15 seconds left.
|
|t:|1750858389
|-terastallize|p1a: Calyrex|Fire
|-terastallize|p2a: DADDY CHILL:)|Dark
|move|p1b: Bruxish|Flip Turn|p1a: Calyrex
|-supereffective|p1a: Calyrex
|-damage|p1a: Calyrex|55/100
|-enditem|p1a: Calyrex|Weakness Policy
|-boost|p1a: Calyrex|atk|2|[from] item: Weakness Policy
|-boost|p1a: Calyrex|spa|2|[from] item: Weakness Policy
|
|t:|1750858397
|switch|p1b: Indeedee|Indeedee-F, L50, F|100/100|[from] Flip Turn
|-fieldstart|move: Psychic Terrain|[from] ability: Psychic Surge|[of] p1b: Indeedee
|-enditem|p1b: Indeedee|Psychic Seed
|-boost|p1b: Indeedee|spd|1|[from] item: Psychic Seed
|move|p1a: Calyrex|Astral Barrage|p2b: KING OF RYTHEM!|[spread] p2a,p2b
|-resisted|p2a: DADDY CHILL:)
|-damage|p2a: DADDY CHILL:)|64/100
|-damage|p2b: KING OF RYTHEM!|0 fnt
|faint|p2b: KING OF RYTHEM!
|-ability|p1a: Calyrex|Grim Neigh|boost
|-boost|p1a: Calyrex|spa|1
|move|p2a: DADDY CHILL:)|Glacial Lance|p1b: Indeedee|[spread] p1a,p1b
|-resisted|p1a: Calyrex
|-damage|p1a: Calyrex|23/100
|-damage|p1b: Indeedee|29/100
|
|upkeep
|
|t:|1750858413
|switch|p2b: 321.LET IT RIP!!!|Hitmontop, L50, M, shiny|100/100
|-ability|p2b: 321.LET IT RIP!!!|Intimidate|boost
|-unboost|p1a: Calyrex|atk|1
|-unboost|p1b: Indeedee|atk|1
|turn|2
|inactive|OOmeNN has 30 seconds left.
|inactive|OOmeNN has 20 seconds left.
|
|t:|1750858450
|move|p1b: Indeedee|Helping Hand|p1a: Calyrex
|-singleturn|p1a: Calyrex|Helping Hand|[of] p1b: Indeedee
|move|p2b: 321.LET IT RIP!!!|Wide Guard|p2b: 321.LET IT RIP!!!
|-singleturn|p2b: 321.LET IT RIP!!!|Wide Guard
|move|p1a: Calyrex|Astral Barrage|p2b: 321.LET IT RIP!!!|[spread] 
|-activate|p2a: DADDY CHILL:)|move: Wide Guard
|-activate|p2b: 321.LET IT RIP!!!|move: Wide Guard
|move|p2a: DADDY CHILL:)|Glacial Lance|p1a: Calyrex|[spread] p1a,p1b
|-resisted|p1a: Calyrex
|-damage|p1a: Calyrex|0 fnt
|-damage|p1b: Indeedee|0 fnt
|faint|p1a: Calyrex
|faint|p1b: Indeedee
|-ability|p2a: DADDY CHILL:)|Chilling Neigh|boost
|-boost|p2a: DADDY CHILL:)|atk|2
|
|upkeep
|
|t:|1750858467
|switch|p1a: Kyogre|Kyogre, L50|100/100
|switch|p1b: Bruxish|Bruxish, L50, M|100/100
|-weather|RainDance|[from] ability: Drizzle|[of] p1a: Kyogre
|turn|3
|
|t:|1750858487
|move|p2b: 321.LET IT RIP!!!|Wide Guard|p2b: 321.LET IT RIP!!!
|-singleturn|p2b: 321.LET IT RIP!!!|Wide Guard
|move|p1b: Bruxish|Super Fang|p2a: DADDY CHILL:)
|-damage|p2a: DADDY CHILL:)|32/100
|move|p1a: Kyogre|Hydro Pump|p2a: DADDY CHILL:)
|-damage|p2a: DADDY CHILL:)|0 fnt
|faint|p2a: DADDY CHILL:)
|
|-weather|RainDance|[upkeep]
|upkeep
|
|t:|1750858496
|switch|p2a: FAVORITE CHILD:D|Politoed, L50, M|100/100
|turn|4
|
|t:|1750858508
|move|p2b: 321.LET IT RIP!!!|Wide Guard|p2b: 321.LET IT RIP!!!
|-singleturn|p2b: 321.LET IT RIP!!!|Wide Guard
|move|p1b: Bruxish|Super Fang|p2b: 321.LET IT RIP!!!|[miss]
|-miss|p1b: Bruxish|p2b: 321.LET IT RIP!!!
|move|p1a: Kyogre|Hydro Pump|p2a: FAVORITE CHILD:D
|-resisted|p2a: FAVORITE CHILD:D
|-damage|p2a: FAVORITE CHILD:D|44/100
|move|p2a: FAVORITE CHILD:D|Perish Song|p2a: FAVORITE CHILD:D
|-start|p1a: Kyogre|perish3|[silent]
|-start|p1b: Bruxish|perish3|[silent]
|-start|p2a: FAVORITE CHILD:D|perish3|[silent]
|-start|p2b: 321.LET IT RIP!!!|perish3|[silent]
|-fieldactivate|move: Perish Song
|
|-weather|RainDance|[upkeep]
|-heal|p2a: FAVORITE CHILD:D|50/100|[from] item: Leftovers
|-start|p1b: Bruxish|perish3
|-start|p1a: Kyogre|perish3
|-start|p2b: 321.LET IT RIP!!!|perish3
|-start|p2a: FAVORITE CHILD:D|perish3
|upkeep
|turn|5
|
|t:|1750858530
|move|p2b: 321.LET IT RIP!!!|Detect||[still]
|-fail|p2b: 321.LET IT RIP!!!
|move|p2a: FAVORITE CHILD:D|Protect|p2a: FAVORITE CHILD:D
|-singleturn|p2a: FAVORITE CHILD:D|Protect
|move|p1b: Bruxish|Super Fang|p2a: FAVORITE CHILD:D
|-activate|p2a: FAVORITE CHILD:D|move: Protect
|move|p1a: Kyogre|Hydro Pump|p2b: 321.LET IT RIP!!!
|-damage|p2b: 321.LET IT RIP!!!|0 fnt
|faint|p2b: 321.LET IT RIP!!!
|
|-weather|RainDance|[upkeep]
|-heal|p2a: FAVORITE CHILD:D|56/100|[from] item: Leftovers
|-start|p1b: Bruxish|perish2
|-start|p1a: Kyogre|perish2
|-start|p2a: FAVORITE CHILD:D|perish2
|-fieldend|move: Psychic Terrain
|upkeep
|turn|6
|
|t:|1750858550
|move|p2a: FAVORITE CHILD:D|Protect||[still]
|-fail|p2a: FAVORITE CHILD:D
|move|p1b: Bruxish|Super Fang|p2a: FAVORITE CHILD:D
|-damage|p2a: FAVORITE CHILD:D|28/100
|move|p1a: Kyogre|Hydro Pump|p2a: FAVORITE CHILD:D
|-resisted|p2a: FAVORITE CHILD:D
|-damage|p2a: FAVORITE CHILD:D|0 fnt
|faint|p2a: FAVORITE CHILD:D
|
|win|OOmeNN
|raw|OOmeNN's rating: 1156 &rarr; <strong>1181</strong><br />(+25 for winning)
|raw|Troll con perish's rating: 1160 &rarr; <strong>1135</strong><br />(-25 for losing)
|l|☆Troll con perish
|player|p2|
|l|☆OOmeNN
|player|p1|
