|j|☆Nerd159
|j|☆jd8erh
|t:|1750747642
|gametype|doubles
|player|p1|Nerd159|102|1642
|player|p2|jd8erh|101|1737
|teamsize|p1|6
|teamsize|p2|6
|gen|9
|tier|[Gen 9] VGC 2025 Reg I
|rated|
|rule|Species Clause: Limit one of each Pokémon
|rule|Item Clause: Limit 1 of each item
|clearpoke
|poke|p1|Zamazenta-*, L50|
|poke|p1|Calyrex-Shadow, L50|
|poke|p1|Excadrill, L50, M|
|poke|p1|Tyranitar, L50, M|
|poke|p1|Ogerpon-Wellspring, L50, F|
|poke|p1|Farigiraf, L50, M|
|poke|p2|Miraidon, L50|
|poke|p2|Grimmsnarl, L50, M|
|poke|p2|Calyrex-Ice, L50|
|poke|p2|Incineroar, L50, F|
|poke|p2|Volcarona, L50, F|
|poke|p2|Urshifu-*, L50, M|
|teampreview|4
|inactive|Battle timer is ON: inactive players will automatically lose when time's up. (requested by Nerd159)
|
|t:|1750747659
|start
|switch|p1a: Excadrill|Excadrill, L50, M|100/100
|switch|p1b: Zamazenta|Zamazenta-Crowned, L50|100/100
|switch|p2a: Calyrex|Calyrex-Ice, L50|100/100
|switch|p2b: Volcarona|Volcarona, L50, F|100/100
|-ability|p2a: Calyrex|As One
|-ability|p2a: Calyrex|Unnerve
|-ability|p1b: Zamazenta|Dauntless Shield|boost
|-boost|p1b: Zamazenta|def|1
|turn|1
|
|t:|1750747673
|switch|p1a: Tyranitar|Tyranitar, L50, M|100/100
|-weather|Sandstorm|[from] ability: Sand Stream|[of] p1a: Tyranitar
|-terastallize|p1b: Zamazenta|Fire
|move|p1b: Zamazenta|Wide Guard|p1b: Zamazenta
|-singleturn|p1b: Zamazenta|Wide Guard
|move|p2b: Volcarona|Rage Powder|p2b: Volcarona
|-singleturn|p2b: Volcarona|move: Rage Powder
|move|p2a: Calyrex|Trick Room|p2a: Calyrex
|-fieldstart|move: Trick Room|[of] p2a: Calyrex
|
|-weather|Sandstorm|[upkeep]
|-damage|p2a: Calyrex|95/100|[from] Sandstorm
|-damage|p2b: Volcarona|94/100|[from] Sandstorm
|-damage|p1b: Zamazenta|94/100|[from] Sandstorm
|-heal|p2a: Calyrex|100/100|[from] item: Leftovers
|upkeep
|turn|2
|l|☆jd8erh
|inactive|jd8erh disconnected and has a minute to reconnect!
|player|p2|
|j|☆jd8erh
|inactive|jd8erh reconnected and has 35 seconds left.
|player|p2|jd8erh|101|
|inactive|jd8erh has 30 seconds left.
|
|t:|1750747700
|switch|p2b: Incineroar|Incineroar, L50, F|100/100
|-ability|p2b: Incineroar|Intimidate|boost
|-unboost|p1a: Tyranitar|atk|1
|-unboost|p1b: Zamazenta|atk|1
|-terastallize|p2a: Calyrex|Water
|move|p2a: Calyrex|Leech Seed|p1b: Zamazenta
|-start|p1b: Zamazenta|move: Leech Seed
|move|p1a: Tyranitar|Rock Slide|p2a: Calyrex|[spread] p2a,p2b
|-supereffective|p2b: Incineroar
|-damage|p2a: Calyrex|88/100
|-damage|p2b: Incineroar|67/100
|move|p1b: Zamazenta|Body Press|p2a: Calyrex
|-damage|p2a: Calyrex|50/100
|
|-weather|Sandstorm|[upkeep]
|-damage|p2a: Calyrex|44/100|[from] Sandstorm
|-damage|p2b: Incineroar|61/100|[from] Sandstorm
|-damage|p1b: Zamazenta|88/100|[from] Sandstorm
|-heal|p2a: Calyrex|50/100|[from] item: Leftovers
|-damage|p1b: Zamazenta|76/100|[from] Leech Seed|[of] p2a: Calyrex
|-heal|p2a: Calyrex|62/100|[silent]
|upkeep
|turn|3
|
|t:|1750747716
|move|p2b: Incineroar|Fake Out|p1b: Zamazenta
|-damage|p1b: Zamazenta|71/100
|move|p2a: Calyrex|Leech Seed|p1a: Tyranitar|[miss]
|-miss|p2a: Calyrex|p1a: Tyranitar
|move|p1a: Tyranitar|Knock Off|p2a: Calyrex
|-damage|p2a: Calyrex|43/100
|-enditem|p2a: Calyrex|Leftovers|[from] move: Knock Off|[of] p1a: Tyranitar
|cant|p1b: Zamazenta|flinch
|
|-weather|Sandstorm|[upkeep]
|-damage|p2a: Calyrex|37/100|[from] Sandstorm
|-damage|p2b: Incineroar|55/100|[from] Sandstorm
|-damage|p1b: Zamazenta|65/100|[from] Sandstorm
|-damage|p1b: Zamazenta|53/100|[from] Leech Seed|[of] p2a: Calyrex
|-heal|p2a: Calyrex|48/100|[silent]
|upkeep
|turn|4
|l|☆jd8erh
|inactive|jd8erh disconnected and has a minute to reconnect!
|player|p2|
|j|☆jd8erh
|inactive|jd8erh reconnected and has 35 seconds left.
|player|p2|jd8erh|101|
|
|t:|1750747739
|move|p2a: Calyrex|Glacial Lance|p1b: Zamazenta|[spread] p1a,p1b
|-resisted|p1b: Zamazenta
|-damage|p1a: Tyranitar|52/100
|-damage|p1b: Zamazenta|43/100
|move|p2b: Incineroar|U-turn|p1a: Tyranitar
|-supereffective|p1a: Tyranitar
|-damage|p1a: Tyranitar|20/100
|
|t:|1750747745
|switch|p2b: Miraidon|Miraidon, L50|100/100|[from] U-turn
|-fieldstart|move: Electric Terrain|[from] ability: Hadron Engine|[of] p2b: Miraidon
|move|p1a: Tyranitar|Rock Slide|p2b: Miraidon|[spread] p2a,p2b
|-damage|p2a: Calyrex|37/100
|-damage|p2b: Miraidon|86/100
|move|p1b: Zamazenta|Body Press|p2b: Miraidon
|-damage|p2b: Miraidon|33/100
|
|-weather|Sandstorm|[upkeep]
|-damage|p2a: Calyrex|31/100|[from] Sandstorm
|-damage|p2b: Miraidon|27/100|[from] Sandstorm
|-damage|p1b: Zamazenta|37/100|[from] Sandstorm
|-damage|p1b: Zamazenta|25/100|[from] Leech Seed|[of] p2a: Calyrex
|-heal|p2a: Calyrex|43/100|[silent]
|upkeep
|turn|5
|
|t:|1750747758
|switch|p2b: Incineroar|Incineroar, L50, F|55/100
|-ability|p2b: Incineroar|Intimidate|boost
|-unboost|p1a: Tyranitar|atk|1
|-unboost|p1b: Zamazenta|atk|1
|move|p1b: Zamazenta|Wide Guard|p1b: Zamazenta
|-singleturn|p1b: Zamazenta|Wide Guard
|move|p2a: Calyrex|Leech Seed|p1a: Tyranitar
|-start|p1a: Tyranitar|move: Leech Seed
|move|p1a: Tyranitar|Knock Off|p2b: Incineroar
|-resisted|p2b: Incineroar
|-damage|p2b: Incineroar|45/100
|-enditem|p2b: Incineroar|Assault Vest|[from] move: Knock Off|[of] p1a: Tyranitar
|
|-weather|none
|-damage|p1a: Tyranitar|7/100|[from] Leech Seed|[of] p2a: Calyrex
|-heal|p2a: Calyrex|54/100|[silent]
|-damage|p1b: Zamazenta|13/100|[from] Leech Seed|[of] p2a: Calyrex
|-heal|p2a: Calyrex|66/100|[silent]
|-fieldend|move: Trick Room
|upkeep
|turn|6
|
|t:|1750747772
|move|p2b: Incineroar|Fake Out|p1b: Zamazenta
|-damage|p1b: Zamazenta|8/100
|cant|p1b: Zamazenta|flinch
|move|p1a: Tyranitar|Rock Slide|p2a: Calyrex|[spread] p2a,p2b
|-supereffective|p2b: Incineroar
|-crit|p2b: Incineroar
|-damage|p2a: Calyrex|57/100
|-damage|p2b: Incineroar|0 fnt
|faint|p2b: Incineroar
|move|p2a: Calyrex|Trick Room|p2a: Calyrex
|-fieldstart|move: Trick Room|[of] p2a: Calyrex
|
|-damage|p1a: Tyranitar|0 fnt|[from] Leech Seed|[of] p2a: Calyrex
|-heal|p2a: Calyrex|63/100|[silent]
|faint|p1a: Tyranitar
|-damage|p1b: Zamazenta|0 fnt|[from] Leech Seed|[of] p2a: Calyrex
|-heal|p2a: Calyrex|71/100|[silent]
|faint|p1b: Zamazenta
|upkeep
|
|t:|1750747783
|switch|p2b: Volcarona|Volcarona, L50, F|94/100
|switch|p1a: Calyrex|Calyrex-Shadow, L50|100/100
|switch|p1b: Excadrill|Excadrill, L50, M|100/100
|-ability|p1a: Calyrex|As One
|-ability|p1a: Calyrex|Unnerve
|-enditem|p2b: Volcarona|Electric Seed
|-boost|p2b: Volcarona|def|1|[from] item: Electric Seed
|turn|7
|
|t:|1750747788
|move|p2a: Calyrex|Glacial Lance|p1b: Excadrill|[spread] p1a,p1b
|-damage|p1a: Calyrex|35/100
|-damage|p1b: Excadrill|28/100
|move|p2b: Volcarona|Fiery Dance|p1b: Excadrill
|-supereffective|p1b: Excadrill
|-damage|p1b: Excadrill|0 fnt
|faint|p1b: Excadrill
|move|p1a: Calyrex|Astral Barrage|p2a: Calyrex|[spread] p2a,p2b
|-damage|p2a: Calyrex|28/100
|-damage|p2b: Volcarona|47/100
|
|upkeep
|turn|8
|-message|Nerd159 forfeited.
|
|win|jd8erh
|raw|Nerd159's rating: 1642 &rarr; <strong>1627</strong><br />(-15 for losing)
|raw|jd8erh's rating: 1737 &rarr; <strong>1752</strong><br />(+15 for winning)
|l|☆Nerd159
|player|p1|
|l|☆jd8erh
|player|p2|
