|j|☆BenAnimates
|j|☆cryobear_strats
|t:|1750776274
|gametype|doubles
|player|p1|BenAnimates|cameraman|1096
|player|p2|cryobear_strats|hilbert|1086
|teamsize|p1|6
|teamsize|p2|6
|gen|9
|tier|[Gen 9] VGC 2025 Reg I
|rated|
|rule|Species Clause: Limit one of each Pokémon
|rule|Item Clause: Limit 1 of each item
|clearpoke
|poke|p1|Calyrex-Shadow, L50|
|poke|p1|Indeedee, L50, M|
|poke|p1|Eternatus, L50|
|poke|p1|Grimmsnarl, L50, M|
|poke|p1|Tornadus, L50, M|
|poke|p1|Alcremie, L50, F|
|poke|p2|Ho-Oh, L50|
|poke|p2|Calyrex-Ice, L50|
|poke|p2|Ogerpon-Cornerstone, L50, F|
|poke|p2|Amoonguss, L50, F|
|poke|p2|Incineroar, L50, F|
|poke|p2|Urshifu-*, L50, F|
|teampreview|4
|inactive|Battle timer is ON: inactive players will automatically lose when time's up. (requested by BenAnimates)
BenAnimates rejected open team sheets.
|inactive|cryobear_strats has 60 seconds left.
|c|☆BenAnimates|Glhf
|inactive|cryobear_strats has 30 seconds left.
|inactive|cryobear_strats has 20 seconds left.
|inactive|cryobear_strats has 15 seconds left.
|
|t:|1750776352
|start
|switch|p1a: Calyrex|Calyrex-Shadow, L50|100/100
|switch|p1b: Indeedee|Indeedee, L50, M, shiny|100/100
|switch|p2a: Calyrex|Calyrex-Ice, L50|100/100
|switch|p2b: Incineroar|Incineroar, L50, F|100/100
|-ability|p1a: Calyrex|As One
|-ability|p1a: Calyrex|Unnerve
|-ability|p2a: Calyrex|As One
|-ability|p2a: Calyrex|Unnerve
|-fieldstart|move: Psychic Terrain|[from] ability: Psychic Surge|[of] p1b: Indeedee
|-ability|p2b: Incineroar|Intimidate|boost
|-unboost|p1a: Calyrex|atk|1
|-unboost|p1b: Indeedee|atk|1
|turn|1
|inactive|cryobear_strats has 30 seconds left.
|
|t:|1750776381
|-terastallize|p2a: Calyrex|Water
|move|p1a: Calyrex|Astral Barrage|p2a: Calyrex|[spread] p2a,p2b
|-resisted|p2b: Incineroar
|-damage|p2a: Calyrex|51/100
|-damage|p2b: Incineroar|72/100
|move|p1b: Indeedee|Imprison|p1b: Indeedee
|-start|p1b: Indeedee|move: Imprison
|move|p2b: Incineroar|Knock Off|p1a: Calyrex
|-supereffective|p1a: Calyrex
|-damage|p1a: Calyrex|0 fnt
|-enditem|p1a: Calyrex|Choice Specs|[from] move: Knock Off|[of] p2b: Incineroar
|faint|p1a: Calyrex
|cant|p2a: Calyrex|move: Imprison|Trick Room
|
|-heal|p2a: Calyrex|57/100|[from] item: Leftovers
|upkeep
|
|t:|1750776399
|switch|p1a: Eternatus|Eternatus, L50|100/100
|-ability|p1a: Eternatus|Pressure
|turn|2
|
|t:|1750776412
|move|p1b: Indeedee|Protect|p1b: Indeedee
|-singleturn|p1b: Indeedee|Protect
|move|p1a: Eternatus|Cosmic Power|p1a: Eternatus
|-boost|p1a: Eternatus|def|1
|-boost|p1a: Eternatus|spd|1
|move|p2b: Incineroar|U-turn|p1b: Indeedee
|-activate|p1b: Indeedee|move: Protect
|move|p2a: Calyrex|Leech Seed|p1a: Eternatus
|-start|p1a: Eternatus|move: Leech Seed
|
|-heal|p2a: Calyrex|62/100|[from] item: Leftovers
|-damage|p1a: Eternatus|88/100|[from] Leech Seed|[of] p2a: Calyrex
|-heal|p2a: Calyrex|75/100|[silent]
|upkeep
|turn|3
|inactive|BenAnimates has 30 seconds left.
|
|t:|1750776441
|move|p1b: Indeedee|Helping Hand|p1a: Eternatus
|-singleturn|p1a: Eternatus|Helping Hand|[of] p1b: Indeedee
|move|p1a: Eternatus|Cosmic Power|p1a: Eternatus
|-boost|p1a: Eternatus|def|1
|-boost|p1a: Eternatus|spd|1
|move|p2b: Incineroar|U-turn|p1b: Indeedee
|-supereffective|p1b: Indeedee
|-damage|p1b: Indeedee|44/100
|-damage|p2b: Incineroar|55/100|[from] item: Rocky Helmet|[of] p1b: Indeedee
|
|t:|1750776455
|switch|p2b: Amoonguss|Amoonguss, L50, F|100/100|[from] U-turn
|move|p2a: Calyrex|Glacial Lance|p1b: Indeedee|[spread] p1a,p1b
|-supereffective|p1a: Eternatus
|-damage|p1a: Eternatus|46/100
|-damage|p1b: Indeedee|0 fnt
|faint|p1b: Indeedee
|-ability|p2a: Calyrex|Chilling Neigh|boost
|-boost|p2a: Calyrex|atk|1
|
|-heal|p2a: Calyrex|81/100|[from] item: Leftovers
|-damage|p1a: Eternatus|34/100|[from] Leech Seed|[of] p2a: Calyrex
|-heal|p2a: Calyrex|93/100|[silent]
|upkeep
|
|t:|1750776469
|switch|p1b: Grimmsnarl|Grimmsnarl, L50, M, shiny|100/100
|turn|4
|inactive|cryobear_strats has 30 seconds left.
|
|t:|1750776496
|move|p1b: Grimmsnarl|Reflect|p1b: Grimmsnarl
|-sidestart|p1: BenAnimates|Reflect
|move|p1a: Eternatus|Recover|p1a: Eternatus
|-heal|p1a: Eternatus|84/100
|move|p2b: Amoonguss|Spore|p1b: Grimmsnarl
|-status|p1b: Grimmsnarl|slp|[from] move: Spore
|move|p2a: Calyrex|Trick Room|p2a: Calyrex
|-fieldstart|move: Trick Room|[of] p2a: Calyrex
|
|-heal|p2a: Calyrex|99/100|[from] item: Leftovers
|-damage|p1a: Eternatus|72/100|[from] Leech Seed|[of] p2a: Calyrex
|-heal|p2a: Calyrex|100/100|[silent]
|upkeep
|turn|5
|inactive|cryobear_strats has 30 seconds left.
|
|t:|1750776529
|cant|p1b: Grimmsnarl|slp
|move|p2b: Amoonguss|Spore|p1a: Eternatus
|-activate|p1a: Eternatus|item: Safety Goggles|Spore
|move|p2a: Calyrex|Glacial Lance|p1b: Grimmsnarl|[spread] p1a,p1b
|-supereffective|p1a: Eternatus
|-damage|p1a: Eternatus|31/100
|-damage|p1b: Grimmsnarl|31/100 slp
|move|p1a: Eternatus|Cosmic Power|p1a: Eternatus
|-boost|p1a: Eternatus|def|1
|-boost|p1a: Eternatus|spd|1
|
|-damage|p1a: Eternatus|19/100|[from] Leech Seed|[of] p2a: Calyrex
|-fieldend|move: Psychic Terrain
|upkeep
|turn|6
|
|t:|1750776548
|-curestatus|p1b: Grimmsnarl|slp|[msg]
|move|p1b: Grimmsnarl|Light Screen|p1b: Grimmsnarl
|-sidestart|p1: BenAnimates|move: Light Screen
|move|p2b: Amoonguss|Pollen Puff|p2a: Calyrex
|move|p2a: Calyrex|Glacial Lance|p1a: Eternatus|[spread] p1a,p1b
|-supereffective|p1a: Eternatus
|-damage|p1a: Eternatus|0 fnt
|-damage|p1b: Grimmsnarl|0 fnt
|faint|p1a: Eternatus
|faint|p1b: Grimmsnarl
|
|win|cryobear_strats
|raw|BenAnimates's rating: 1096 &rarr; <strong>1071</strong><br />(-25 for losing)
|raw|cryobear_strats's rating: 1086 &rarr; <strong>1114</strong><br />(+28 for winning)
|l|☆BenAnimates
|player|p1|
