|j|☆khe7marak
|j|☆Tepig_nNz_498
|t:|1750864067
|gametype|doubles
|player|p1|khe7marak|266|1572
|player|p2|Tepig_nNz_498|266|1552
|teamsize|p1|6
|teamsize|p2|6
|gen|9
|tier|[Gen 9] VGC 2025 Reg I
|rated|
|rule|Species Clause: Limit one of each Pokémon
|rule|Item Clause: Limit 1 of each item
|clearpoke
|poke|p1|Calyrex-Shadow, L50|
|poke|p1|Zamazenta-*, L50|
|poke|p1|Smeargle, L50, M|
|poke|p1|Rillaboom, L50, F|
|poke|p1|Raging Bolt, L50|
|poke|p1|Talonflame, L50, M|
|poke|p2|Ludicolo, L50, M|
|poke|p2|Kyogre, L50|
|poke|p2|Tornadus, L50, M|
|poke|p2|Primarina, L50, F|
|poke|p2|Zacian-*, L50|
|poke|p2|Urshifu-*, L50, F|
|teampreview|4
|
|t:|1750864084
|start
|switch|p1a: Calyrex|Calyrex-Shadow, L50|100/100
|switch|p1b: Talonflame|Talonflame, L50, M|100/100
|switch|p2a: Tornadus|Tornadus, L50, M|100/100
|switch|p2b: Zacian|Zacian-Crowned, L50, shiny|100/100
|-ability|p1a: Calyrex|As One
|-ability|p1a: Calyrex|Unnerve
|-ability|p2b: Zacian|Intrepid Sword|boost
|-boost|p2b: Zacian|atk|1
|turn|1
|
|t:|1750864107
|move|p1b: Talonflame|Tailwind|p1b: Talonflame
|-sidestart|p1: khe7marak|move: Tailwind
|move|p1a: Calyrex|Astral Barrage|p2b: Zacian|[spread] p2a,p2b
|-damage|p2a: Tornadus|4/100
|-damage|p2b: Zacian|34/100
|-damage|p1a: Calyrex|91/100|[from] item: Life Orb
|move|p2b: Zacian|Play Rough|p1a: Calyrex
|-damage|p1a: Calyrex|6/100
|move|p2a: Tornadus|Bleakwind Storm|p1a: Calyrex|[spread] p1a,p1b
|-damage|p1a: Calyrex|0 fnt
|-damage|p1b: Talonflame|53/100
|faint|p1a: Calyrex
|
|upkeep
|
|t:|1750864120
|switch|p1a: Zamazenta|Zamazenta-Crowned, L50|100/100
|-ability|p1a: Zamazenta|Dauntless Shield|boost
|-boost|p1a: Zamazenta|def|1
|turn|2
|
|t:|1750864150
|move|p2a: Tornadus|Tailwind|p2a: Tornadus
|-sidestart|p2: Tepig_nNz_498|move: Tailwind
|move|p2b: Zacian|Wild Charge|p1b: Talonflame
|-supereffective|p1b: Talonflame
|-damage|p1b: Talonflame|0 fnt
|faint|p1b: Talonflame
|-damage|p2b: Zacian|20/100|[from] Recoil
|move|p1a: Zamazenta|Body Press|p2b: Zacian
|-damage|p2b: Zacian|0 fnt
|faint|p2b: Zacian
|
|upkeep
|
|t:|1750864157
|switch|p2b: Kyogre|Kyogre, L50|100/100
|switch|p1b: Rillaboom|Rillaboom, L50, F|100/100
|-weather|RainDance|[from] ability: Drizzle|[of] p2b: Kyogre
|-fieldstart|move: Grassy Terrain|[from] ability: Grassy Surge|[of] p1b: Rillaboom
|turn|3
|
|t:|1750864170
|-terastallize|p1a: Zamazenta|Grass
|move|p2a: Tornadus|Taunt|p1a: Zamazenta
|-start|p1a: Zamazenta|move: Taunt
|move|p1b: Rillaboom|Grassy Glide|p2a: Tornadus
|-resisted|p2a: Tornadus
|-damage|p2a: Tornadus|0 fnt
|faint|p2a: Tornadus
|move|p1a: Zamazenta|Body Press|p2b: Kyogre
|-damage|p2b: Kyogre|22/100
|move|p2b: Kyogre|Thunder|p1a: Zamazenta
|-resisted|p1a: Zamazenta
|-damage|p1a: Zamazenta|81/100
|-damage|p2b: Kyogre|12/100|[from] item: Life Orb
|
|-weather|RainDance|[upkeep]
|-heal|p1a: Zamazenta|87/100|[from] Grassy Terrain
|-heal|p2b: Kyogre|18/100|[from] Grassy Terrain
|upkeep
|
|t:|1750864179
|switch|p2a: Ludicolo|Ludicolo, L50, M|100/100
|turn|4
|
|t:|1750864189
|move|p2b: Kyogre|Protect|p2b: Kyogre
|-singleturn|p2b: Kyogre|Protect
|move|p1b: Rillaboom|Grassy Glide|p2b: Kyogre
|-activate|p2b: Kyogre|move: Protect
|move|p2a: Ludicolo|Icy Wind|p1b: Rillaboom|[spread] p1a,p1b
|-supereffective|p1a: Zamazenta
|-supereffective|p1b: Rillaboom
|-damage|p1a: Zamazenta|70/100
|-damage|p1b: Rillaboom|83/100
|-unboost|p1a: Zamazenta|spe|1
|-unboost|p1b: Rillaboom|spe|1
|move|p1a: Zamazenta|Body Press|p2a: Ludicolo
|-damage|p2a: Ludicolo|0 fnt
|faint|p2a: Ludicolo
|
|-weather|RainDance|[upkeep]
|-heal|p2b: Kyogre|24/100|[from] Grassy Terrain
|-heal|p1a: Zamazenta|77/100|[from] Grassy Terrain
|-heal|p1b: Rillaboom|89/100|[from] Grassy Terrain
|-sideend|p1: khe7marak|move: Tailwind
|upkeep
|turn|5
|
|t:|1750864196
|-terastallize|p2b: Kyogre|Grass
|move|p1b: Rillaboom|Grassy Glide|p2b: Kyogre
|-resisted|p2b: Kyogre
|-damage|p2b: Kyogre|5/100
|move|p2b: Kyogre|Origin Pulse|p1b: Rillaboom|[spread] p1a,p1b
|-resisted|p1a: Zamazenta
|-resisted|p1b: Rillaboom
|-damage|p1a: Zamazenta|43/100
|-damage|p1b: Rillaboom|60/100
|-damage|p2b: Kyogre|0 fnt|[from] item: Life Orb
|faint|p2b: Kyogre
|
|win|khe7marak
|raw|khe7marak's rating: 1572 &rarr; <strong>1591</strong><br />(+19 for winning)
|raw|Tepig_nNz_498's rating: 1552 &rarr; <strong>1533</strong><br />(-19 for losing)
|l|☆Tepig_nNz_498
|player|p2|
|l|☆khe7marak
|player|p1|
