|j|☆Il Falco
|j|☆knucklee
|t:|1750845971
|gametype|doubles
|player|p1|Il Falco|cheren-masters|1404
|player|p2|knucklee|266|1353
|teamsize|p1|6
|teamsize|p2|6
|gen|9
|tier|[Gen 9] VGC 2025 Reg I
|rated|
|rule|Species Clause: Limit one of each Pokémon
|rule|Item Clause: Limit 1 of each item
|clearpoke
|poke|p1|Calyrex-Shadow, L50|
|poke|p1|Indeedee-F, L50, F|
|poke|p1|Zamazenta-*, L50|
|poke|p1|Ogerpon, L50, F|
|poke|p1|Rhydon, L50, M|
|poke|p1|Moltres-Galar, L50|
|poke|p2|Koraidon, L50|
|poke|p2|Flutter Mane, L50|
|poke|p2|Gothitelle, L50, F|
|poke|p2|Incineroar, L50, M|
|poke|p2|Amoonguss, L50, M|
|poke|p2|Calyrex-Shadow, L50|
|teampreview|4
|inactive|Battle timer is ON: inactive players will automatically lose when time's up. (requested by knucklee)
|
|t:|1750846024
|start
|switch|p1a: Calyrex|Calyrex-Shadow, L50|100/100
|switch|p1b: Indeedee|Indeedee-F, L50, F|100/100
|switch|p2a: Flutter Mane|Flutter Mane, L50|100/100
|switch|p2b: Koraidon|Koraidon, L50|100/100
|-ability|p1a: Calyrex|As One
|-ability|p1a: Calyrex|Unnerve
|-weather|SunnyDay|[from] ability: Orichalcum Pulse|[of] p2b: Koraidon
|-activate|p2a: Flutter Mane|ability: Protosynthesis
|-start|p2a: Flutter Mane|protosynthesisspe
|-activate|p2b: Koraidon|Orichalcum Pulse|[source]
|-fieldstart|move: Psychic Terrain|[from] ability: Psychic Surge|[of] p1b: Indeedee
|turn|1
|inactive|Il Falco has 30 seconds left.
|inactive|knucklee has 30 seconds left.
|
|t:|1750846051
|move|p2b: Koraidon|Protect|p2b: Koraidon
|-singleturn|p2b: Koraidon|Protect
|move|p1b: Indeedee|Follow Me|p1b: Indeedee
|-singleturn|p1b: Indeedee|move: Follow Me
|move|p2a: Flutter Mane|Icy Wind|p1b: Indeedee|[spread] p1a,p1b
|-damage|p1a: Calyrex|86/100
|-damage|p1b: Indeedee|86/100
|-unboost|p1a: Calyrex|spe|1
|-unboost|p1b: Indeedee|spe|1
|move|p1a: Calyrex|Psychic|p2b: Koraidon
|-activate|p2b: Koraidon|move: Protect
|
|-weather|SunnyDay|[upkeep]
|upkeep
|turn|2
|inactive|knucklee has 30 seconds left.
|inactive|knucklee has 20 seconds left.
|inactive|knucklee has 15 seconds left.
|
|t:|1750846096
|-end|p2a: Flutter Mane|Protosynthesis|[silent]
|switch|p2a: Incineroar|Incineroar, L50, M|100/100
|-ability|p2a: Incineroar|Intimidate|boost
|-unboost|p1a: Calyrex|atk|1
|-unboost|p1b: Indeedee|atk|1
|-terastallize|p2b: Koraidon|Fire
|move|p1b: Indeedee|Follow Me|p1b: Indeedee
|-singleturn|p1b: Indeedee|move: Follow Me
|move|p2b: Koraidon|Flame Charge|p1b: Indeedee
|-damage|p1b: Indeedee|11/100
|-boost|p2b: Koraidon|spe|1
|-damage|p2b: Koraidon|84/100|[from] item: Rocky Helmet|[of] p1b: Indeedee
|-damage|p2b: Koraidon|74/100|[from] item: Life Orb
|move|p1a: Calyrex|Astral Barrage|p2a: Incineroar|[spread] p2a,p2b
|-resisted|p2a: Incineroar
|-damage|p2a: Incineroar|73/100
|-damage|p2b: Koraidon|18/100
|
|-weather|SunnyDay|[upkeep]
|upkeep
|turn|3
|inactive|Il Falco has 30 seconds left.
|inactive|knucklee has 30 seconds left.
|inactive|Il Falco has 20 seconds left.
|inactive|knucklee has 20 seconds left.
|inactive|Il Falco has 15 seconds left.
|
|t:|1750846141
|switch|p1a: Moltres-Kanto|Moltres-Galar, L50, shiny|100/100
|move|p2b: Koraidon|Flame Charge|p1b: Indeedee
|-damage|p1b: Indeedee|0 fnt
|-boost|p2b: Koraidon|spe|1
|-damage|p2b: Koraidon|1/100|[from] item: Rocky Helmet|[of] p1b: Indeedee
|faint|p1b: Indeedee
|-damage|p2b: Koraidon|0 fnt|[from] item: Life Orb
|faint|p2b: Koraidon
|move|p2a: Incineroar|Flare Blitz|p1a: Moltres-Kanto
|-damage|p1a: Moltres-Kanto|36/100
|-damage|p2a: Incineroar|52/100|[from] Recoil
|-ability|p1a: Moltres-Kanto|Berserk|boost
|-boost|p1a: Moltres-Kanto|spa|1
|
|-weather|SunnyDay|[upkeep]
|upkeep
|
|t:|1750846159
|switch|p2b: Flutter Mane|Flutter Mane, L50|100/100
|switch|p1b: Zamazenta|Zamazenta-Crowned, L50|100/100
|-ability|p1b: Zamazenta|Dauntless Shield|boost
|-boost|p1b: Zamazenta|def|1
|-activate|p2b: Flutter Mane|ability: Protosynthesis
|-start|p2b: Flutter Mane|protosynthesisspe
|turn|4
|
|t:|1750846184
|switch|p2a: Gothitelle|Gothitelle, L50, F|100/100
|-terastallize|p1a: Moltres-Kanto|Steel
|move|p2b: Flutter Mane|Perish Song|p2b: Flutter Mane
|-start|p1a: Moltres-Kanto|perish3|[silent]
|-start|p1b: Zamazenta|perish3|[silent]
|-start|p2a: Gothitelle|perish3|[silent]
|-start|p2b: Flutter Mane|perish3|[silent]
|-fieldactivate|move: Perish Song
|move|p1b: Zamazenta|Body Press|p2a: Gothitelle
|-resisted|p2a: Gothitelle
|-damage|p2a: Gothitelle|73/100
|move|p1a: Moltres-Kanto|Tailwind|p1a: Moltres-Kanto
|-sidestart|p1: Il Falco|move: Tailwind
|
|-weather|SunnyDay|[upkeep]
|-heal|p2a: Gothitelle|79/100|[from] item: Leftovers
|-start|p1b: Zamazenta|perish3
|-start|p2b: Flutter Mane|perish3
|-start|p1a: Moltres-Kanto|perish3
|-start|p2a: Gothitelle|perish3
|upkeep
|turn|5
|inactive|knucklee has 30 seconds left.
|
|t:|1750846215
|-end|p2b: Flutter Mane|Protosynthesis|[silent]
|switch|p2b: Incineroar|Incineroar, L50, M|52/100
|-ability|p2b: Incineroar|Intimidate|boost
|-unboost|p1a: Moltres-Kanto|atk|1
|-unboost|p1b: Zamazenta|atk|1
|move|p2a: Gothitelle|Protect|p2a: Gothitelle
|-singleturn|p2a: Gothitelle|Protect
|move|p1b: Zamazenta|Behemoth Bash|p2b: Incineroar
|-resisted|p2b: Incineroar
|-damage|p2b: Incineroar|42/100
|move|p1a: Moltres-Kanto|Fiery Wrath|p2b: Incineroar|[spread] p2b
|-activate|p2a: Gothitelle|move: Protect
|-resisted|p2b: Incineroar
|-damage|p2b: Incineroar|21/100
|
|-weather|none
|-heal|p2a: Gothitelle|85/100|[from] item: Leftovers
|-start|p1b: Zamazenta|perish2
|-start|p1a: Moltres-Kanto|perish2
|-start|p2a: Gothitelle|perish2
|-fieldend|move: Psychic Terrain
|upkeep
|turn|6
|inactive|knucklee has 30 seconds left.
|inactive|knucklee has 20 seconds left.
|
|t:|1750846252
|switch|p2a: Flutter Mane|Flutter Mane, L50|100/100
|move|p1b: Zamazenta|Body Press|p2a: Flutter Mane
|-immune|p2a: Flutter Mane
|move|p1a: Moltres-Kanto|Fiery Wrath|p2a: Flutter Mane|[spread] p2a,p2b
|-resisted|p2b: Incineroar
|-damage|p2a: Flutter Mane|57/100
|-damage|p2b: Incineroar|1/100
|move|p2b: Incineroar|Parting Shot|p1a: Moltres-Kanto
|-unboost|p1a: Moltres-Kanto|atk|1
|-unboost|p1a: Moltres-Kanto|spa|1
|
|t:|1750846263
|switch|p2b: Gothitelle|Gothitelle, L50, F|85/100|[from] Parting Shot
|
|-heal|p2b: Gothitelle|91/100|[from] item: Leftovers
|-start|p1b: Zamazenta|perish1
|-start|p1a: Moltres-Kanto|perish1
|upkeep
|turn|7
|inactive|knucklee has 30 seconds left.
|inactive|knucklee has 20 seconds left.
|
|t:|1750846298
|move|p2a: Flutter Mane|Protect|p2a: Flutter Mane
|-singleturn|p2a: Flutter Mane|Protect
|move|p2b: Gothitelle|Protect|p2b: Gothitelle
|-singleturn|p2b: Gothitelle|Protect
|move|p1b: Zamazenta|Behemoth Bash|p2a: Flutter Mane
|-activate|p2a: Flutter Mane|move: Protect
|move|p1a: Moltres-Kanto|Fiery Wrath|p2b: Gothitelle|[spread] 
|-activate|p2a: Flutter Mane|move: Protect
|-activate|p2b: Gothitelle|move: Protect
|
|-heal|p2b: Gothitelle|98/100|[from] item: Leftovers
|-start|p1b: Zamazenta|perish0
|-start|p1a: Moltres-Kanto|perish0
|-sideend|p1: Il Falco|move: Tailwind
|faint|p1b: Zamazenta
|faint|p1a: Moltres-Kanto
|upkeep
|
|t:|1750846303
|switch|p1b: Calyrex|Calyrex-Shadow, L50|86/100
|-ability|p1b: Calyrex|As One
|-ability|p1b: Calyrex|Unnerve
|turn|8
|inactive|knucklee has 30 seconds left.
|
|t:|1750846335
|move|p1b: Calyrex|Astral Barrage|p2b: Gothitelle|[spread] p2a,p2b
|-supereffective|p2a: Flutter Mane
|-supereffective|p2b: Gothitelle
|-damage|p2a: Flutter Mane|0 fnt
|-damage|p2b: Gothitelle|12/100
|faint|p2a: Flutter Mane
|-end|p2a: Flutter Mane|Protosynthesis|[silent]
|-ability|p1b: Calyrex|Grim Neigh|boost
|-boost|p1b: Calyrex|spa|1
|move|p2b: Gothitelle|Psychic|p1b: Calyrex
|-resisted|p1b: Calyrex
|-damage|p1b: Calyrex|70/100
|-unboost|p1b: Calyrex|spd|1
|
|-heal|p2b: Gothitelle|18/100|[from] item: Leftovers
|upkeep
|
|t:|1750846347
|switch|p2a: Incineroar|Incineroar, L50, M|1/100
|-ability|p2a: Incineroar|Intimidate|boost
|-unboost|p1b: Calyrex|atk|1
|turn|9
|
|t:|1750846358
|move|p1b: Calyrex|Astral Barrage|p2b: Gothitelle|[spread] p2a,p2b
|-resisted|p2a: Incineroar
|-supereffective|p2b: Gothitelle
|-damage|p2a: Incineroar|0 fnt
|-damage|p2b: Gothitelle|0 fnt
|faint|p2a: Incineroar
|faint|p2b: Gothitelle
|
|win|Il Falco
|raw|Il Falco's rating: 1404 &rarr; <strong>1421</strong><br />(+17 for winning)
|raw|knucklee's rating: 1353 &rarr; <strong>1336</strong><br />(-17 for losing)
|c|☆Il Falco|GG
|l|☆Il Falco
|player|p1|
|l|☆knucklee
|player|p2|
