|j|‽bruh.mov
|j|☆DaWormGod
|t:|1750871023
|gametype|doubles
|player|p1|bruh.mov|veteran|1092
|player|p2|DaWormGod|n|1104
|teamsize|p1|6
|teamsize|p2|6
|gen|9
|tier|[Gen 9] VGC 2025 Reg I
|rated|
|rule|Species Clause: Limit one of each Pokémon
|rule|Item Clause: Limit 1 of each item
|clearpoke
|poke|p1|Urshifu-*, L50, M|
|poke|p1|Kyogre, L50|
|poke|p1|Tornadus, L50, M|
|poke|p1|Milotic, L50, F|
|poke|p1|Zamazenta-*, L50|
|poke|p1|Tauros-Paldea-Aqua, L50, M|
|poke|p2|Goodra-Hisui, L50, F|
|poke|p2|Ribombee, L50, M|
|poke|p2|Ceruledge, L50, F|
|poke|p2|Breloom, L50, F|
|poke|p2|Gardevoir, L50, M|
|poke|p2|Gyarados, L50, F|
|teampreview|4
|inactive|Battle timer is ON: inactive players will automatically lose when time's up. (requested by bruh.mov)
|
|t:|1750871047
|start
|switch|p1a: Zamazenta|Zamazenta-Crowned, L50|100/100
|switch|p1b: Tauros|Tauros-Paldea-Aqua, L50, M, shiny|100/100
|switch|p2a: :)|Breloom, L50, F|100/100
|switch|p2b: Ribombee|Ribombee, L50, M, shiny|100/100
|-ability|p1a: Zamazenta|Dauntless Shield|boost
|-boost|p1a: Zamazenta|def|1
|-ability|p1b: Tauros|Intimidate|boost
|-unboost|p2a: :)|atk|1
|-unboost|p2b: Ribombee|atk|1
|turn|1
|inactive|DaWormGod has 30 seconds left.
|
|t:|1750871077
|-terastallize|p1b: Tauros|Grass
|move|p1a: Zamazenta|Coaching|p1b: Tauros
|-boost|p1b: Tauros|atk|1
|-boost|p1b: Tauros|def|1
|move|p2b: Ribombee|Tailwind|p2b: Ribombee
|-sidestart|p2: DaWormGod|move: Tailwind
|move|p2a: :)|Thunder Punch|p1b: Tauros
|-resisted|p1b: Tauros
|-damage|p1b: Tauros|88/100
|move|p1b: Tauros|Trailblaze|p2b: Ribombee
|-resisted|p2b: Ribombee
|-damage|p2b: Ribombee|66/100
|-boost|p1b: Tauros|spe|1
|
|upkeep
|turn|2
|
|t:|1750871095
|switch|p2a: Ceruledge|Ceruledge, L50, F|100/100
|move|p2b: Ribombee|Pollen Puff|p1b: Tauros
|-supereffective|p1b: Tauros
|-damage|p1b: Tauros|0 fnt
|faint|p1b: Tauros
|move|p1a: Zamazenta|Coaching|p1: Tauros|[notarget]
|-fail|p1a: Zamazenta
|
|upkeep
|
|t:|1750871105
|switch|p1b: Milotic|Milotic, L50, F, shiny|100/100
|turn|3
|
|t:|1750871123
|move|p2b: Ribombee|Pollen Puff|p1b: Milotic
|-damage|p1b: Milotic|78/100
|move|p2a: Ceruledge|Bitter Blade|p1a: Zamazenta
|-supereffective|p1a: Zamazenta
|-damage|p1a: Zamazenta|45/100
|-damage|p2a: Ceruledge|91/100|[from] item: Life Orb
|move|p1a: Zamazenta|Behemoth Bash|p2b: Ribombee
|-supereffective|p2b: Ribombee
|-damage|p2b: Ribombee|0 fnt
|faint|p2b: Ribombee
|move|p1b: Milotic|Aqua Ring|p1b: Milotic
|-start|p1b: Milotic|Aqua Ring
|
|-heal|p1b: Milotic|84/100|[from] item: Leftovers
|-heal|p1b: Milotic|90/100|[from] Aqua Ring
|upkeep
|
|t:|1750871138
|switch|p2b: :)|Breloom, L50, F|100/100
|turn|4
|
|t:|1750871151
|move|p2b: :)|Bullet Seed|p1b: Milotic
|-supereffective|p1b: Milotic
|-damage|p1b: Milotic|42/100
|-supereffective|p1b: Milotic
|-damage|p1b: Milotic|0 fnt
|faint|p1b: Milotic
|-hitcount|p1: Milotic|2
|move|p2a: Ceruledge|Bitter Blade|p1a: Zamazenta
|-supereffective|p1a: Zamazenta
|-damage|p1a: Zamazenta|0 fnt
|-heal|p2a: Ceruledge|100/100|[from] drain|[of] p1a: Zamazenta
|faint|p1a: Zamazenta
|-damage|p2a: Ceruledge|91/100|[from] item: Life Orb
|
|-sideend|p2: DaWormGod|move: Tailwind
|upkeep
|
|t:|1750871161
|switch|p1b: Urshifu|Urshifu-Rapid-Strike, L50, M|100/100
|turn|5
|
|t:|1750871167
|move|p1b: Urshifu|Ice Spinner|p2b: :)
|-supereffective|p2b: :)
|-damage|p2b: :)|15/100
|move|p2b: :)|Bullet Seed|p1b: Urshifu
|-supereffective|p1b: Urshifu
|-damage|p1b: Urshifu|36/100
|-supereffective|p1b: Urshifu
|-damage|p1b: Urshifu|0 fnt
|faint|p1b: Urshifu
|-hitcount|p1: Urshifu|2
|
|win|DaWormGod
|raw|bruh.mov's rating: 1092 &rarr; <strong>1069</strong><br />(-23 for losing)
|raw|DaWormGod's rating: 1104 &rarr; <strong>1128</strong><br />(+24 for winning)
|l|‽bruh.mov
|player|p1|
|c|☆DaWormGod|gg
