|j|☆Ronnoc02
|j|☆willscharnagl
|t:|1750715223
|gametype|doubles
|player|p1|Ronnoc02|102|1507
|player|p2|willscharnagl|266|1471
|teamsize|p1|6
|teamsize|p2|6
|gen|9
|tier|[Gen 9] VGC 2025 Reg I
|rated|
|rule|Species Clause: Limit one of each Pokémon
|rule|Item Clause: Limit 1 of each item
|clearpoke
|poke|p1|Rayquaza, L50|
|poke|p1|Lunala, L50|
|poke|p1|Weezing-Galar, L50, F|
|poke|p1|Chi-Yu, L50|
|poke|p1|Ogerpon-Hearthflame, L50, F|
|poke|p1|Urshifu-*, L50, F|
|poke|p2|Venusaur, L50, M|
|poke|p2|Groudon, L50|
|poke|p2|Flutter Mane, L50|
|poke|p2|Calyrex-Ice, L50|
|poke|p2|Raging Bolt, L50|
|poke|p2|Ogerpon-Cornerstone, L50, F|
|teampreview|4
|inactive|Battle timer is ON: inactive players will automatically lose when time's up. (requested by Ronnoc02)
|
|t:|1750715255
|start
|switch|p1a: Chi-Yu|Chi-Yu, L50|100/100
|switch|p1b: Weezing|Weezing-Galar, L50, F, shiny|100/100
|switch|p2a: Venusaur|Venusaur, L50, M|100/100
|switch|p2b: Groudon|Groudon, L50|100/100
|-ability|p1b: Weezing|Neutralizing Gas
|turn|1
|inactive|Ronnoc02 has 30 seconds left.
|
|t:|1750715281
|-terastallize|p2a: Venusaur|Fire
|move|p1b: Weezing|Protect|p1b: Weezing
|-singleturn|p1b: Weezing|Protect
|move|p1a: Chi-Yu|Heat Wave|p2a: Venusaur|[spread] p2a,p2b
|-resisted|p2a: Venusaur
|-damage|p2a: Venusaur|79/100
|-damage|p2b: Groudon|77/100
|move|p2a: Venusaur|Sleep Powder|p1a: Chi-Yu
|-status|p1a: Chi-Yu|slp|[from] move: Sleep Powder
|move|p2b: Groudon|Precipice Blades|p1b: Weezing|[spread] p1a
|-activate|p1b: Weezing|move: Protect
|-supereffective|p1a: Chi-Yu
|-damage|p1a: Chi-Yu|0 fnt
|faint|p1a: Chi-Yu
|
|upkeep
|
|t:|1750715297
|switch|p1a: Rayquaza|Rayquaza, L50, shiny|100/100
|turn|2
|
|t:|1750715307
|-terastallize|p1b: Weezing|Water
|move|p1a: Rayquaza|Protect|p1a: Rayquaza
|-singleturn|p1a: Rayquaza|Protect
|move|p2a: Venusaur|Sleep Powder|p1a: Rayquaza
|-activate|p1a: Rayquaza|move: Protect
|move|p2b: Groudon|Rock Slide|p1b: Weezing|[spread] p1b
|-activate|p1a: Rayquaza|move: Protect
|-damage|p1b: Weezing|81/100
|move|p1b: Weezing|Taunt|p2a: Venusaur
|-start|p2a: Venusaur|move: Taunt
|
|-heal|p1b: Weezing|87/100|[from] item: Leftovers
|upkeep
|turn|3
|inactive|Ronnoc02 has 30 seconds left.
|
|t:|1750715335
|move|p1a: Rayquaza|Dragon Ascent|p2a: Venusaur
|-damage|p2a: Venusaur|0 fnt
|-unboost|p1a: Rayquaza|def|1
|-unboost|p1a: Rayquaza|spd|1
|faint|p2a: Venusaur
|-damage|p1a: Rayquaza|91/100|[from] item: Life Orb
|move|p2b: Groudon|Rock Slide|p1b: Weezing|[spread] p1b
|-miss|p2b: Groudon|p1a: Rayquaza
|-damage|p1b: Weezing|70/100
|move|p1b: Weezing|Will-O-Wisp|p2b: Groudon
|-status|p2b: Groudon|brn
|
|-heal|p1b: Weezing|77/100|[from] item: Leftovers
|-damage|p2b: Groudon|72/100 brn|[from] brn
|upkeep
|
|t:|1750715341
|switch|p2a: Flutter Mane|Flutter Mane, L50|100/100
|turn|4
|inactive|Ronnoc02 has 30 seconds left.
|
|t:|1750715369
|move|p1a: Rayquaza|Protect|p1a: Rayquaza
|-singleturn|p1a: Rayquaza|Protect
|move|p2a: Flutter Mane|Moonblast|p1a: Rayquaza
|-activate|p1a: Rayquaza|move: Protect
|move|p2b: Groudon|Precipice Blades|p1b: Weezing|[spread] 
|-activate|p1a: Rayquaza|move: Protect
|-miss|p2b: Groudon|p1b: Weezing
|move|p1b: Weezing|Sludge Bomb|p2a: Flutter Mane
|-damage|p2a: Flutter Mane|73/100
|
|-heal|p1b: Weezing|83/100|[from] item: Leftovers
|-damage|p2b: Groudon|66/100 brn|[from] brn
|upkeep
|turn|5
|inactive|Ronnoc02 has 30 seconds left.
|inactive|Ronnoc02 has 20 seconds left.
|
|t:|1750715408
|move|p2a: Flutter Mane|Shadow Ball|p1a: Rayquaza
|-damage|p1a: Rayquaza|28/100
|move|p1a: Rayquaza|Dragon Ascent|p2b: Groudon
|-damage|p2b: Groudon|7/100 brn
|-unboost|p1a: Rayquaza|def|1
|-unboost|p1a: Rayquaza|spd|1
|-damage|p1a: Rayquaza|18/100|[from] item: Life Orb
|move|p2b: Groudon|Rock Slide|p1b: Weezing|[spread] p1a,p1b
|-supereffective|p1a: Rayquaza
|-damage|p1a: Rayquaza|0 fnt
|-damage|p1b: Weezing|74/100
|faint|p1a: Rayquaza
|move|p1b: Weezing|Sludge Bomb|p2a: Flutter Mane
|-damage|p2a: Flutter Mane|47/100
|-status|p2a: Flutter Mane|psn
|
|-heal|p1b: Weezing|80/100|[from] item: Leftovers
|-damage|p2a: Flutter Mane|34/100 psn|[from] psn
|-damage|p2b: Groudon|1/100 brn|[from] brn
|upkeep
|
|t:|1750715430
|switch|p1a: Lunala|Lunala, L50|100/100
|turn|6
|
|t:|1750715447
|move|p2a: Flutter Mane|Thunder Wave|p1a: Lunala
|-status|p1a: Lunala|par
|move|p2b: Groudon|Rock Slide|p1a: Lunala|[spread] p1a,p1b
|-damage|p1a: Lunala|92/100 par
|-damage|p1b: Weezing|71/100
|cant|p1b: Weezing|flinch
|cant|p1a: Lunala|flinch
|
|-heal|p1b: Weezing|77/100|[from] item: Leftovers
|-damage|p2a: Flutter Mane|22/100 psn|[from] psn
|-damage|p2b: Groudon|0 fnt|[from] brn
|faint|p2b: Groudon
|upkeep
|
|t:|1750715457
|switch|p2b: Calyrex|Calyrex-Ice, L50|100/100
|-ability|p2b: Calyrex|As One
|-ability|p2b: Calyrex|Unnerve
|turn|7
|
|t:|1750715475
|move|p1b: Weezing|Protect|p1b: Weezing
|-singleturn|p1b: Weezing|Protect
|move|p2a: Flutter Mane|Shadow Ball|p1a: Lunala
|-supereffective|p1a: Lunala
|-damage|p1a: Lunala|0 fnt
|faint|p1a: Lunala
|move|p2b: Calyrex|Leech Seed|p1b: Weezing
|-activate|p1b: Weezing|move: Protect
|
|-heal|p1b: Weezing|84/100|[from] item: Leftovers
|-damage|p2a: Flutter Mane|10/100 psn|[from] psn
|upkeep
|turn|8
|
|t:|1750715483
|move|p2a: Flutter Mane|Moonblast|p1b: Weezing
|-damage|p1b: Weezing|34/100
|move|p1b: Weezing|Will-O-Wisp|p2b: Calyrex
|-status|p2b: Calyrex|brn
|move|p2b: Calyrex|Leech Seed|p1b: Weezing
|-start|p1b: Weezing|move: Leech Seed
|
|-heal|p1b: Weezing|40/100|[from] item: Leftovers
|-damage|p1b: Weezing|28/100|[from] Leech Seed|[of] p2b: Calyrex
|-damage|p2a: Flutter Mane|0 fnt|[from] psn
|faint|p2a: Flutter Mane
|-end|p2a: Flutter Mane|Protosynthesis|[silent]
|-damage|p2b: Calyrex|95/100 brn|[from] brn
|upkeep
|turn|9
|-message|Ronnoc02 forfeited.
|
|win|willscharnagl
|raw|Ronnoc02's rating: 1507 &rarr; <strong>1485</strong><br />(-22 for losing)
|raw|willscharnagl's rating: 1471 &rarr; <strong>1493</strong><br />(+22 for winning)
|l|☆Ronnoc02
|player|p1|
