|j|☆column11
|j|☆Jakobwsmurfing
|t:|1750772776
|gametype|doubles
|player|p1|column11|ninjaboy|1378
|player|p2|Jakobwsmurfing|102|1296
|teamsize|p1|6
|teamsize|p2|6
|gen|9
|tier|[Gen 9] VGC 2025 Reg I
|rated|
|rule|Species Clause: Limit one of each Pokémon
|rule|Item Clause: Limit 1 of each item
|clearpoke
|poke|p1|Clefairy, L50, M|
|poke|p1|Rillaboom, L50, M|
|poke|p1|Grimmsnarl, L50, M|
|poke|p1|Iron Jugulis, L50|
|poke|p1|Calyrex-Shadow, L50|
|poke|p1|Zamazenta-*, L50|
|poke|p2|Giratina, L50|
|poke|p2|Miraidon, L50|
|poke|p2|Rillaboom, L50, M|
|poke|p2|Incineroar, L50, F|
|poke|p2|Pelipper, L50, M|
|poke|p2|Iron Boulder, L50|
|teampreview|4
|inactive|Battle timer is ON: inactive players will automatically lose when time's up. (requested by Jakobwsmurfing)
|
|t:|1750772834
|start
|switch|p1a: Grimmsnarl|Grimmsnarl, L50, M, shiny|100/100
|switch|p1b: Calyrex|Calyrex-Shadow, L50|100/100
|switch|p2a: Giratina|Giratina, L50|100/100
|switch|p2b: Iron Boulder|Iron Boulder, L50|100/100
|-ability|p1b: Calyrex|As One
|-ability|p1b: Calyrex|Unnerve
|turn|1
|inactive|Jakobwsmurfing has 30 seconds left.
|inactive|Jakobwsmurfing has 20 seconds left.
|inactive|Jakobwsmurfing has 15 seconds left.
|inactive|Jakobwsmurfing has 10 seconds left.
|
|t:|1750772879
|-end|p2b: Iron Boulder|Quark Drive|[silent]
|switch|p2b: Incineroar|Incineroar, L50, F|100/100
|-ability|p2b: Incineroar|Intimidate|boost
|-unboost|p1a: Grimmsnarl|atk|1
|-unboost|p1b: Calyrex|atk|1
|-terastallize|p2a: Giratina|Fairy
|move|p1a: Grimmsnarl|Fake Out|p2b: Incineroar
|-damage|p2b: Incineroar|94/100
|move|p1b: Calyrex|Astral Barrage|p2b: Incineroar|[spread] p2a,p2b
|-resisted|p2b: Incineroar
|-damage|p2a: Giratina|73/100
|-damage|p2b: Incineroar|69/100
|move|p2a: Giratina|Dragon Pulse|p1b: Calyrex
|-damage|p1b: Calyrex|64/100
|
|upkeep
|turn|2
|
|t:|1750772903
|move|p1b: Calyrex|Protect|p1b: Calyrex
|-singleturn|p1b: Calyrex|Protect
|move|p2a: Giratina|Shadow Ball|p1b: Calyrex
|-activate|p1b: Calyrex|move: Protect
|move|p1a: Grimmsnarl|Spirit Break|p2b: Incineroar
|-damage|p2b: Incineroar|50/100
|-unboost|p2b: Incineroar|spa|1
|move|p2b: Incineroar|Taunt|p1a: Grimmsnarl
|-start|p1a: Grimmsnarl|move: Taunt
|
|upkeep
|turn|3
|
|t:|1750772919
|-terastallize|p1b: Calyrex|Normal
|move|p1b: Calyrex|Astral Barrage|p2a: Giratina|[spread] p2a,p2b
|-resisted|p2b: Incineroar
|-damage|p2a: Giratina|48/100
|-damage|p2b: Incineroar|29/100
|move|p2a: Giratina|Calm Mind|p2a: Giratina
|-boost|p2a: Giratina|spa|1
|-boost|p2a: Giratina|spd|1
|move|p1a: Grimmsnarl|Spirit Break|p2b: Incineroar
|-damage|p2b: Incineroar|9/100
|-unboost|p2b: Incineroar|spa|1
|move|p2b: Incineroar|Parting Shot|p1b: Calyrex
|-unboost|p1b: Calyrex|atk|1
|-unboost|p1b: Calyrex|spa|1
|
|t:|1750772929
|switch|p2b: Miraidon|Miraidon, L50|100/100|[from] Parting Shot
|-fieldstart|move: Electric Terrain|[from] ability: Hadron Engine|[of] p2b: Miraidon
|-enditem|p2a: Giratina|Electric Seed
|-boost|p2a: Giratina|def|1|[from] item: Electric Seed
|
|upkeep
|turn|4
|
|t:|1750772954
|switch|p1a: Rillaboom|Rillaboom, L50, M, shiny|100/100
|-fieldstart|move: Grassy Terrain|[from] ability: Grassy Surge|[of] p1a: Rillaboom
|move|p1b: Calyrex|Protect|p1b: Calyrex
|-singleturn|p1b: Calyrex|Protect
|move|p2b: Miraidon|Volt Switch|p1b: Calyrex
|-activate|p1b: Calyrex|move: Protect
|move|p2a: Giratina|Calm Mind|p2a: Giratina
|-boost|p2a: Giratina|spa|1
|-boost|p2a: Giratina|spd|1
|
|-heal|p1b: Calyrex|70/100|[from] Grassy Terrain
|-heal|p2a: Giratina|54/100|[from] Grassy Terrain
|upkeep
|turn|5
|
|t:|1750772965
|switch|p2b: Incineroar|Incineroar, L50, F|9/100
|-ability|p2b: Incineroar|Intimidate|boost
|-unboost|p1a: Rillaboom|atk|1
|-unboost|p1b: Calyrex|atk|1
|switch|p1b: Grimmsnarl|Grimmsnarl, L50, M, shiny|100/100
|move|p2a: Giratina|Protect|p2a: Giratina
|-singleturn|p2a: Giratina|Protect
|move|p1a: Rillaboom|Drum Beating|p2a: Giratina
|-activate|p2a: Giratina|move: Protect
|
|-heal|p2a: Giratina|60/100|[from] Grassy Terrain
|-heal|p2b: Incineroar|15/100|[from] Grassy Terrain
|upkeep
|turn|6
|
|t:|1750772984
|move|p1b: Grimmsnarl|Fake Out|p2a: Giratina
|-damage|p2a: Giratina|55/100
|move|p2b: Incineroar|Fake Out|p1b: Grimmsnarl
|-damage|p1b: Grimmsnarl|89/100
|cant|p2a: Giratina|flinch
|move|p1a: Rillaboom|U-turn|p2b: Incineroar
|-damage|p2b: Incineroar|1/100
|
|t:|1750772993
|switch|p1a: Zamazenta|Zamazenta-Crowned, L50, shiny|100/100|[from] U-turn
|-ability|p1a: Zamazenta|Dauntless Shield|boost
|-boost|p1a: Zamazenta|def|1
|
|-heal|p2a: Giratina|61/100|[from] Grassy Terrain
|-heal|p1b: Grimmsnarl|95/100|[from] Grassy Terrain
|-heal|p2b: Incineroar|7/100|[from] Grassy Terrain
|upkeep
|turn|7
|inactive|Jakobwsmurfing has 30 seconds left.
|inactive|Jakobwsmurfing has 20 seconds left.
|inactive|Jakobwsmurfing has 15 seconds left.
|inactive|Jakobwsmurfing has 10 seconds left.
|inactive|Jakobwsmurfing has 5 seconds left.
|
|t:|1750773048
|move|p1a: Zamazenta|Protect|p1a: Zamazenta
|-singleturn|p1a: Zamazenta|Protect
|move|p2b: Incineroar|Fake Out||[still]
|-hint|Fake Out only works on your first turn out.
|-fail|p2b: Incineroar
|move|p1b: Grimmsnarl|Parting Shot|p2a: Giratina
|-unboost|p2a: Giratina|atk|1
|-unboost|p2a: Giratina|spa|1
|
|t:|1750773055
|switch|p1b: Rillaboom|Rillaboom, L50, M, shiny|100/100|[from] Parting Shot
|move|p2a: Giratina|Calm Mind|p2a: Giratina
|-boost|p2a: Giratina|spa|1
|-boost|p2a: Giratina|spd|1
|
|-heal|p2a: Giratina|67/100|[from] Grassy Terrain
|-heal|p2b: Incineroar|13/100|[from] Grassy Terrain
|upkeep
|turn|8
|
|t:|1750773074
|move|p2a: Giratina|Protect|p2a: Giratina
|-singleturn|p2a: Giratina|Protect
|move|p1b: Rillaboom|Fake Out|p2a: Giratina
|-activate|p2a: Giratina|move: Protect
|move|p1a: Zamazenta|Behemoth Bash|p2a: Giratina
|-activate|p2a: Giratina|move: Protect
|move|p2b: Incineroar|Parting Shot|p1b: Rillaboom
|-unboost|p1b: Rillaboom|atk|1
|-unboost|p1b: Rillaboom|spa|1
|
|t:|1750773082
|switch|p2b: Miraidon|Miraidon, L50|100/100|[from] Parting Shot
|-fieldstart|move: Electric Terrain|[from] ability: Hadron Engine|[of] p2b: Miraidon
|
|upkeep
|turn|9
|
|t:|1750773105
|move|p2b: Miraidon|Volt Switch|p1b: Rillaboom
|-resisted|p1b: Rillaboom
|-damage|p1b: Rillaboom|75/100
|
|t:|1750773109
|switch|p2b: Incineroar|Incineroar, L50, F|13/100|[from] Volt Switch
|-ability|p2b: Incineroar|Intimidate|boost
|-unboost|p1a: Zamazenta|atk|1
|-unboost|p1b: Rillaboom|atk|1
|move|p1a: Zamazenta|Behemoth Bash|p2a: Giratina
|-supereffective|p2a: Giratina
|-damage|p2a: Giratina|43/100
|move|p2a: Giratina|Shadow Ball|p1b: Rillaboom
|-damage|p1b: Rillaboom|32/100
|move|p1b: Rillaboom|U-turn|p2b: Incineroar
|-damage|p2b: Incineroar|3/100
|
|t:|1750773121
|switch|p1b: Calyrex|Calyrex-Shadow, L50, tera:Normal|70/100|[from] U-turn
|-ability|p1b: Calyrex|As One
|-ability|p1b: Calyrex|Unnerve
|
|upkeep
|turn|10
|
|t:|1750773135
|switch|p2b: Miraidon|Miraidon, L50|100/100
|-activate|p2b: Miraidon|ability: Hadron Engine
|move|p2a: Giratina|Protect|p2a: Giratina
|-singleturn|p2a: Giratina|Protect
|move|p1b: Calyrex|Astral Barrage|p2b: Miraidon|[spread] p2b
|-activate|p2a: Giratina|move: Protect
|-damage|p2b: Miraidon|59/100
|move|p1a: Zamazenta|Iron Defense|p1a: Zamazenta
|-boost|p1a: Zamazenta|def|2
|
|upkeep
|turn|11
|
|t:|1750773155
|switch|p1b: Rillaboom|Rillaboom, L50, M, shiny|32/100
|-fieldstart|move: Grassy Terrain|[from] ability: Grassy Surge|[of] p1b: Rillaboom
|move|p2b: Miraidon|Volt Switch|p1a: Zamazenta
|-damage|p1a: Zamazenta|69/100
|
|t:|1750773162
|switch|p2b: Incineroar|Incineroar, L50, F|3/100|[from] Volt Switch
|-ability|p2b: Incineroar|Intimidate|boost
|-unboost|p1a: Zamazenta|atk|1
|-unboost|p1b: Rillaboom|atk|1
|move|p1a: Zamazenta|Body Press|p2b: Incineroar
|-supereffective|p2b: Incineroar
|-damage|p2b: Incineroar|0 fnt
|faint|p2b: Incineroar
|move|p2a: Giratina|Dragon Pulse|p1b: Rillaboom
|-damage|p1b: Rillaboom|0 fnt
|faint|p1b: Rillaboom
|
|-heal|p1a: Zamazenta|75/100|[from] Grassy Terrain
|-heal|p2a: Giratina|50/100|[from] Grassy Terrain
|upkeep
|
|t:|1750773172
|switch|p1b: Calyrex|Calyrex-Shadow, L50, tera:Normal|70/100
|switch|p2b: Miraidon|Miraidon, L50|59/100
|-ability|p1b: Calyrex|As One
|-ability|p1b: Calyrex|Unnerve
|-fieldstart|move: Electric Terrain|[from] ability: Hadron Engine|[of] p2b: Miraidon
|turn|12
|
|t:|1750773184
|move|p1b: Calyrex|Protect|p1b: Calyrex
|-singleturn|p1b: Calyrex|Protect
|move|p2b: Miraidon|Electro Drift|p1a: Zamazenta
|-damage|p1a: Zamazenta|0 fnt
|faint|p1a: Zamazenta
|move|p2a: Giratina|Dragon Pulse|p1b: Calyrex
|-activate|p1b: Calyrex|move: Protect
|
|upkeep
|
|t:|1750773189
|switch|p1a: Grimmsnarl|Grimmsnarl, L50, M, shiny|95/100
|turn|13
|
|t:|1750773201
|move|p1a: Grimmsnarl|Fake Out|p2b: Miraidon
|-damage|p2b: Miraidon|47/100
|cant|p2b: Miraidon|flinch
|move|p1b: Calyrex|Astral Barrage|p2a: Giratina|[spread] p2a,p2b
|-damage|p2a: Giratina|39/100
|-damage|p2b: Miraidon|3/100
|move|p2a: Giratina|Dragon Pulse|p1b: Calyrex
|-damage|p1b: Calyrex|4/100
|
|upkeep
|turn|14
|
|t:|1750773221
|move|p1b: Calyrex|Protect|p1b: Calyrex
|-singleturn|p1b: Calyrex|Protect
|move|p2b: Miraidon|Electro Drift|p1b: Calyrex
|-activate|p1b: Calyrex|move: Protect
|move|p2a: Giratina|Shadow Ball|p1a: Grimmsnarl
|-resisted|p1a: Grimmsnarl
|-damage|p1a: Grimmsnarl|64/100
|move|p1a: Grimmsnarl|Spirit Break|p2b: Miraidon
|-supereffective|p2b: Miraidon
|-damage|p2b: Miraidon|0 fnt
|faint|p2b: Miraidon
|
|upkeep
|
|t:|1750773230
|switch|p2b: Iron Boulder|Iron Boulder, L50|100/100
|-activate|p2b: Iron Boulder|ability: Quark Drive
|-start|p2b: Iron Boulder|quarkdrivespe
|turn|15
|
|t:|1750773240
|move|p1a: Grimmsnarl|Thunder Wave|p2b: Iron Boulder
|-status|p2b: Iron Boulder|par
|move|p1b: Calyrex|Astral Barrage|p2a: Giratina|[spread] p2a,p2b
|-supereffective|p2b: Iron Boulder
|-damage|p2a: Giratina|27/100
|-damage|p2b: Iron Boulder|0 fnt
|faint|p2b: Iron Boulder
|-end|p2b: Iron Boulder|Quark Drive|[silent]
|-ability|p1b: Calyrex|Grim Neigh|boost
|-boost|p1b: Calyrex|spa|1
|move|p2a: Giratina|Shadow Ball|p1a: Grimmsnarl
|-resisted|p1a: Grimmsnarl
|-damage|p1a: Grimmsnarl|29/100
|-unboost|p1a: Grimmsnarl|spd|1
|-enditem|p1a: Grimmsnarl|Sitrus Berry|[eat]
|-heal|p1a: Grimmsnarl|53/100|[from] item: Sitrus Berry
|
|upkeep
|turn|16
|inactive|Jakobwsmurfing has 30 seconds left.
|inactive|Jakobwsmurfing has 20 seconds left.
|inactive|Jakobwsmurfing has 15 seconds left.
|inactive|Jakobwsmurfing has 10 seconds left.
|
|t:|1750773286
|move|p1b: Calyrex|Protect|p1b: Calyrex
|-singleturn|p1b: Calyrex|Protect
|move|p2a: Giratina|Dragon Pulse|p1b: Calyrex
|-activate|p1b: Calyrex|move: Protect
|move|p1a: Grimmsnarl|Spirit Break|p2a: Giratina
|-damage|p2a: Giratina|12/100
|-unboost|p2a: Giratina|spa|1
|
|-fieldend|move: Electric Terrain
|upkeep
|turn|17
|-message|Jakobwsmurfing forfeited.
|
|win|column11
|raw|column11's rating: 1378 &rarr; <strong>1393</strong><br />(+15 for winning)
|raw|Jakobwsmurfing's rating: 1296 &rarr; <strong>1277</strong><br />(-19 for losing)
|l|☆Jakobwsmurfing
|player|p2|
|l|☆column11
|player|p1|
