|j|☆erik311
|j|☆HazeFg
|t:|1750716814
|gametype|doubles
|player|p1|erik311|elesa-masters|1456
|player|p2|HazeFg|veteran|1492
|teamsize|p1|6
|teamsize|p2|6
|gen|9
|tier|[Gen 9] VGC 2025 Reg I
|rated|
|rule|Species Clause: Limit one of each Pokémon
|rule|Item Clause: Limit 1 of each item
|clearpoke
|poke|p1|Calyrex-Ice, L50|
|poke|p1|Miraidon, L50|
|poke|p1|Volcarona, L50, M|
|poke|p1|Ogerpon-Cornerstone, L50, F|
|poke|p1|Whimsicott, L50, M|
|poke|p1|Incineroar, L50, M|
|poke|p2|Kyogre, L50|
|poke|p2|Zacian-*, L50|
|poke|p2|Grimmsnarl, L50, M|
|poke|p2|Rillaboom, L50, F|
|poke|p2|Tornadus, L50, M|
|poke|p2|Landorus, L50, M|
|teampreview|4
|inactive|Battle timer is ON: inactive players will automatically lose when time's up. (requested by erik311)
erik311 has agreed to open team sheets.
|inactive|erik311 has 60 seconds left.
|inactive|HazeFg has 60 seconds left.
|inactive|erik311 has 30 seconds left.
|inactive|erik311 has 20 seconds left.
|
|t:|1750716889
|start
|switch|p1a: Miraidon|Miraidon, L50|100/100
|switch|p1b: Incineroar|Incineroar, L50, M|100/100
|switch|p2a: Grimmsnarl|Grimmsnarl, L50, M|100/100
|switch|p2b: Kyogre|Kyogre, L50|100/100
|-fieldstart|move: Electric Terrain|[from] ability: Hadron Engine|[of] p1a: Miraidon
|-weather|RainDance|[from] ability: Drizzle|[of] p2b: Kyogre
|-ability|p1b: Incineroar|Intimidate|boost
|-unboost|p2a: Grimmsnarl|atk|1
|-unboost|p2b: Kyogre|atk|1
|turn|1
|inactive|HazeFg has 30 seconds left.
|
|t:|1750716922
|move|p2a: Grimmsnarl|Fake Out|p1a: Miraidon
|-damage|p1a: Miraidon|93/100
|move|p1b: Incineroar|Fake Out|p2a: Grimmsnarl
|-damage|p2a: Grimmsnarl|90/100
|cant|p1a: Miraidon|flinch
|move|p2b: Kyogre|Calm Mind|p2b: Kyogre
|-boost|p2b: Kyogre|spa|1
|-boost|p2b: Kyogre|spd|1
|
|-weather|RainDance|[upkeep]
|upkeep
|turn|2
|inactive|erik311 has 30 seconds left.
|inactive|HazeFg has 30 seconds left.
|inactive|erik311 has 20 seconds left.
|
|t:|1750716960
|-terastallize|p2b: Kyogre|Grass
|move|p2a: Grimmsnarl|Light Screen|p2a: Grimmsnarl
|-sidestart|p2: HazeFg|move: Light Screen
|move|p1a: Miraidon|Draco Meteor|p2b: Kyogre
|-damage|p2b: Kyogre|56/100
|-unboost|p1a: Miraidon|spa|2
|move|p2b: Kyogre|Origin Pulse|p1a: Miraidon|[spread] p1a,p1b
|-resisted|p1a: Miraidon
|-supereffective|p1b: Incineroar
|-damage|p1a: Miraidon|46/100
|-damage|p1b: Incineroar|0 fnt
|faint|p1b: Incineroar
|
|-weather|RainDance|[upkeep]
|-heal|p2b: Kyogre|62/100|[from] item: Leftovers
|upkeep
|
|t:|1750716967
|switch|p1b: Calyrex|Calyrex-Ice, L50|100/100
|-ability|p1b: Calyrex|As One
|-ability|p1b: Calyrex|Unnerve
|turn|3
|inactive|HazeFg has 30 seconds left.
|inactive|HazeFg has 20 seconds left.
|
|t:|1750717007
|switch|p1a: Ogerpon|Ogerpon-Cornerstone, L50, F|100/100
|-terastallize|p1b: Calyrex|Water
|move|p2a: Grimmsnarl|Reflect|p2a: Grimmsnarl
|-sidestart|p2: HazeFg|Reflect
|move|p2b: Kyogre|Origin Pulse|p1b: Calyrex|[spread] p1a,p1b
|-resisted|p1b: Calyrex
|-ability|p1a: Ogerpon|Sturdy
|-damage|p1a: Ogerpon|1/100
|-damage|p1b: Calyrex|68/100
|move|p1b: Calyrex|Glacial Lance|p2a: Grimmsnarl|[spread] p2a,p2b
|-supereffective|p2b: Kyogre
|-damage|p2a: Grimmsnarl|53/100
|-damage|p2b: Kyogre|5/100
|
|-weather|RainDance|[upkeep]
|-heal|p2b: Kyogre|11/100|[from] item: Leftovers
|upkeep
|turn|4
|inactive|HazeFg has 30 seconds left.
|inactive|HazeFg has 20 seconds left.
|inactive|HazeFg has 15 seconds left.
|inactive|HazeFg has 10 seconds left.
|inactive|HazeFg has 5 seconds left.
|inactive|erik311 has 30 seconds left.
|inactive|erik311 has 20 seconds left.
|
|t:|1750717072
|move|p1a: Ogerpon|Spiky Shield|p1a: Ogerpon
|-singleturn|p1a: Ogerpon|move: Protect
|move|p2a: Grimmsnarl|Parting Shot|p1b: Calyrex
|-fail|p1b: Calyrex|unboost|[from] item: Clear Amulet|[of] p1b: Calyrex
|move|p2b: Kyogre|Origin Pulse|p1a: Ogerpon|[spread] p1b
|-activate|p1a: Ogerpon|move: Protect
|-resisted|p1b: Calyrex
|-damage|p1b: Calyrex|34/100
|move|p1b: Calyrex|Trick Room|p1b: Calyrex
|-fieldstart|move: Trick Room|[of] p1b: Calyrex
|
|-weather|RainDance|[upkeep]
|-heal|p2b: Kyogre|17/100|[from] item: Leftovers
|upkeep
|turn|5
|inactive|HazeFg has 30 seconds left.
|
|t:|1750717101
|switch|p2b: Zacian|Zacian-Crowned, L50, shiny|100/100
|-ability|p2b: Zacian|Intrepid Sword|boost
|-boost|p2b: Zacian|atk|1
|move|p2a: Grimmsnarl|Parting Shot|p1a: Ogerpon
|-unboost|p1a: Ogerpon|atk|1
|-unboost|p1a: Ogerpon|spa|1
|
|t:|1750717119
|switch|p2a: Kyogre|Kyogre, L50, tera:Grass|17/100|[from] Parting Shot
|move|p1b: Calyrex|Glacial Lance|p2a: Kyogre|[spread] p2a,p2b
|-supereffective|p2a: Kyogre
|-resisted|p2b: Zacian
|-damage|p2a: Kyogre|0 fnt
|-damage|p2b: Zacian|82/100
|faint|p2a: Kyogre
|-ability|p1b: Calyrex|Chilling Neigh|boost
|-boost|p1b: Calyrex|atk|1
|move|p1a: Ogerpon|Ivy Cudgel|p2b: Zacian|[anim] Ivy Cudgel Rock
|-resisted|p2b: Zacian
|-damage|p2b: Zacian|70/100
|
|-weather|none
|-fieldend|move: Electric Terrain
|upkeep
|inactive|HazeFg has 30 seconds left.
|
|t:|1750717147
|switch|p2a: Grimmsnarl|Grimmsnarl, L50, M|53/100
|turn|6
|
|t:|1750717160
|move|p1b: Calyrex|Protect|p1b: Calyrex
|-singleturn|p1b: Calyrex|Protect
|move|p1a: Ogerpon|Spiky Shield|p1a: Ogerpon
|-singleturn|p1a: Ogerpon|move: Protect
|move|p2a: Grimmsnarl|Fake Out|p1a: Ogerpon
|-activate|p1a: Ogerpon|move: Protect
|-damage|p2a: Grimmsnarl|41/100|[from] Spiky Shield|[of] p1a: Ogerpon
|move|p2b: Zacian|Behemoth Blade|p1b: Calyrex
|-activate|p1b: Calyrex|move: Protect
|
|upkeep
|turn|7
|inactive|HazeFg has 30 seconds left.
|inactive|HazeFg has 20 seconds left.
|
|t:|1750717196
|move|p2b: Zacian|Protect|p2b: Zacian
|-singleturn|p2b: Zacian|Protect
|move|p2a: Grimmsnarl|Reflect||[still]
|-fail|p2a: Grimmsnarl
|move|p1b: Calyrex|Glacial Lance|p2b: Zacian|[spread] p2a
|-activate|p2b: Zacian|move: Protect
|-damage|p2a: Grimmsnarl|0 fnt
|faint|p2a: Grimmsnarl
|-ability|p1b: Calyrex|Chilling Neigh|boost
|-boost|p1b: Calyrex|atk|1
|move|p1a: Ogerpon|Ivy Cudgel|p2b: Zacian|[anim] Ivy Cudgel Rock
|-activate|p2b: Zacian|move: Protect
|
|upkeep
|
|t:|1750717211
|switch|p2a: Rillaboom|Rillaboom, L50, F|100/100
|-fieldstart|move: Grassy Terrain|[from] ability: Grassy Surge|[of] p2a: Rillaboom
|turn|8
|
|t:|1750717228
|switch|p1a: Miraidon|Miraidon, L50|46/100
|-fieldstart|move: Electric Terrain|[from] ability: Hadron Engine|[of] p1a: Miraidon
|move|p1b: Calyrex|Protect|p1b: Calyrex
|-singleturn|p1b: Calyrex|Protect
|move|p2a: Rillaboom|Fake Out|p1b: Calyrex
|-activate|p1b: Calyrex|move: Protect
|move|p2b: Zacian|Sacred Sword|p1a: Miraidon
|-damage|p1a: Miraidon|0 fnt
|faint|p1a: Miraidon
|
|-fieldend|move: Trick Room
|upkeep
|
|t:|1750717236
|switch|p1a: Ogerpon|Ogerpon-Cornerstone, L50, F|1/100
|turn|9
|inactive|HazeFg has 30 seconds left.
|inactive|erik311 has 30 seconds left.
|inactive|erik311 has 20 seconds left.
|inactive|HazeFg has 20 seconds left.
|
|t:|1750717293
|move|p1b: Calyrex|Protect||[still]
|-fail|p1b: Calyrex
|move|p2b: Zacian|Sacred Sword|p1b: Calyrex
|-damage|p1b: Calyrex|2/100
|move|p1a: Ogerpon|Ivy Cudgel|p2a: Rillaboom|[anim] Ivy Cudgel Rock
|-damage|p2a: Rillaboom|59/100
|move|p2a: Rillaboom|Drum Beating|p1b: Calyrex
|-supereffective|p1b: Calyrex
|-damage|p1b: Calyrex|0 fnt
|faint|p1b: Calyrex
|
|-sideend|p2: HazeFg|move: Light Screen
|upkeep
|turn|10
|
|t:|1750717313
|move|p2b: Zacian|Behemoth Blade|p1a: Ogerpon
|-supereffective|p1a: Ogerpon
|-damage|p1a: Ogerpon|0 fnt
|faint|p1a: Ogerpon
|
|win|HazeFg
|raw|erik311's rating: 1456 &rarr; <strong>1438</strong><br />(-18 for losing)
|raw|HazeFg's rating: 1492 &rarr; <strong>1510</strong><br />(+18 for winning)
