|j|☆elpipasomg
|j|☆lil wak
|t:|1750806460
|gametype|doubles
|player|p1|elpipasomg|n|1155
|player|p2|lil wak|sage|1172
|teamsize|p1|6
|teamsize|p2|6
|gen|9
|tier|[Gen 9] VGC 2025 Reg I
|rated|
|rule|Species Clause: Limit one of each Pokémon
|rule|Item Clause: Limit 1 of each item
|clearpoke
|poke|p1|Incineroar, L50, M|
|poke|p1|Arboliva, L50, M|
|poke|p1|Torkoal, L50, M|
|poke|p1|Indeedee-F, L50, F|
|poke|p1|Dragapult, L50, M|
|poke|p1|Umbreon, L50, F|
|poke|p2|Zamazenta-*, L50|
|poke|p2|Ho-Oh, L50|
|poke|p2|Flutter Mane, L50|
|poke|p2|Gothitelle, L50, F|
|poke|p2|Incineroar, L50, F|
|poke|p2|Chien-Pao, L50|
|teampreview|4
|inactive|Battle timer is ON: inactive players will automatically lose when time's up. (requested by elpipasomg)
|inactive|lil wak has 60 seconds left.
|inactive|lil wak has 30 seconds left.
elpipasomg rejected open team sheets.
|
|t:|1750806526
|start
|switch|p1a: Umbreon|Umbreon, L50, F|100/100
|switch|p1b: Incineroar|Incineroar, L50, M|100/100
|switch|p2a: Ho-Oh|Ho-Oh, L50|100/100
|switch|p2b: Incineroar|Incineroar, L50, F|100/100
|-ability|p1b: Incineroar|Intimidate|boost
|-unboost|p2a: Ho-Oh|atk|1
|-unboost|p2b: Incineroar|atk|1
|-ability|p2b: Incineroar|Intimidate|boost
|-fail|p1a: Umbreon|unboost|Attack|[from] ability: Inner Focus|[of] p1a: Umbreon
|-fail|p1b: Incineroar|unboost|[from] item: Clear Amulet|[of] p1b: Incineroar
|turn|1
|
|t:|1750806549
|move|p1b: Incineroar|Fake Out|p2a: Ho-Oh
|-damage|p2a: Ho-Oh|90/100
|move|p2b: Incineroar|Fake Out|p1a: Umbreon
|-damage|p1a: Umbreon|95/100
|cant|p2a: Ho-Oh|flinch
|move|p1a: Umbreon|Toxic|p2b: Incineroar
|-status|p2b: Incineroar|tox
|
|-heal|p2a: Ho-Oh|96/100|[from] item: Leftovers
|-heal|p1a: Umbreon|100/100|[from] item: Leftovers
|-damage|p2b: Incineroar|95/100 tox|[from] psn
|upkeep
|turn|2
|inactive|lil wak has 30 seconds left.
|
|t:|1750806578
|move|p2a: Ho-Oh|Protect|p2a: Ho-Oh
|-singleturn|p2a: Ho-Oh|Protect
|move|p1a: Umbreon|Toxic|p2a: Ho-Oh
|-activate|p2a: Ho-Oh|move: Protect
|move|p1b: Incineroar|Knock Off|p2b: Incineroar
|-resisted|p2b: Incineroar
|-damage|p2b: Incineroar|71/100 tox
|-enditem|p2b: Incineroar|Safety Goggles|[from] move: Knock Off|[of] p1b: Incineroar
|move|p2b: Incineroar|Parting Shot|p1a: Umbreon
|-unboost|p1a: Umbreon|atk|1
|-unboost|p1a: Umbreon|spa|1
|
|t:|1750806591
|switch|p2b: Flutter Mane|Flutter Mane, L50|100/100|[from] Parting Shot
|
|-heal|p2a: Ho-Oh|100/100|[from] item: Leftovers
|upkeep
|turn|3
|
|t:|1750806603
|switch|p2a: Gothitelle|Gothitelle, L50, F|100/100
|move|p1a: Umbreon|Protect|p1a: Umbreon
|-singleturn|p1a: Umbreon|Protect
|move|p2b: Flutter Mane|Perish Song|p2b: Flutter Mane
|-start|p1a: Umbreon|perish3|[silent]
|-start|p1b: Incineroar|perish3|[silent]
|-start|p2a: Gothitelle|perish3|[silent]
|-start|p2b: Flutter Mane|perish3|[silent]
|-fieldactivate|move: Perish Song
|move|p1b: Incineroar|Knock Off|p2b: Flutter Mane
|-enditem|p2b: Flutter Mane|Focus Sash
|-damage|p2b: Flutter Mane|1/100
|
|-start|p2b: Flutter Mane|perish3
|-start|p1a: Umbreon|perish3
|-start|p1b: Incineroar|perish3
|-start|p2a: Gothitelle|perish3
|upkeep
|turn|4
|inactive|lil wak has 30 seconds left.
|
|t:|1750806631
|-end|p2b: Flutter Mane|Protosynthesis|[silent]
|switch|p2b: Incineroar|Incineroar, L50, F|71/100 tox
|-ability|p2b: Incineroar|Intimidate|boost
|-fail|p1a: Umbreon|unboost|Attack|[from] ability: Inner Focus|[of] p1a: Umbreon
|-fail|p1b: Incineroar|unboost|[from] item: Clear Amulet|[of] p1b: Incineroar
|move|p2a: Gothitelle|Fake Out|p1b: Incineroar
|-damage|p1b: Incineroar|95/100
|move|p1a: Umbreon|Toxic|p2a: Gothitelle
|-status|p2a: Gothitelle|tox
|cant|p1b: Incineroar|flinch
|
|-damage|p2a: Gothitelle|94/100 tox|[from] psn
|-damage|p2b: Incineroar|65/100 tox|[from] psn
|-start|p1a: Umbreon|perish2
|-start|p1b: Incineroar|perish2
|-start|p2a: Gothitelle|perish2
|upkeep
|turn|5
|inactive|lil wak has 30 seconds left.
|
|t:|1750806663
|move|p2a: Gothitelle|Protect|p2a: Gothitelle
|-singleturn|p2a: Gothitelle|Protect
|move|p2b: Incineroar|Fake Out|p1b: Incineroar
|-damage|p1b: Incineroar|85/100
|move|p1a: Umbreon|Substitute|p1a: Umbreon
|-start|p1a: Umbreon|Substitute
|-damage|p1a: Umbreon|76/100
|cant|p1b: Incineroar|flinch
|
|-heal|p1a: Umbreon|82/100|[from] item: Leftovers
|-damage|p2a: Gothitelle|82/100 tox|[from] psn
|-damage|p2b: Incineroar|53/100 tox|[from] psn
|-start|p1a: Umbreon|perish1
|-start|p1b: Incineroar|perish1
|-start|p2a: Gothitelle|perish1
|upkeep
|turn|6
|
|t:|1750806685
|switch|p2a: Ho-Oh|Ho-Oh, L50|100/100
|move|p1a: Umbreon|Wish|p1a: Umbreon
|move|p1b: Incineroar|Parting Shot|p2b: Incineroar
|-unboost|p2b: Incineroar|atk|1
|-unboost|p2b: Incineroar|spa|1
|
|t:|1750806692
|switch|p1b: Arboliva|Arboliva, L50, M, shiny|100/100|[from] Parting Shot
|move|p2b: Incineroar|Parting Shot|p1b: Arboliva
|-unboost|p1b: Arboliva|atk|1
|-unboost|p1b: Arboliva|spa|1
|
|t:|1750806701
|switch|p2b: Flutter Mane|Flutter Mane, L50|1/100|[from] Parting Shot
|
|-heal|p1a: Umbreon|88/100|[from] item: Leftovers
|-start|p1a: Umbreon|perish0
|faint|p1a: Umbreon
|upkeep
|l|☆elpipasomg
|inactive|elpipasomg disconnected and has a minute to reconnect!
|player|p1|
|j|☆elpipasomg
|inactive|elpipasomg reconnected and has 40 seconds left.
|player|p1|elpipasomg|n|
|
|t:|1750806722
|switch|p1a: Incineroar|Incineroar, L50, M|85/100
|-ability|p1a: Incineroar|Intimidate|boost
|-unboost|p2a: Ho-Oh|atk|1
|-unboost|p2b: Flutter Mane|atk|1
|turn|7
|
|t:|1750806737
|-end|p2b: Flutter Mane|Protosynthesis|[silent]
|switch|p2b: Gothitelle|Gothitelle, L50, F|82/100 tox
|move|p2a: Ho-Oh|Life Dew||[still]|[spread] p2a,p2b
|-fail|p2a: Ho-Oh|heal
|-heal|p2b: Gothitelle|100/100 tox
|move|p1a: Incineroar|Knock Off|p2b: Gothitelle
|-supereffective|p2b: Gothitelle
|-damage|p2b: Gothitelle|23/100 tox
|-enditem|p2b: Gothitelle|Sitrus Berry|[from] move: Knock Off|[of] p1a: Incineroar
|move|p1b: Arboliva|Leech Seed|p2a: Ho-Oh
|-start|p2a: Ho-Oh|move: Leech Seed
|
|-heal|p1a: Incineroar|100/100|[from] move: Wish|[wisher] Umbreon
|-damage|p2a: Ho-Oh|88/100|[from] Leech Seed|[of] p1b: Arboliva
|-damage|p2b: Gothitelle|16/100 tox|[from] psn
|upkeep
|turn|8
|inactive|lil wak has 30 seconds left.
|
|t:|1750806765
|switch|p2b: Incineroar|Incineroar, L50, F|53/100 tox
|-ability|p2b: Incineroar|Intimidate|boost
|-fail|p1a: Incineroar|unboost|[from] item: Clear Amulet|[of] p1a: Incineroar
|-unboost|p1b: Arboliva|atk|1
|move|p1b: Arboliva|Protect|p1b: Arboliva
|-singleturn|p1b: Arboliva|Protect
|move|p2a: Ho-Oh|Life Dew|p2a: Ho-Oh|[spread] p2a,p2b
|-heal|p2a: Ho-Oh|100/100
|-heal|p2b: Incineroar|79/100 tox
|move|p1a: Incineroar|Knock Off|p2a: Ho-Oh
|-damage|p2a: Ho-Oh|60/100
|-enditem|p2a: Ho-Oh|Leftovers|[from] move: Knock Off|[of] p1a: Incineroar
|
|-damage|p2a: Ho-Oh|48/100|[from] Leech Seed|[of] p1b: Arboliva
|-damage|p2b: Incineroar|73/100 tox|[from] psn
|upkeep
|turn|9
|inactive|elpipasomg has 30 seconds left.
|inactive|lil wak has 30 seconds left.
|
|t:|1750806798
|switch|p2a: Gothitelle|Gothitelle, L50, F|16/100 tox
|switch|p1a: Dragapult|Dragapult, L50, M|100/100
|-terastallize|p1b: Arboliva|Water
|move|p2b: Incineroar|Fake Out|p1a: Dragapult
|-immune|p1a: Dragapult
|move|p1b: Arboliva|Substitute|p1b: Arboliva
|-start|p1b: Arboliva|Substitute
|-damage|p1b: Arboliva|75/100
|
|-damage|p2a: Gothitelle|10/100 tox|[from] psn
|-damage|p2b: Incineroar|61/100 tox|[from] psn
|upkeep
|turn|10
|inactive|lil wak has 30 seconds left.
|
|t:|1750806824
|move|p1a: Dragapult|Dragon Darts|p2b: Incineroar
|-damage|p2b: Incineroar|22/100 tox
|-anim|p1a: Dragapult|Dragon Darts|p2a: Gothitelle
|-damage|p2a: Gothitelle|0 fnt
|faint|p2a: Gothitelle
|move|p1b: Arboliva|Leech Seed|p2b: Incineroar
|-start|p2b: Incineroar|move: Leech Seed
|move|p2b: Incineroar|Parting Shot|p1a: Dragapult
|-fail|p1a: Dragapult|unboost|[from] ability: Clear Body|[of] p1a: Dragapult
|
|-damage|p2b: Incineroar|10/100 tox|[from] Leech Seed|[of] p1b: Arboliva
|-heal|p1b: Arboliva|89/100|[silent]
|-damage|p2b: Incineroar|0 fnt|[from] psn
|faint|p2b: Incineroar
|upkeep
|
|t:|1750806839
|switch|p2a: Ho-Oh|Ho-Oh, L50|81/100
|switch|p2b: Flutter Mane|Flutter Mane, L50|1/100
|turn|11
|c|☆elpipasomg|Gg
|
|t:|1750806849
|-terastallize|p2b: Flutter Mane|Normal
|move|p2b: Flutter Mane|Shadow Ball|p1a: Dragapult
|-supereffective|p1a: Dragapult
|-damage|p1a: Dragapult|0 fnt
|faint|p1a: Dragapult
|move|p2a: Ho-Oh|Life Dew|p2a: Ho-Oh|[spread] p2a,p2b
|-heal|p2a: Ho-Oh|100/100
|-heal|p2b: Flutter Mane|26/100
|move|p1b: Arboliva|Leech Seed|p2b: Flutter Mane|[miss]
|-miss|p1b: Arboliva|p2b: Flutter Mane
|
|upkeep
|
|t:|1750806861
|switch|p1a: Incineroar|Incineroar, L50, M|100/100
|-ability|p1a: Incineroar|Intimidate|boost
|-unboost|p2a: Ho-Oh|atk|1
|-unboost|p2b: Flutter Mane|atk|1
|turn|12
|
|t:|1750806878
|move|p2b: Flutter Mane|Protect|p2b: Flutter Mane
|-singleturn|p2b: Flutter Mane|Protect
|move|p1a: Incineroar|Fake Out|p2b: Flutter Mane
|-activate|p2b: Flutter Mane|move: Protect
|move|p2a: Ho-Oh|Life Dew||[still]|[spread] p2a,p2b
|-fail|p2a: Ho-Oh|heal
|-heal|p2b: Flutter Mane|52/100
|move|p1b: Arboliva|Leech Seed|p2b: Flutter Mane
|-activate|p2b: Flutter Mane|move: Protect
|
|upkeep
|turn|13
|
|t:|1750806901
|move|p2b: Flutter Mane|Moonblast|p1a: Incineroar
|-damage|p1a: Incineroar|55/100
|move|p2a: Ho-Oh|Life Dew||[still]|[spread] p2a,p2b
|-fail|p2a: Ho-Oh|heal
|-heal|p2b: Flutter Mane|77/100
|move|p1a: Incineroar|Flare Blitz|p2b: Flutter Mane
|-damage|p2b: Flutter Mane|0 fnt
|faint|p2b: Flutter Mane
|-end|p2b: Flutter Mane|Protosynthesis|[silent]
|-damage|p1a: Incineroar|39/100|[from] Recoil
|move|p1b: Arboliva|Leech Seed|p2a: Ho-Oh
|-start|p2a: Ho-Oh|move: Leech Seed
|
|-damage|p2a: Ho-Oh|88/100|[from] Leech Seed|[of] p1b: Arboliva
|-heal|p1b: Arboliva|100/100|[silent]
|upkeep
|turn|14
|
|t:|1750806920
|move|p1b: Arboliva|Protect|p1b: Arboliva
|-singleturn|p1b: Arboliva|Protect
|move|p2a: Ho-Oh|Sacred Fire|p1a: Incineroar
|-resisted|p1a: Incineroar
|-damage|p1a: Incineroar|23/100
|move|p1a: Incineroar|Parting Shot|p2a: Ho-Oh
|-unboost|p2a: Ho-Oh|atk|1
|-unboost|p2a: Ho-Oh|spa|1
|
|-damage|p2a: Ho-Oh|76/100|[from] Leech Seed|[of] p1b: Arboliva
|upkeep
|turn|15
|
|t:|1750806934
|move|p2a: Ho-Oh|Tailwind|p2a: Ho-Oh
|-sidestart|p2: lil wak|move: Tailwind
|move|p1a: Incineroar|Parting Shot|p2a: Ho-Oh
|-unboost|p2a: Ho-Oh|atk|1
|-unboost|p2a: Ho-Oh|spa|1
|move|p1b: Arboliva|Strength Sap|p2a: Ho-Oh
|-unboost|p2a: Ho-Oh|atk|1
|
|-damage|p2a: Ho-Oh|64/100|[from] Leech Seed|[of] p1b: Arboliva
|upkeep
|turn|16
|c|☆elpipasomg|Gg
|
|t:|1750806956
|move|p2a: Ho-Oh|Sacred Fire|p1a: Incineroar
|-resisted|p1a: Incineroar
|-damage|p1a: Incineroar|16/100
|move|p1a: Incineroar|Flare Blitz|p2a: Ho-Oh
|-resisted|p2a: Ho-Oh
|-damage|p2a: Ho-Oh|43/100
|-damage|p1a: Incineroar|8/100|[from] Recoil
|move|p1b: Arboliva|Strength Sap|p2a: Ho-Oh
|-unboost|p2a: Ho-Oh|atk|1
|
|-damage|p2a: Ho-Oh|30/100|[from] Leech Seed|[of] p1b: Arboliva
|upkeep
|turn|17
|
|t:|1750806973
|move|p2a: Ho-Oh|Life Dew|p2a: Ho-Oh
|-heal|p2a: Ho-Oh|56/100
|move|p1a: Incineroar|Knock Off|p2a: Ho-Oh
|-damage|p2a: Ho-Oh|29/100
|move|p1b: Arboliva|Substitute|p1b: Arboliva
|-fail|p1b: Arboliva|move: Substitute
|
|-damage|p2a: Ho-Oh|17/100|[from] Leech Seed|[of] p1b: Arboliva
|upkeep
|turn|18
|
|t:|1750806987
|move|p2a: Ho-Oh|Life Dew|p2a: Ho-Oh
|-heal|p2a: Ho-Oh|43/100
|move|p1a: Incineroar|Knock Off|p2a: Ho-Oh
|-damage|p2a: Ho-Oh|19/100
|move|p1b: Arboliva|Strength Sap|p2a: Ho-Oh
|-unboost|p2a: Ho-Oh|atk|1
|
|-damage|p2a: Ho-Oh|7/100|[from] Leech Seed|[of] p1b: Arboliva
|-sideend|p2: lil wak|move: Tailwind
|upkeep
|turn|19
|
|t:|1750807001
|move|p2a: Ho-Oh|Life Dew|p2a: Ho-Oh
|-heal|p2a: Ho-Oh|32/100
|move|p1a: Incineroar|Knock Off|p2a: Ho-Oh
|-damage|p2a: Ho-Oh|7/100
|move|p1b: Arboliva|Strength Sap||[still]
|-fail|p1b: Arboliva
|
|-damage|p2a: Ho-Oh|0 fnt|[from] Leech Seed|[of] p1b: Arboliva
|faint|p2a: Ho-Oh
|
|win|elpipasomg
|raw|elpipasomg's rating: 1155 &rarr; <strong>1181</strong><br />(+26 for winning)
|raw|lil wak's rating: 1172 &rarr; <strong>1146</strong><br />(-26 for losing)
|l|☆elpipasomg
|player|p1|
|l|☆lil wak
|player|p2|
