|j|☆tomlan
|j|☆memel894
|t:|1750770092
|gametype|doubles
|player|p1|tomlan|102|1077
|player|p2|memel894|norman|1162
|teamsize|p1|6
|teamsize|p2|6
|gen|9
|tier|[Gen 9] VGC 2025 Reg I
|rated|
|rule|Species Clause: Limit one of each Pokémon
|rule|Item Clause: Limit 1 of each item
|clearpoke
|poke|p1|Amoonguss, L50, F|
|poke|p1|Lunala, L50|
|poke|p1|Ursaluna, L50, M|
|poke|p1|Smeargle, L50, M|
|poke|p1|Flutter Mane, L50|
|poke|p1|Zamazenta-*, L50|
|poke|p2|Pincurchin, L50, M|
|poke|p2|Raging Bolt, L50|
|poke|p2|Koraidon, L50|
|poke|p2|Lunala, L50|
|poke|p2|Bastiodon, L50, F|
|poke|p2|Sableye, L50, F|
|teampreview|4
|j| Wenpachi
|l| Wenpachi
|inactive|Battle timer is ON: inactive players will automatically lose when time's up. (requested by tomlan)
|inactive|memel894 has 60 seconds left.
|
|t:|1750770144
|start
|switch|p1a: Smeargle|Smeargle, L50, M|100/100
|switch|p1b: Zamazenta|Zamazenta-Crowned, L50|100/100
|switch|p2a: Pincurchin|Pincurchin, L50, M|100/100
|switch|p2b: Raging Bolt|Raging Bolt, L50|100/100
|-ability|p1b: Zamazenta|Dauntless Shield|boost
|-boost|p1b: Zamazenta|def|1
|-fieldstart|move: Electric Terrain|[from] ability: Electric Surge|[of] p2a: Pincurchin
|turn|1
|
|t:|1750770165
|-terastallize|p1b: Zamazenta|Fighting
|move|p1b: Zamazenta|Body Press|p2b: Raging Bolt
|-damage|p2b: Raging Bolt|41/100
|move|p1a: Smeargle|Decorate|p1b: Zamazenta
|-boost|p1b: Zamazenta|atk|2
|-boost|p1b: Zamazenta|spa|2
|move|p2b: Raging Bolt|Rising Voltage|p1b: Zamazenta
|-hint|Rising Voltage's BP doubled on grounded target.
|-damage|p1b: Zamazenta|34/100
|move|p2a: Pincurchin|Electroweb|p1b: Zamazenta|[spread] p1b
|-miss|p2a: Pincurchin|p1a: Smeargle
|-damage|p1b: Zamazenta|23/100
|-unboost|p1b: Zamazenta|spe|1
|
|-heal|p2b: Raging Bolt|47/100|[from] item: Leftovers
|-ability|p1a: Smeargle|Moody|boost
|-boost|p1a: Smeargle|spd|2
|-unboost|p1a: Smeargle|atk|1
|upkeep
|turn|2
|inactive|tomlan has 30 seconds left.
|inactive|memel894 has 30 seconds left.
|
|t:|1750770193
|move|p1a: Smeargle|Protect|p1a: Smeargle
|-singleturn|p1a: Smeargle|Protect
|move|p2b: Raging Bolt|Thunderclap|p1b: Zamazenta
|-damage|p1b: Zamazenta|0 fnt
|faint|p1b: Zamazenta
|move|p2a: Pincurchin|Electroweb|p1a: Smeargle
|-activate|p1a: Smeargle|move: Protect
|
|-heal|p2b: Raging Bolt|53/100|[from] item: Leftovers
|-ability|p1a: Smeargle|Moody|boost
|-boost|p1a: Smeargle|spa|2
|-unboost|p1a: Smeargle|spe|1
|upkeep
|
|t:|1750770210
|switch|p1b: Lunala|Lunala, L50|100/100
|turn|3
|
|t:|1750770230
|move|p2b: Raging Bolt|Protect|p2b: Raging Bolt
|-singleturn|p2b: Raging Bolt|Protect
|move|p1b: Lunala|Psychic|p2b: Raging Bolt
|-activate|p2b: Raging Bolt|move: Protect
|move|p1a: Smeargle|Decorate|p1b: Lunala
|-boost|p1b: Lunala|atk|2
|-boost|p1b: Lunala|spa|2
|move|p2a: Pincurchin|Electroweb|p1a: Smeargle|[spread] p1a,p1b
|-damage|p1a: Smeargle|82/100
|-damage|p1b: Lunala|96/100
|-unboost|p1b: Lunala|spe|1
|
|-heal|p2b: Raging Bolt|59/100|[from] item: Leftovers
|-ability|p1a: Smeargle|Moody|boost
|-boost|p1a: Smeargle|def|2
|-unboost|p1a: Smeargle|spe|1
|upkeep
|turn|4
|inactive|memel894 has 30 seconds left.
|
|t:|1750770264
|-terastallize|p2b: Raging Bolt|Steel
|move|p2b: Raging Bolt|Rising Voltage|p1b: Lunala
|-hint|Rising Voltage's BP doubled on grounded target.
|-damage|p1b: Lunala|45/100
|-enditem|p1b: Lunala|Sitrus Berry|[eat]
|-heal|p1b: Lunala|70/100|[from] item: Sitrus Berry
|move|p1b: Lunala|Psychic|p2b: Raging Bolt
|-resisted|p2b: Raging Bolt
|-damage|p2b: Raging Bolt|22/100
|-unboost|p2b: Raging Bolt|spd|1
|move|p1a: Smeargle|Decorate|p1b: Lunala
|-boost|p1b: Lunala|atk|2
|-boost|p1b: Lunala|spa|2
|move|p2a: Pincurchin|Electroweb|p1a: Smeargle|[spread] p1a,p1b
|-crit|p1b: Lunala
|-damage|p1a: Smeargle|63/100
|-damage|p1b: Lunala|56/100
|-unboost|p1b: Lunala|spe|1
|
|-heal|p2b: Raging Bolt|28/100|[from] item: Leftovers
|-ability|p1a: Smeargle|Moody|boost
|-boost|p1a: Smeargle|def|2
|-unboost|p1a: Smeargle|spd|1
|upkeep
|turn|5
|inactive|tomlan has 30 seconds left.
|
|t:|1750770291
|move|p1a: Smeargle|Protect|p1a: Smeargle
|-singleturn|p1a: Smeargle|Protect
|move|p2b: Raging Bolt|Rising Voltage|p1b: Lunala
|-hint|Rising Voltage's BP doubled on grounded target.
|-damage|p1b: Lunala|2/100
|move|p1b: Lunala|Psychic|p2b: Raging Bolt
|-resisted|p2b: Raging Bolt
|-damage|p2b: Raging Bolt|0 fnt
|faint|p2b: Raging Bolt
|-end|p2b: Raging Bolt|Protosynthesis|[silent]
|move|p2a: Pincurchin|Toxic Spikes|p1a: Smeargle
|-sidestart|p1: tomlan|move: Toxic Spikes
|
|-fieldend|move: Electric Terrain
|-ability|p1a: Smeargle|Moody|boost
|-boost|p1a: Smeargle|spa|2
|-unboost|p1a: Smeargle|def|1
|upkeep
|
|t:|1750770305
|switch|p2b: Lunala|Lunala, L50|100/100
|turn|6
|
|t:|1750770317
|move|p2b: Lunala|Dazzling Gleam|p1b: Lunala|[spread] p1a,p1b
|-damage|p1a: Smeargle|33/100
|-damage|p1b: Lunala|0 fnt
|faint|p1b: Lunala
|move|p1a: Smeargle|Destiny Bond|p1a: Smeargle
|-singlemove|p1a: Smeargle|Destiny Bond
|move|p2a: Pincurchin|Electroweb|p1a: Smeargle
|-damage|p1a: Smeargle|9/100
|
|-ability|p1a: Smeargle|Moody|boost
|-boost|p1a: Smeargle|spa|2
|-unboost|p1a: Smeargle|spe|1
|upkeep
|
|t:|1750770328
|switch|p1b: Amoonguss|Amoonguss, L50, F|100/100
|-sideend|p1: tomlan|move: Toxic Spikes|[of] p1b: Amoonguss
|turn|7
|
|t:|1750770342
|move|p1b: Amoonguss|Rage Powder|p1b: Amoonguss
|-singleturn|p1b: Amoonguss|move: Rage Powder
|move|p2b: Lunala|Meteor Beam||[still]
|-prepare|p2b: Lunala|Meteor Beam
|-boost|p2b: Lunala|spa|1
|-enditem|p2b: Lunala|Power Herb
|-anim|p2b: Lunala|Meteor Beam|p1b: Amoonguss
|-damage|p1b: Amoonguss|58/100
|move|p1a: Smeargle|Endeavor|p2a: Pincurchin
|-damage|p2a: Pincurchin|9/100
|-enditem|p2a: Pincurchin|Eject Button
|
|t:|1750770353
|switch|p2a: Koraidon|Koraidon, L50|100/100
|-weather|SunnyDay|[from] ability: Orichalcum Pulse|[of] p2a: Koraidon
|-activate|p2a: Koraidon|Orichalcum Pulse|[source]
|
|-weather|SunnyDay|[upkeep]
|-ability|p1a: Smeargle|Moody|boost
|-boost|p1a: Smeargle|atk|2
|-unboost|p1a: Smeargle|spe|1
|upkeep
|turn|8
|
|t:|1750770367
|move|p1b: Amoonguss|Rage Powder|p1b: Amoonguss
|-singleturn|p1b: Amoonguss|move: Rage Powder
|move|p2a: Koraidon|Flame Charge|p1b: Amoonguss
|-supereffective|p1b: Amoonguss
|-damage|p1b: Amoonguss|0 fnt
|-boost|p2a: Koraidon|spe|1
|-damage|p2a: Koraidon|84/100|[from] item: Rocky Helmet|[of] p1b: Amoonguss
|faint|p1b: Amoonguss
|-damage|p2a: Koraidon|74/100|[from] item: Life Orb
|move|p2b: Lunala|Dazzling Gleam|p1a: Smeargle
|-damage|p1a: Smeargle|0 fnt
|faint|p1a: Smeargle
|
|win|memel894
|raw|tomlan's rating: 1077 &rarr; <strong>1061</strong><br />(-16 for losing)
|raw|memel894's rating: 1162 &rarr; <strong>1181</strong><br />(+19 for winning)
|l|☆tomlan
|player|p1|
|l|☆memel894
|player|p2|
