|j|☆QuagsireJelly
|j|☆kidsainn
|t:|1750831116
|gametype|doubles
|player|p1|QuagsireJelly|266|1202
|player|p2|kidsainn|cynthia|1246
|teamsize|p1|6
|teamsize|p2|6
|gen|9
|tier|[Gen 9] VGC 2025 Reg I
|rated|
|rule|Species Clause: Limit one of each Pokémon
|rule|Item Clause: Limit 1 of each item
|clearpoke
|poke|p1|Smeargle, L50, F|
|poke|p1|Muk-Alola, L50, M|
|poke|p1|Flamigo, L50, M|
|poke|p1|Calyrex-Ice, L50|
|poke|p1|Porygon2, L50|
|poke|p1|Ursaluna-Bloodmoon, L50, M|
|poke|p2|Calyrex-Shadow, L50|
|poke|p2|Zamazenta-*, L50|
|poke|p2|Tornadus, L50, M|
|poke|p2|Urshifu-*, L50, F|
|poke|p2|Rillaboom, L50, F|
|poke|p2|Chien-Pao, L50|
|teampreview|4
|inactive|Battle timer is ON: inactive players will automatically lose when time's up. (requested by QuagsireJelly)
|
|t:|1750831141
|start
|switch|p1a: Smeargle|Smeargle, L50, F|100/100
|switch|p1b: Muk|Muk-Alola, L50, M|100/100
|switch|p2a: Zamazenta|Zamazenta-Crowned, L50|100/100
|switch|p2b: Chien-Pao|Chien-Pao, L50|100/100
|-ability|p2b: Chien-Pao|Sword of Ruin
|-ability|p2a: Zamazenta|Dauntless Shield|boost
|-boost|p2a: Zamazenta|def|1
|turn|1
|inactive|kidsainn has 30 seconds left.
|
|t:|1750831171
|move|p1a: Smeargle|Fake Out|p2a: Zamazenta
|-resisted|p2a: Zamazenta
|-damage|p2a: Zamazenta|98/100
|move|p2b: Chien-Pao|Icicle Crash|p1b: Muk
|-damage|p1b: Muk|52/100
|-damage|p2b: Chien-Pao|91/100|[from] item: Life Orb
|cant|p2a: Zamazenta|flinch
|cant|p1b: Muk|flinch
|
|-heal|p1b: Muk|58/100|[from] item: Leftovers
|-ability|p1a: Smeargle|Moody|boost
|-boost|p1a: Smeargle|atk|2
|-unboost|p1a: Smeargle|def|1
|upkeep
|turn|2
|inactive|kidsainn has 30 seconds left.
|
|t:|1750831203
|move|p1a: Smeargle|Follow Me|p1a: Smeargle
|-singleturn|p1a: Smeargle|move: Follow Me
|move|p2b: Chien-Pao|Icicle Crash|p1a: Smeargle
|-enditem|p1a: Smeargle|Focus Sash
|-damage|p1a: Smeargle|1/100
|-damage|p2b: Chien-Pao|82/100|[from] item: Life Orb
|move|p2a: Zamazenta|Body Press|p1a: Smeargle
|-supereffective|p1a: Smeargle
|-damage|p1a: Smeargle|0 fnt
|faint|p1a: Smeargle
|-ability|p1b: Muk|Moody|[from] ability: Power of Alchemy|[of] p1a: Smeargle
|move|p1b: Muk|Minimize|p1b: Muk
|-boost|p1b: Muk|evasion|2
|
|-heal|p1b: Muk|64/100|[from] item: Leftovers
|-ability|p1b: Muk|Moody|boost
|-boost|p1b: Muk|spe|2
|-unboost|p1b: Muk|atk|1
|upkeep
|
|t:|1750831224
|switch|p1a: Calyrex|Calyrex-Ice, L50|100/100
|-ability|p1a: Calyrex|As One
|-ability|p1a: Calyrex|Unnerve
|turn|3
|inactive|kidsainn has 30 seconds left.
|
|t:|1750831249
|move|p2b: Chien-Pao|Icicle Crash|p1a: Calyrex
|-resisted|p1a: Calyrex
|-damage|p1a: Calyrex|86/100
|-damage|p2b: Chien-Pao|72/100|[from] item: Life Orb
|move|p2a: Zamazenta|Body Press|p1a: Calyrex
|-damage|p1a: Calyrex|41/100
|-enditem|p1a: Calyrex|Sitrus Berry|[eat]
|-heal|p1a: Calyrex|65/100|[from] item: Sitrus Berry
|move|p1b: Muk|Minimize|p1b: Muk
|-boost|p1b: Muk|evasion|2
|cant|p1a: Calyrex|flinch
|
|-heal|p1b: Muk|70/100|[from] item: Leftovers
|-ability|p1b: Muk|Moody|boost
|-boost|p1b: Muk|spa|2
|-unboost|p1b: Muk|spe|1
|upkeep
|turn|4
|inactive|kidsainn has 30 seconds left.
|
|t:|1750831274
|move|p2b: Chien-Pao|Sucker Punch|p1a: Calyrex
|-supereffective|p1a: Calyrex
|-damage|p1a: Calyrex|7/100
|-damage|p2b: Chien-Pao|63/100|[from] item: Life Orb
|move|p2a: Zamazenta|Body Press|p1a: Calyrex
|-damage|p1a: Calyrex|0 fnt
|faint|p1a: Calyrex
|move|p1b: Muk|Minimize|p1b: Muk
|-boost|p1b: Muk|evasion|2
|
|-heal|p1b: Muk|76/100|[from] item: Leftovers
|-ability|p1b: Muk|Moody|boost
|-boost|p1b: Muk|spe|2
|-unboost|p1b: Muk|atk|1
|upkeep
|
|t:|1750831282
|switch|p1a: Flamigo|Flamigo, L50, M|100/100
|-copyboost|p1a: Flamigo|p1b: Muk|[from] ability: Costar
|turn|5
|inactive|kidsainn has 30 seconds left.
|inactive|kidsainn has 20 seconds left.
|inactive|kidsainn has 15 seconds left.
|inactive|kidsainn has 10 seconds left.
|inactive|kidsainn has 5 seconds left.
|
|t:|1750831333
|move|p1a: Flamigo|Close Combat|p2b: Chien-Pao
|-supereffective|p2b: Chien-Pao
|-damage|p2b: Chien-Pao|0 fnt
|-unboost|p1a: Flamigo|def|1
|-unboost|p1a: Flamigo|spd|1
|faint|p2b: Chien-Pao
|move|p2a: Zamazenta|Body Press|p1a: Flamigo
|-resisted|p1a: Flamigo
|-damage|p1a: Flamigo|16/100
|move|p1b: Muk|Knock Off|p2a: Zamazenta
|-resisted|p2a: Zamazenta
|-damage|p2a: Zamazenta|96/100
|
|-heal|p1b: Muk|83/100|[from] item: Leftovers
|-ability|p1b: Muk|Moody|boost
|-boost|p1b: Muk|spd|2
|-unboost|p1b: Muk|spe|1
|upkeep
|
|t:|1750831356
|switch|p2b: Rillaboom|Rillaboom, L50, F|100/100
|-fieldstart|move: Grassy Terrain|[from] ability: Grassy Surge|[of] p2b: Rillaboom
|turn|6
|
|t:|1750831374
|move|p2b: Rillaboom|Fake Out|p1a: Flamigo|[miss]
|-miss|p2b: Rillaboom|p1a: Flamigo
|move|p1a: Flamigo|Brave Bird|p2b: Rillaboom
|-supereffective|p2b: Rillaboom
|-crit|p2b: Rillaboom
|-damage|p2b: Rillaboom|0 fnt
|faint|p2b: Rillaboom
|-damage|p1a: Flamigo|0 fnt|[from] Recoil
|faint|p1a: Flamigo
|move|p2a: Zamazenta|Body Press|p1b: Muk|[miss]
|-miss|p2a: Zamazenta|p1b: Muk
|move|p1b: Muk|Knock Off|p2a: Zamazenta
|-resisted|p2a: Zamazenta
|-damage|p2a: Zamazenta|93/100
|
|-heal|p2a: Zamazenta|99/100|[from] Grassy Terrain
|-heal|p1b: Muk|89/100|[from] Grassy Terrain
|-heal|p1b: Muk|95/100|[from] item: Leftovers
|-ability|p1b: Muk|Moody|boost
|-boost|p1b: Muk|spd|2
|-unboost|p1b: Muk|def|1
|upkeep
|
|t:|1750831396
|switch|p2b: Calyrex|Calyrex-Shadow, L50|100/100
|-ability|p2b: Calyrex|As One
|-ability|p2b: Calyrex|Unnerve
|turn|7
|
|t:|1750831408
|move|p2b: Calyrex|Protect|p2b: Calyrex
|-singleturn|p2b: Calyrex|Protect
|move|p2a: Zamazenta|Body Press|p1b: Muk|[miss]
|-miss|p2a: Zamazenta|p1b: Muk
|move|p1b: Muk|Knock Off|p2b: Calyrex
|-activate|p2b: Calyrex|move: Protect
|
|-heal|p2a: Zamazenta|100/100|[from] Grassy Terrain
|-heal|p1b: Muk|100/100|[from] Grassy Terrain
|-ability|p1b: Muk|Moody|boost
|-boost|p1b: Muk|spa|2
|-unboost|p1b: Muk|spd|1
|upkeep
|turn|8
|
|t:|1750831430
|-terastallize|p2b: Calyrex|Ghost
|move|p2b: Calyrex|Astral Barrage|p1b: Muk|[miss]
|-miss|p2b: Calyrex|p1b: Muk
|move|p2a: Zamazenta|Body Press|p1b: Muk|[miss]
|-miss|p2a: Zamazenta|p1b: Muk
|move|p1b: Muk|Knock Off|p2b: Calyrex
|-supereffective|p2b: Calyrex
|-damage|p2b: Calyrex|63/100
|-enditem|p2b: Calyrex|Focus Sash|[from] move: Knock Off|[of] p1b: Muk
|
|-heal|p2b: Calyrex|69/100|[from] Grassy Terrain
|-ability|p1b: Muk|Moody|boost
|-boost|p1b: Muk|spa|2
|-unboost|p1b: Muk|atk|1
|upkeep
|turn|9
|
|t:|1750831450
|move|p2b: Calyrex|Protect|p2b: Calyrex
|-singleturn|p2b: Calyrex|Protect
|move|p1b: Muk|Protect|p1b: Muk
|-singleturn|p1b: Muk|Protect
|move|p2a: Zamazenta|Body Press|p1b: Muk
|-activate|p1b: Muk|move: Protect
|
|-heal|p2b: Calyrex|75/100|[from] Grassy Terrain
|-ability|p1b: Muk|Moody|boost
|-boost|p1b: Muk|atk|2
|-unboost|p1b: Muk|spa|1
|upkeep
|turn|10
|
|t:|1750831468
|move|p2b: Calyrex|Encore|p1b: Muk
|-start|p1b: Muk|Encore
|move|p2a: Zamazenta|Body Press|p1b: Muk
|-crit|p1b: Muk
|-damage|p1b: Muk|0 fnt
|faint|p1b: Muk
|
|win|kidsainn
|raw|QuagsireJelly's rating: 1202 &rarr; <strong>1180</strong><br />(-22 for losing)
|raw|kidsainn's rating: 1246 &rarr; <strong>1268</strong><br />(+22 for winning)
|l|☆QuagsireJelly
|player|p1|
|l|☆kidsainn
|player|p2|
