|j|☆tzfmndf03
|j|☆lpelpe
|t:|1750852973
|gametype|doubles
|player|p1|tzfmndf03|169|1419
|player|p2|lpelpe|102|1388
|teamsize|p1|6
|teamsize|p2|6
|gen|9
|tier|[Gen 9] VGC 2025 Reg I
|rated|
|rule|Species Clause: Limit one of each Pokémon
|rule|Item Clause: Limit 1 of each item
|clearpoke
|poke|p1|Muk-Alola, L50, F|
|poke|p1|Smeargle, L50, F|
|poke|p1|Ditto, L50|
|poke|p1|Calyrex-Shadow, L50|
|poke|p1|Whimsicott, L50, M|
|poke|p1|Miraidon, L50|
|poke|p2|Indeedee-F, L50, F|
|poke|p2|Urshifu-*, L50, M|
|poke|p2|Calyrex-Ice, L50|
|poke|p2|Reshiram, L50|
|poke|p2|Ursaluna-Bloodmoon, L50, M|
|poke|p2|Armarouge, L50, M|
|teampreview|4
|inactive|Battle timer is ON: inactive players will automatically lose when time's up. (requested by tzfmndf03)
|inactive|lpelpe has 60 seconds left.
|
|t:|1750853020
|start
|switch|p1a: God|Smeargle, L50, F|100/100
|switch|p1b: God Call Me God|Muk-Alola, L50, F|100/100
|switch|p2a: Indeedee|Indeedee-F, L50, F|100/100
|switch|p2b: Ursaluna|Ursaluna-Bloodmoon, L50, M|100/100
|-fieldstart|move: Psychic Terrain|[from] ability: Psychic Surge|[of] p2a: Indeedee
|turn|1
|
|t:|1750853042
|-terastallize|p2b: Ursaluna|Normal
|move|p1a: God|Wide Guard|p1a: God
|-singleturn|p1a: God|Wide Guard
|move|p2a: Indeedee|Follow Me|p2a: Indeedee
|-singleturn|p2a: Indeedee|move: Follow Me
|move|p1b: God Call Me God|Knock Off|p2a: Indeedee
|-supereffective|p2a: Indeedee
|-damage|p2a: Indeedee|26/100
|-enditem|p2a: Indeedee|Safety Goggles|[from] move: Knock Off|[of] p1b: God Call Me God
|move|p2b: Ursaluna|Hyper Voice|p1b: God Call Me God|[spread] 
|-activate|p1a: God|move: Wide Guard
|-activate|p1b: God Call Me God|move: Wide Guard
|
|-ability|p1a: God|Moody|boost
|-boost|p1a: God|def|2
|-unboost|p1a: God|atk|1
|upkeep
|turn|2
|inactive|tzfmndf03 has 30 seconds left.
|
|t:|1750853075
|move|p2a: Indeedee|Follow Me|p2a: Indeedee
|-singleturn|p2a: Indeedee|move: Follow Me
|move|p1a: God|Nuzzle|p2a: Indeedee
|-damage|p2a: Indeedee|24/100
|-status|p2a: Indeedee|par
|move|p1b: God Call Me God|Knock Off|p2a: Indeedee
|-supereffective|p2a: Indeedee
|-damage|p2a: Indeedee|0 fnt
|faint|p2a: Indeedee
|move|p2b: Ursaluna|Hyper Voice|p1a: God|[spread] p1a,p1b
|-crit|p1b: God Call Me God
|-enditem|p1a: God|Focus Sash
|-damage|p1a: God|1/100
|-damage|p1b: God Call Me God|24/100
|-damage|p2b: Ursaluna|91/100|[from] item: Life Orb
|
|-ability|p1a: God|Moody|boost
|-boost|p1a: God|def|2
|-unboost|p1a: God|spe|1
|upkeep
|
|t:|1750853085
|switch|p2a: Calyrex|Calyrex-Ice, L50|100/100
|-ability|p2a: Calyrex|As One
|-ability|p2a: Calyrex|Unnerve
|turn|3
|inactive|tzfmndf03 has 30 seconds left.
|
|t:|1750853115
|move|p1a: God|Wide Guard|p1a: God
|-singleturn|p1a: God|Wide Guard
|move|p1b: God Call Me God|Knock Off|p2a: Calyrex
|-supereffective|p2a: Calyrex
|-damage|p2a: Calyrex|58/100
|-enditem|p2a: Calyrex|Clear Amulet|[from] move: Knock Off|[of] p1b: God Call Me God
|move|p2a: Calyrex|Glacial Lance|p1a: God|[spread] 
|-activate|p1a: God|move: Wide Guard
|-activate|p1b: God Call Me God|move: Wide Guard
|move|p2b: Ursaluna|Earth Power|p1b: God Call Me God
|-supereffective|p1b: God Call Me God
|-damage|p1b: God Call Me God|0 fnt
|faint|p1b: God Call Me God
|-damage|p2b: Ursaluna|81/100|[from] item: Life Orb
|
|-ability|p1a: God|Moody|boost
|-boost|p1a: God|spa|2
|-unboost|p1a: God|atk|1
|upkeep
|
|t:|1750853129
|switch|p1b: NUCLEAR|Calyrex-Shadow, L50|100/100
|-ability|p1b: NUCLEAR|As One
|-ability|p1b: NUCLEAR|Unnerve
|turn|4
|
|t:|1750853145
|move|p2a: Calyrex|Protect|p2a: Calyrex
|-singleturn|p2a: Calyrex|Protect
|move|p1b: NUCLEAR|Astral Barrage|p2b: Ursaluna|[spread] 
|-activate|p2a: Calyrex|move: Protect
|-immune|p2b: Ursaluna
|move|p1a: God|Nuzzle|p2b: Ursaluna
|-damage|p2b: Ursaluna|80/100
|-status|p2b: Ursaluna|par
|move|p2b: Ursaluna|Blood Moon|p1b: NUCLEAR
|-damage|p1b: NUCLEAR|0 fnt
|faint|p1b: NUCLEAR
|-damage|p2b: Ursaluna|70/100 par|[from] item: Life Orb
|
|-ability|p1a: God|Moody|boost
|-boost|p1a: God|spe|2
|-unboost|p1a: God|atk|1
|upkeep
|
|t:|1750853149
|switch|p1b: Ditto|Ditto, L50|100/100
|-transform|p1b: Ditto|p2a: Calyrex|[from] ability: Imposter
|-ability|p1b: Ditto|As One
|-ability|p1b: Ditto|Unnerve
|turn|5
|
|t:|1750853167
|move|p1a: God|Wide Guard|p1a: God
|-singleturn|p1a: God|Wide Guard
|move|p1b: Ditto|Glacial Lance|p2b: Ursaluna|[spread] p2a,p2b
|-resisted|p2a: Calyrex
|-damage|p2a: Calyrex|39/100
|-damage|p2b: Ursaluna|25/100 par
|move|p2b: Ursaluna|Hyper Voice|p1b: Ditto|[spread] 
|-activate|p1a: God|move: Wide Guard
|-activate|p1b: Ditto|move: Wide Guard
|move|p2a: Calyrex|Trick Room|p2a: Calyrex
|-fieldstart|move: Trick Room|[of] p2a: Calyrex
|
|-fieldend|move: Psychic Terrain
|-ability|p1a: God|Moody|boost
|-boost|p1a: God|atk|2
|-unboost|p1a: God|spd|1
|upkeep
|turn|6
|inactive|tzfmndf03 has 30 seconds left.
|
|t:|1750853194
|-terastallize|p1b: Ditto|Stellar
|move|p1a: God|Wide Guard|p1a: God
|-singleturn|p1a: God|Wide Guard
|cant|p2b: Ursaluna|par
|move|p1b: Ditto|Glacial Lance|p2b: Ursaluna|[spread] p2a,p2b
|-resisted|p2a: Calyrex
|-damage|p2a: Calyrex|14/100
|-damage|p2b: Ursaluna|0 fnt
|faint|p2b: Ursaluna
|-ability|p1b: Ditto|Chilling Neigh|boost
|-boost|p1b: Ditto|atk|1
|move|p2a: Calyrex|Glacial Lance|p1a: God|[spread] 
|-activate|p1a: God|move: Wide Guard
|-activate|p1b: Ditto|move: Wide Guard
|
|-ability|p1a: God|Moody|boost
|-boost|p1a: God|spe|2
|-unboost|p1a: God|atk|1
|upkeep
|
|t:|1750853206
|switch|p2b: Reshiram|Reshiram, L50|100/100
|-ability|p2b: Reshiram|Turboblaze
|turn|7
|inactive|tzfmndf03 has 30 seconds left.
|inactive|tzfmndf03 has 20 seconds left.
|
|t:|1750853241
|move|p1a: God|Follow Me|p1a: God
|-singleturn|p1a: God|move: Follow Me
|move|p2b: Reshiram|Fusion Flare|p1a: God
|-damage|p1a: God|0 fnt
|faint|p1a: God
|move|p1b: Ditto|Glacial Lance|p2b: Reshiram|[spread] p2a,p2b
|-resisted|p2a: Calyrex
|-damage|p2a: Calyrex|0 fnt
|-damage|p2b: Reshiram|29/100
|faint|p2a: Calyrex
|-ability|p1b: Ditto|Chilling Neigh|boost
|-boost|p1b: Ditto|atk|1
|
|upkeep
|turn|8
|
|t:|1750853255
|move|p1b: Ditto|Protect|p1b: Ditto
|-singleturn|p1b: Ditto|Protect
|move|p2b: Reshiram|Fusion Flare|p1b: Ditto
|-activate|p1b: Ditto|move: Protect
|
|upkeep
|turn|9
|
|t:|1750853260
|move|p1b: Ditto|Protect|p1b: Ditto
|-singleturn|p1b: Ditto|Protect
|move|p2b: Reshiram|Fusion Flare|p1b: Ditto
|-activate|p1b: Ditto|move: Protect
|
|-fieldend|move: Trick Room
|upkeep
|turn|10
|
|t:|1750853277
|move|p2b: Reshiram|Protect|p2b: Reshiram
|-singleturn|p2b: Reshiram|Protect
|move|p1b: Ditto|Glacial Lance|p2b: Reshiram
|-activate|p2b: Reshiram|move: Protect
|
|upkeep
|turn|11
|
|t:|1750853283
|move|p2b: Reshiram|Protect||[still]
|-fail|p2b: Reshiram
|move|p1b: Ditto|Glacial Lance|p2b: Reshiram
|-damage|p2b: Reshiram|0 fnt
|faint|p2b: Reshiram
|
|win|tzfmndf03
|raw|tzfmndf03's rating: 1419 &rarr; <strong>1437</strong><br />(+18 for winning)
|raw|lpelpe's rating: 1388 &rarr; <strong>1370</strong><br />(-18 for losing)
|l|☆lpelpe
|player|p2|
|l|☆tzfmndf03
|player|p1|
