|j|☆Lelouis0
|j|☆zsg2006
|t:|1750712920
|gametype|doubles
|player|p1|Lelouis0|cyclist|1120
|player|p2|zsg2006|blackbelt-gen4dp|1117
|teamsize|p1|6
|teamsize|p2|6
|gen|9
|tier|[Gen 9] VGC 2025 Reg I
|rated|
|rule|Species Clause: Limit one of each Pokémon
|rule|Item Clause: Limit 1 of each item
|clearpoke
|poke|p1|Gyarados, L50, F|
|poke|p1|Lugia, L50|
|poke|p1|Grimmsnarl, L50, M|
|poke|p1|Umbreon, L50, F|
|poke|p1|Stonjourner, L50, F|
|poke|p1|Ho-Oh, L50|
|poke|p2|Miraidon, L50|
|poke|p2|Calyrex-Shadow, L50|
|poke|p2|Clefable, L50, F|
|poke|p2|Flutter Mane, L50|
|poke|p2|Urshifu-*, L50, M|
|poke|p2|Whimsicott, L50, F|
|teampreview|4
zsg2006 has agreed to open team sheets.
Lelouis0 has agreed to open team sheets.
|showteam|p1|Gyarados||ChoiceBand|Moxie|Earthquake,Waterfall,ScaleShot,TemperFlare|||F|||50|,,,,,Ground]Lugia||ScopeLens|Multiscale|CalmMind,Recover,Aeroblast,Psychic||||||50|,,,,,Normal]Grimmsnarl||BrightPowder|Prankster|FakeOut,SuckerPunch,ThunderWave,PlayRough|||M|||50|,,,,,Flying]Umbreon||WeaknessPolicy|Synchronize|BatonPass,Curse,FoulPlay,Moonlight|||F|||50|,,,,,Poison]Stonjourner||CovertCloak|PowerSpot|RockSlide,Bulldoze,WideGuard,Protect|||F|||50|,,,,,Ghost]Ho-Oh||QuickClaw|Regenerator|BraveBird,FlareBlitz,Earthquake,Tailwind||||||50|,,,,,Ground
|showteam|p2|Miraidon||ChoiceSpecs|HadronEngine|ElectroDrift,VoltSwitch,DracoMeteor,Overheat||||||50|,,,,,Electric]Calyrex-Shadow||FocusSash|AsOneSpectrier|AstralBarrage,Psyshock,NastyPlot,Protect||||||50|,,,,,Dark]Clefable||SafetyGoggles|Unaware|Moonblast,HelpingHand,FollowMe,Protect|||F|||50|,,,,,Fairy]Flutter Mane||BoosterEnergy|Protosynthesis|Moonblast,ShadowBall,IcyWind,Protect||||||50|,,,,,Ghost]Urshifu-Rapid-Strike||ChoiceBand|UnseenFist|SurgingStrikes,AquaJet,CloseCombat,PoisonJab|||M|||50|,,,,,Water]Whimsicott||CovertCloak|Prankster|HelpingHand,Tailwind,Taunt,Encore|||F|||50|,,,,,Grass
|inactive|Battle timer is ON: inactive players will automatically lose when time's up. (requested by Lelouis0)
|inactive|zsg2006 has 60 seconds left.
|inactive|zsg2006 has 30 seconds left.
|
|t:|1750713007
|start
|switch|p1a: Gyarados|Gyarados, L50, F|100/100
|switch|p1b: Stonjourner|Stonjourner, L50, F|100/100
|switch|p2a: Miraidon|Miraidon, L50|100/100
|switch|p2b: Whimsicott|Whimsicott, L50, F|100/100
|-fieldstart|move: Electric Terrain|[from] ability: Hadron Engine|[of] p2a: Miraidon
|turn|1
|inactive|zsg2006 has 30 seconds left.
|
|t:|1750713042
|-terastallize|p1a: Gyarados|Ground
|move|p2b: Whimsicott|Helping Hand|p2a: Miraidon
|-singleturn|p2a: Miraidon|Helping Hand|[of] p2b: Whimsicott
|move|p1b: Stonjourner|Protect|p1b: Stonjourner
|-singleturn|p1b: Stonjourner|Protect
|move|p2a: Miraidon|Draco Meteor|p1a: Gyarados
|-damage|p1a: Gyarados|0 fnt
|-unboost|p2a: Miraidon|spa|2
|faint|p1a: Gyarados
|
|upkeep
|
|t:|1750713053
|switch|p1a: Ho-Oh|Ho-Oh, L50|100/100
|turn|2
|-activate|p1a: Ho-Oh|item: Quick Claw
|
|t:|1750713070
|switch|p2a: Clefable|Clefable, L50, F|100/100
|move|p2b: Whimsicott|Taunt|p1a: Ho-Oh
|-start|p1a: Ho-Oh|move: Taunt
|move|p1a: Ho-Oh|Earthquake|p2a: Clefable|[spread] p1b,p2a,p2b
|-supereffective|p1b: Stonjourner
|-resisted|p2b: Whimsicott
|-damage|p1b: Stonjourner|51/100
|-damage|p2a: Clefable|61/100
|-damage|p2b: Whimsicott|79/100
|move|p1b: Stonjourner|Rock Slide|p2b: Whimsicott|[spread] p2a,p2b
|-damage|p2a: Clefable|37/100
|-damage|p2b: Whimsicott|50/100
|
|upkeep
|turn|3
|inactive|zsg2006 has 30 seconds left.
|inactive|zsg2006 has 20 seconds left.
|inactive|zsg2006 has 15 seconds left.
|
|t:|1750713112
|move|p2a: Clefable|Protect|p2a: Clefable
|-singleturn|p2a: Clefable|Protect
|move|p2b: Whimsicott|Taunt|p1b: Stonjourner
|-start|p1b: Stonjourner|move: Taunt
|move|p1a: Ho-Oh|Brave Bird|p2b: Whimsicott
|-supereffective|p2b: Whimsicott
|-damage|p2b: Whimsicott|0 fnt
|faint|p2b: Whimsicott
|-damage|p1a: Ho-Oh|88/100|[from] Recoil
|move|p1b: Stonjourner|Bulldoze|p2a: Clefable|[spread] 
|-activate|p2a: Clefable|move: Protect
|-immune|p1a: Ho-Oh
|
|upkeep
|
|t:|1750713119
|switch|p2b: Miraidon|Miraidon, L50|100/100
|-activate|p2b: Miraidon|ability: Hadron Engine
|turn|4
|
|t:|1750713141
|-terastallize|p2b: Miraidon|Electric
|move|p2a: Clefable|Follow Me|p2a: Clefable
|-singleturn|p2a: Clefable|move: Follow Me
|move|p2b: Miraidon|Electro Drift|p1a: Ho-Oh
|-supereffective|p1a: Ho-Oh
|-damage|p1a: Ho-Oh|0 fnt
|faint|p1a: Ho-Oh
|move|p1b: Stonjourner|Bulldoze|p2b: Miraidon|[spread] p2a,p2b
|-supereffective|p2b: Miraidon
|-damage|p2a: Clefable|24/100
|-damage|p2b: Miraidon|77/100
|-unboost|p2a: Clefable|spe|1
|-unboost|p2b: Miraidon|spe|1
|
|upkeep
|
|t:|1750713147
|switch|p1a: Lugia|Lugia, L50|100/100
|turn|5
|
|t:|1750713168
|move|p1a: Lugia|Psychic|p2b: Miraidon
|-crit|p2b: Miraidon
|-damage|p2b: Miraidon|34/100
|move|p2b: Miraidon|Electro Drift|p1a: Lugia
|-supereffective|p1a: Lugia
|-damage|p1a: Lugia|0 fnt
|faint|p1a: Lugia
|move|p1b: Stonjourner|Bulldoze|p2a: Clefable|[spread] p2a,p2b
|-supereffective|p2b: Miraidon
|-damage|p2a: Clefable|11/100
|-damage|p2b: Miraidon|7/100
|-unboost|p2a: Clefable|spe|1
|-unboost|p2b: Miraidon|spe|1
|move|p2a: Clefable|Moonblast|p1b: Stonjourner
|-damage|p1b: Stonjourner|4/100
|
|-end|p1b: Stonjourner|move: Taunt
|-fieldend|move: Electric Terrain
|upkeep
|turn|6
|
|t:|1750713180
|move|p2b: Miraidon|Electro Drift|p1b: Stonjourner
|-damage|p1b: Stonjourner|0 fnt
|faint|p1b: Stonjourner
|
|win|zsg2006
|raw|Lelouis0's rating: 1120 &rarr; <strong>1095</strong><br />(-25 for losing)
|raw|zsg2006's rating: 1117 &rarr; <strong>1142</strong><br />(+25 for winning)
|l|☆Lelouis0
|player|p1|
|l|☆zsg2006
|player|p2|
