|j|☆CrispyChrisCries
|j|☆food14
|t:|1750875889
|gametype|doubles
|player|p1|CrispyChrisCries|colress|1096
|player|p2|food14|preschooler|1162
|teamsize|p1|6
|teamsize|p2|6
|gen|9
|tier|[Gen 9] VGC 2025 Reg I
|rated|
|rule|Species Clause: Limit one of each Pokémon
|rule|Item Clause: Limit 1 of each item
|clearpoke
|poke|p1|Roaring Moon, L50|
|poke|p1|Sableye, L50, M|
|poke|p1|Milotic, L50, F|
|poke|p1|Palkia-Origin, L50|
|poke|p1|Terapagos, L50, M|
|poke|p1|Skeledirge, L50, M|
|poke|p2|Lunala, L50|
|poke|p2|Miraidon, L50|
|poke|p2|Urshifu-*, L50, M|
|poke|p2|Whimsicott, L50, M|
|poke|p2|Clodsire, L50, M|
|poke|p2|Grimmsnarl, L50, M|
|teampreview|4
|inactive|Battle timer is ON: inactive players will automatically lose when time's up. (requested by CrispyChrisCries)
|
|t:|1750875916
|start
|switch|p1a: Roaring Moon|Roaring Moon, L50|100/100
|switch|p1b: Palkia|Palkia-Origin, L50|100/100
|switch|p2a: Miraidon|Miraidon, L50|100/100
|switch|p2b: Urshifu|Urshifu-Rapid-Strike, L50, M|100/100
|-fieldstart|move: Electric Terrain|[from] ability: Hadron Engine|[of] p2a: Miraidon
|-ability|p1b: Palkia|Pressure
|turn|1
|
|t:|1750875935
|move|p1a: Roaring Moon|Tailwind|p1a: Roaring Moon
|-sidestart|p1: CrispyChrisCries|move: Tailwind
|move|p1b: Palkia|Spacial Rend|p2a: Miraidon
|-supereffective|p2a: Miraidon
|-damage|p2a: Miraidon|0 fnt
|faint|p2a: Miraidon
|move|p2b: Urshifu|Close Combat|p1a: Roaring Moon
|-supereffective|p1a: Roaring Moon
|-damage|p1a: Roaring Moon|0 fnt
|-unboost|p2b: Urshifu|def|1
|-unboost|p2b: Urshifu|spd|1
|faint|p1a: Roaring Moon
|-end|p1a: Roaring Moon|Protosynthesis|[silent]
|
|upkeep
|
|t:|1750875950
|switch|p1a: Terapagos|Terapagos, L50, M|100/100
|switch|p2a: Lunala|Lunala, L50|100/100
|-activate|p1a: Terapagos|ability: Tera Shift
|detailschange|p1a: Terapagos|Terapagos-Terastal, L50, M
|-heal|p1a: Terapagos|100/100|[silent]
|-enditem|p2a: Lunala|Electric Seed
|-boost|p2a: Lunala|def|1|[from] item: Electric Seed
|turn|2
|
|t:|1750875964
|move|p2b: Urshifu|Protect|p2b: Urshifu
|-singleturn|p2b: Urshifu|Protect
|move|p1b: Palkia|Spacial Rend|p2b: Urshifu
|-activate|p2b: Urshifu|move: Protect
|move|p1a: Terapagos|Dark Pulse|p2a: Lunala
|-supereffective|p2a: Lunala
|-damage|p2a: Lunala|75/100
|move|p2a: Lunala|Moonblast|p1a: Terapagos
|-activate|p1a: Terapagos|ability: Tera Shell
|-resisted|p1a: Terapagos
|-damage|p1a: Terapagos|87/100
|
|-heal|p1a: Terapagos|93/100|[from] item: Leftovers
|upkeep
|turn|3
|
|t:|1750875986
|switch|p2b: Clodsire|Clodsire, L50, M|100/100
|-terastallize|p2a: Lunala|Fairy
|move|p1b: Palkia|Spacial Rend|p2b: Clodsire
|-damage|p2b: Clodsire|49/100
|move|p1a: Terapagos|Dark Pulse|p2a: Lunala
|-resisted|p2a: Lunala
|-damage|p2a: Lunala|69/100
|move|p2a: Lunala|Moonblast|p1b: Palkia
|-supereffective|p1b: Palkia
|-damage|p1b: Palkia|19/100
|-unboost|p1b: Palkia|spa|1
|
|-heal|p1a: Terapagos|99/100|[from] item: Leftovers
|upkeep
|turn|4
|
|t:|1750876007
|move|p1b: Palkia|Earth Power|p2b: Clodsire
|-supereffective|p2b: Clodsire
|-damage|p2b: Clodsire|11/100
|move|p1a: Terapagos|Calm Mind|p1a: Terapagos
|-boost|p1a: Terapagos|spa|1
|-boost|p1a: Terapagos|spd|1
|move|p2a: Lunala|Moonblast|p1b: Palkia
|-supereffective|p1b: Palkia
|-damage|p1b: Palkia|0 fnt
|faint|p1b: Palkia
|move|p2b: Clodsire|Gunk Shot|p1a: Terapagos|[miss]
|-miss|p2b: Clodsire|p1a: Terapagos
|
|-heal|p1a: Terapagos|100/100|[from] item: Leftovers
|-sideend|p1: CrispyChrisCries|move: Tailwind
|upkeep
|
|t:|1750876020
|switch|p1b: Skeledirge|Skeledirge, L50, M|100/100
|turn|5
|
|t:|1750876036
|-terastallize|p1b: Skeledirge|Fire
|move|p1a: Terapagos|Flash Cannon|p2a: Lunala
|-supereffective|p2a: Lunala
|-damage|p2a: Lunala|28/100
|move|p2a: Lunala|Moongeist Beam|p1b: Skeledirge
|-damage|p1b: Skeledirge|46/100
|move|p1b: Skeledirge|Torch Song|p2b: Clodsire
|-damage|p2b: Clodsire|0 fnt
|-boost|p1b: Skeledirge|spa|1
|faint|p2b: Clodsire
|
|-fieldend|move: Electric Terrain
|upkeep
|
|t:|1750876050
|switch|p2b: Urshifu|Urshifu-Rapid-Strike, L50, M|100/100
|turn|6
|
|t:|1750876065
|move|p2b: Urshifu|Surging Strikes|p1b: Skeledirge
|-supereffective|p1b: Skeledirge
|-crit|p1b: Skeledirge
|-damage|p1b: Skeledirge|12/100
|-supereffective|p1b: Skeledirge
|-crit|p1b: Skeledirge
|-damage|p1b: Skeledirge|0 fnt
|faint|p1b: Skeledirge
|-hitcount|p1: Skeledirge|2
|move|p1a: Terapagos|Flash Cannon|p2a: Lunala
|-supereffective|p2a: Lunala
|-damage|p2a: Lunala|0 fnt
|faint|p2a: Lunala
|
|upkeep
|turn|7
|
|t:|1750876082
|move|p2b: Urshifu|Surging Strikes|p1a: Terapagos
|-activate|p1a: Terapagos|ability: Tera Shell
|-resisted|p1a: Terapagos
|-crit|p1a: Terapagos
|-damage|p1a: Terapagos|91/100
|-resisted|p1a: Terapagos
|-crit|p1a: Terapagos
|-damage|p1a: Terapagos|82/100
|-resisted|p1a: Terapagos
|-crit|p1a: Terapagos
|-damage|p1a: Terapagos|72/100
|-hitcount|p1a: Terapagos|3
|move|p1a: Terapagos|Tera Starstorm|p2b: Urshifu
|-damage|p2b: Urshifu|0 fnt
|faint|p2b: Urshifu
|
|win|CrispyChrisCries
|raw|CrispyChrisCries's rating: 1096 &rarr; <strong>1126</strong><br />(+30 for winning)
|raw|food14's rating: 1162 &rarr; <strong>1132</strong><br />(-30 for losing)
|l|☆CrispyChrisCries
|player|p1|
|l|☆food14
|player|p2|
