|j|☆drakkulll
|j|☆4TH GEN OG
|t:|1750735746
|gametype|doubles
|player|p1|drakkulll|giovanni|1261
|player|p2|4TH GEN OG|265|1295
|teamsize|p1|6
|teamsize|p2|6
|gen|9
|tier|[Gen 9] VGC 2025 Reg I
|rated|
|rule|Species Clause: Limit one of each Pokémon
|rule|Item Clause: Limit 1 of each item
|clearpoke
|poke|p1|Mightyena, L50, M|
|poke|p1|Lycanroc-Midnight, L50, M|
|poke|p1|Tyranitar, L50, M|
|poke|p1|Lunala, L50|
|poke|p1|Zamazenta-*, L50|
|poke|p1|Flutter Mane, L50|
|poke|p2|Miraidon, L50|
|poke|p2|Lunala, L50|
|poke|p2|Incineroar, L50, M|
|poke|p2|Ursaluna, L50, F|
|poke|p2|Urshifu-*, L50, M|
|poke|p2|Whimsicott, L50, F|
|teampreview|4
|
|t:|1750735782
|start
|switch|p1a: Jesus|Lunala, L50|100/100
|switch|p1b: Cthulu|Mightyena, L50, M|100/100
|switch|p2a: Whimsicott|Whimsicott, L50, F|100/100
|switch|p2b: Miraidon|Miraidon, L50|100/100
|-fieldstart|move: Electric Terrain|[from] ability: Hadron Engine|[of] p2b: Miraidon
|-ability|p1b: Cthulu|Intimidate|boost
|-unboost|p2a: Whimsicott|atk|1
|-unboost|p2b: Miraidon|atk|1
|turn|1
|inactive|Battle timer is ON: inactive players will automatically lose when time's up. (requested by 4TH GEN OG)
|
|t:|1750735804
|move|p2a: Whimsicott|Light Screen|p2a: Whimsicott
|-sidestart|p2: 4TH GEN OG|move: Light Screen
|move|p2b: Miraidon|Volt Switch|p1b: Cthulu
|-damage|p1b: Cthulu|0 fnt
|faint|p1b: Cthulu
|
|t:|1750735810
|switch|p2b: Lunala|Lunala, L50|100/100|[from] Volt Switch
|-enditem|p2b: Lunala|Electric Seed
|-boost|p2b: Lunala|def|1|[from] item: Electric Seed
|move|p1a: Jesus|Trick Room|p1a: Jesus
|-fieldstart|move: Trick Room|[of] p1a: Jesus
|
|upkeep
|
|t:|1750735814
|switch|p1b: Roma|Tyranitar, L50, M|100/100
|-weather|Sandstorm|[from] ability: Sand Stream|[of] p1b: Roma
|turn|2
|
|t:|1750735827
|-terastallize|p2b: Lunala|Fairy
|move|p2a: Whimsicott|Encore|p1a: Jesus
|-start|p1a: Jesus|Encore
|move|p1b: Roma|Knock Off|p2b: Lunala
|-resisted|p2b: Lunala
|-damage|p2b: Lunala|96/100
|move|p1a: Jesus|Trick Room|p1a: Jesus
|-fieldend|move: Trick Room
|move|p2b: Lunala|Moonblast|p1b: Roma
|-supereffective|p1b: Roma
|-damage|p1b: Roma|59/100
|
|-weather|Sandstorm|[upkeep]
|-damage|p2a: Whimsicott|95/100|[from] Sandstorm
|-damage|p2b: Lunala|90/100|[from] Sandstorm
|-damage|p1a: Jesus|94/100|[from] Sandstorm
|upkeep
|turn|3
|inactive|drakkulll has 30 seconds left.
|
|t:|1750735854
|switch|p1a: katulu|Lycanroc-Midnight, L50, M|100/100
|move|p2a: Whimsicott|Moonblast|p1b: Roma
|-supereffective|p1b: Roma
|-damage|p1b: Roma|39/100
|move|p2b: Lunala|Moonblast|p1b: Roma
|-supereffective|p1b: Roma
|-damage|p1b: Roma|0 fnt
|faint|p1b: Roma
|
|-weather|Sandstorm|[upkeep]
|-damage|p2a: Whimsicott|89/100|[from] Sandstorm
|-damage|p2b: Lunala|84/100|[from] Sandstorm
|upkeep
|
|t:|1750735863
|switch|p1b: Jesus|Lunala, L50|94/100
|turn|4
|inactive|4TH GEN OG has 30 seconds left.
|
|t:|1750735893
|move|p2a: Whimsicott|Tailwind|p2a: Whimsicott
|-sidestart|p2: 4TH GEN OG|move: Tailwind
|move|p2b: Lunala|Moonblast|p1a: katulu
|-damage|p1a: katulu|58/100
|move|p1b: Jesus|Moongeist Beam|p2b: Lunala
|-damage|p2b: Lunala|60/100
|move|p1a: katulu|Rock Slide|p2a: Whimsicott|[spread] p2a,p2b
|-damage|p2a: Whimsicott|63/100
|-damage|p2b: Lunala|43/100
|
|-weather|Sandstorm|[upkeep]
|-damage|p2a: Whimsicott|57/100|[from] Sandstorm
|-damage|p2b: Lunala|37/100|[from] Sandstorm
|-damage|p1b: Jesus|88/100|[from] Sandstorm
|-heal|p1a: katulu|64/100|[from] item: Leftovers
|upkeep
|turn|5
|-message|drakkulll forfeited.
|
|win|4TH GEN OG
|raw|drakkulll's rating: 1261 &rarr; <strong>1238</strong><br />(-23 for losing)
|raw|4TH GEN OG's rating: 1295 &rarr; <strong>1318</strong><br />(+23 for winning)
|l|☆drakkulll
|player|p1|
|l|☆4TH GEN OG
|player|p2|
