|j|☆Mashi's
|j|‽evan_barso
|t:|1750875686
|gametype|doubles
|player|p1|Mashi's|lady-gen4|1117
|player|p2|evan_barso|1|1138
|teamsize|p1|6
|teamsize|p2|6
|gen|9
|tier|[Gen 9] VGC 2025 Reg I
|rated|
|rule|Species Clause: Limit one of each Pokémon
|rule|Item Clause: Limit 1 of each item
|clearpoke
|poke|p1|Goodra-Hisui, L50, F|
|poke|p1|Vaporeon, L50, F|
|poke|p1|Volcarona, L50, M|
|poke|p1|Slither Wing, L50|
|poke|p1|Tsareena, L50, F|
|poke|p1|Armarouge, L50, F|
|poke|p2|Zacian-*, L50|
|poke|p2|Calyrex-Shadow, L50|
|poke|p2|Tornadus, L50, M|
|poke|p2|Urshifu-*, L50, F|
|poke|p2|Amoonguss, L50, F|
|poke|p2|Incineroar, L50, M|
|teampreview|4
|inactive|Battle timer is ON: inactive players will automatically lose when time's up. (requested by evan_barso)
|inactive|Mashi's has 60 seconds left.
|
|t:|1750875720
|start
|switch|p1a: Goodra|Goodra-Hisui, L50, F|100/100
|switch|p1b: Armarouge|Armarouge, L50, F|100/100
|switch|p2a: Urshifu|Urshifu-Rapid-Strike, L50, F|100/100
|switch|p2b: Incineroar|Incineroar, L50, M|100/100
|-ability|p2b: Incineroar|Intimidate|boost
|-unboost|p1a: Goodra|atk|1
|-unboost|p1b: Armarouge|atk|1
|turn|1
|inactive|Mashi's has 30 seconds left.
|inactive|Mashi's has 20 seconds left.
|
|t:|1750875755
|-terastallize|p1b: Armarouge|Grass
|move|p2b: Incineroar|Fake Out|p1b: Armarouge
|-damage|p1b: Armarouge|92/100
|move|p2a: Urshifu|Close Combat|p1a: Goodra
|-supereffective|p1a: Goodra
|-damage|p1a: Goodra|0 fnt
|-unboost|p2a: Urshifu|def|1
|-unboost|p2a: Urshifu|spd|1
|faint|p1a: Goodra
|move|p1b: Armarouge|Trick Room|p1b: Armarouge
|-fieldstart|move: Trick Room|[of] p1b: Armarouge
|
|upkeep
|
|t:|1750875767
|switch|p1a: Tsareena|Tsareena, L50, F|100/100
|turn|2
|
|t:|1750875783
|switch|p1b: Vaporeon|Vaporeon, L50, F|100/100
|move|p2a: Urshifu|Protect|p2a: Urshifu
|-singleturn|p2a: Urshifu|Protect
|move|p2b: Incineroar|Parting Shot|p1a: Tsareena
|-unboost|p1a: Tsareena|atk|1
|-unboost|p1a: Tsareena|spa|1
|
|t:|1750875791
|switch|p2b: Tornadus|Tornadus, L50, M|100/100|[from] Parting Shot
|move|p1a: Tsareena|Power Whip|p2a: Urshifu
|-activate|p2a: Urshifu|move: Protect
|
|upkeep
|turn|3
|
|t:|1750875810
|switch|p2a: Incineroar|Incineroar, L50, M|100/100
|-ability|p2a: Incineroar|Intimidate|boost
|-unboost|p1a: Tsareena|atk|1
|-unboost|p1b: Vaporeon|atk|1
|move|p2b: Tornadus|Rain Dance|p2b: Tornadus
|-weather|RainDance
|move|p1b: Vaporeon|Scald|p2b: Tornadus
|-damage|p2b: Tornadus|50/100
|move|p1a: Tsareena|Power Whip|p2a: Incineroar
|-resisted|p2a: Incineroar
|-damage|p2a: Incineroar|83/100
|-damage|p1a: Tsareena|91/100|[from] item: Life Orb
|
|-weather|RainDance|[upkeep]
|upkeep
|turn|4
|
|t:|1750875834
|move|p2a: Incineroar|Fake Out||[still]
|cant|p1a: Tsareena|ability: Queenly Majesty|Fake Out|[of] p2a: Incineroar
|move|p1b: Vaporeon|Weather Ball|p2b: Tornadus
|-damage|p2b: Tornadus|0 fnt
|faint|p2b: Tornadus
|move|p1a: Tsareena|Play Rough|p2a: Incineroar
|-damage|p2a: Incineroar|64/100
|-damage|p1a: Tsareena|82/100|[from] item: Life Orb
|
|-weather|RainDance|[upkeep]
|upkeep
|
|t:|1750875848
|switch|p2b: Calyrex|Calyrex-Shadow, L50|100/100
|-ability|p2b: Calyrex|As One
|-ability|p2b: Calyrex|Unnerve
|turn|5
|
|t:|1750875857
|move|p2a: Incineroar|Protect|p2a: Incineroar
|-singleturn|p2a: Incineroar|Protect
|move|p2b: Calyrex|Protect|p2b: Calyrex
|-singleturn|p2b: Calyrex|Protect
|move|p1b: Vaporeon|Weather Ball|p2b: Calyrex
|-activate|p2b: Calyrex|move: Protect
|move|p1a: Tsareena|Play Rough|p2b: Calyrex
|-activate|p2b: Calyrex|move: Protect
|
|-weather|RainDance|[upkeep]
|-fieldend|move: Trick Room
|upkeep
|turn|6
|l|‽evan_barso
|inactive|evan_barso disconnected and has a minute to reconnect!
|player|p2|
|j|‽evan_barso
|inactive|evan_barso reconnected and has 40 seconds left.
|player|p2|evan_barso|1|
|n|‽evan_barso|evanbarso
|inactive|evan_barso has 30 seconds left.
|
|t:|1750875889
|move|p1a: Tsareena|Protect|p1a: Tsareena
|-singleturn|p1a: Tsareena|Protect
|move|p2b: Calyrex|Astral Barrage|p1a: Tsareena|[spread] p1b
|-activate|p1a: Tsareena|move: Protect
|-damage|p1b: Vaporeon|60/100
|move|p2a: Incineroar|Knock Off|p1a: Tsareena
|-activate|p1a: Tsareena|move: Protect
|move|p1b: Vaporeon|Weather Ball|p2b: Calyrex
|-damage|p2b: Calyrex|44/100
|
|-weather|RainDance|[upkeep]
|upkeep
|turn|7
|
|t:|1750875912
|switch|p1a: Armarouge|Armarouge, L50, F, tera:Grass|92/100
|move|p2b: Calyrex|Protect|p2b: Calyrex
|-singleturn|p2b: Calyrex|Protect
|move|p2a: Incineroar|Parting Shot|p1b: Vaporeon
|-unboost|p1b: Vaporeon|atk|1
|-unboost|p1b: Vaporeon|spa|1
|
|t:|1750875921
|switch|p2a: Urshifu|Urshifu-Rapid-Strike, L50, F|100/100|[from] Parting Shot
|move|p1b: Vaporeon|Weather Ball|p2b: Calyrex
|-activate|p2b: Calyrex|move: Protect
|
|-weather|none
|upkeep
|turn|8
|inactive|Mashi's has 30 seconds left.
|inactive|Mashi's has 20 seconds left.
|inactive|Mashi's has 15 seconds left.
|
|t:|1750875964
|move|p1b: Vaporeon|Protect|p1b: Vaporeon
|-singleturn|p1b: Vaporeon|Protect
|move|p2b: Calyrex|Astral Barrage|p1a: Armarouge|[spread] p1a
|-activate|p1b: Vaporeon|move: Protect
|-damage|p1a: Armarouge|41/100
|move|p2a: Urshifu|Close Combat|p1a: Armarouge
|-damage|p1a: Armarouge|0 fnt
|-unboost|p2a: Urshifu|def|1
|-unboost|p2a: Urshifu|spd|1
|faint|p1a: Armarouge
|
|upkeep
|
|t:|1750875976
|switch|p1a: Tsareena|Tsareena, L50, F|82/100
|turn|9
|
|t:|1750875988
|switch|p2a: Incineroar|Incineroar, L50, M|64/100
|-ability|p2a: Incineroar|Intimidate|boost
|-unboost|p1a: Tsareena|atk|1
|-unboost|p1b: Vaporeon|atk|1
|move|p2b: Calyrex|Protect|p2b: Calyrex
|-singleturn|p2b: Calyrex|Protect
|move|p1a: Tsareena|Power Whip|p2a: Incineroar
|-resisted|p2a: Incineroar
|-damage|p2a: Incineroar|43/100
|-damage|p1a: Tsareena|72/100|[from] item: Life Orb
|move|p1b: Vaporeon|Scald|p2b: Calyrex
|-activate|p2b: Calyrex|move: Protect
|
|upkeep
|turn|10
|
|t:|1750876009
|-terastallize|p2b: Calyrex|Fairy
|move|p2b: Calyrex|Astral Barrage|p1a: Tsareena|[spread] p1a,p1b
|-damage|p1a: Tsareena|16/100
|-damage|p1b: Vaporeon|21/100
|move|p1a: Tsareena|Power Whip|p2b: Calyrex
|-damage|p2b: Calyrex|0 fnt
|-enditem|p1b: Vaporeon|Sitrus Berry|[eat]
|-heal|p1b: Vaporeon|46/100|[from] item: Sitrus Berry
|faint|p2b: Calyrex
|-damage|p1a: Tsareena|7/100|[from] item: Life Orb
|move|p2a: Incineroar|Knock Off|p1b: Vaporeon
|-damage|p1b: Vaporeon|28/100
|move|p1b: Vaporeon|Scald|p2a: Incineroar
|-supereffective|p2a: Incineroar
|-damage|p2a: Incineroar|18/100
|
|upkeep
|
|t:|1750876027
|switch|p2b: Urshifu|Urshifu-Rapid-Strike, L50, F|100/100
|turn|11
|
|t:|1750876044
|move|p2b: Urshifu|Surging Strikes|p1a: Tsareena
|-resisted|p1a: Tsareena
|-crit|p1a: Tsareena
|-damage|p1a: Tsareena|0 fnt
|faint|p1a: Tsareena
|-hitcount|p1: Tsareena|1
|move|p2a: Incineroar|Parting Shot|p1b: Vaporeon
|-unboost|p1b: Vaporeon|atk|1
|-unboost|p1b: Vaporeon|spa|1
|move|p1b: Vaporeon|Scald|p2a: Incineroar
|-supereffective|p2a: Incineroar
|-damage|p2a: Incineroar|0 fnt
|faint|p2a: Incineroar
|
|upkeep
|turn|12
|l|‽evan_barso
|inactive|evan_barso disconnected and has a minute to reconnect!
|player|p2|
|j|‽evan_barso
|inactive|evan_barso reconnected and has 45 seconds left.
|player|p2|evan_barso|1|
|n|‽evan_barso|evanbarso
|
|t:|1750876062
|move|p2b: Urshifu|Close Combat|p1b: Vaporeon
|-damage|p1b: Vaporeon|0 fnt
|-unboost|p2b: Urshifu|def|1
|-unboost|p2b: Urshifu|spd|1
|faint|p1b: Vaporeon
|
|win|evan_barso
|raw|Mashi&apos;s's rating: 1117 &rarr; <strong>1094</strong><br />(-23 for losing)
|raw|evan_barso's rating: 1138 &rarr; <strong>1161</strong><br />(+23 for winning)
|l|☆Mashi's
|player|p1|
|l|‽evan_barso
|player|p2|
