|j|☆queen_lel
|j|☆Keltos
|t:|1750860773
|gametype|doubles
|player|p1|queen_lel|169|1352
|player|p2|Keltos|170|1300
|teamsize|p1|6
|teamsize|p2|6
|gen|9
|tier|[Gen 9] VGC 2025 Reg I
|rated|
|rule|Species Clause: Limit one of each Pokémon
|rule|Item Clause: Limit 1 of each item
|clearpoke
|poke|p1|Zamazenta-*, L50|
|poke|p1|Volcarona, L50, F|
|poke|p1|Calyrex-Shadow, L50|
|poke|p1|Ogerpon-Wellspring, L50, F|
|poke|p1|Rillaboom, L50, M|
|poke|p1|Iron Hands, L50|
|poke|p2|Calyrex-Shadow, L50|
|poke|p2|Koraidon, L50|
|poke|p2|Garchomp, L50, F|
|poke|p2|Flutter Mane, L50|
|poke|p2|Iron Valiant, L50|
|poke|p2|Tornadus, L50, M|
|teampreview|4
|inactive|Battle timer is ON: inactive players will automatically lose when time's up. (requested by Keltos)
|inactive|queen_lel also wants the timer to be on.
|
|t:|1750860799
|start
|switch|p1a: Volcarona|Volcarona, L50, F|100/100
|switch|p1b: Zamazenta|Zamazenta-Crowned, L50|100/100
|switch|p2a: Garchomp|Garchomp, L50, F|100/100
|switch|p2b: Tornadus|Tornadus, L50, M|100/100
|-ability|p1b: Zamazenta|Dauntless Shield|boost
|-boost|p1b: Zamazenta|def|1
|turn|1
|
|t:|1750860820
|move|p1b: Zamazenta|Protect|p1b: Zamazenta
|-singleturn|p1b: Zamazenta|Protect
|move|p2b: Tornadus|Tailwind|p2b: Tornadus
|-sidestart|p2: Keltos|move: Tailwind
|move|p2a: Garchomp|Rock Slide|p1b: Zamazenta|[spread] p1a
|-activate|p1b: Zamazenta|move: Protect
|-supereffective|p1a: Volcarona
|-damage|p1a: Volcarona|0 fnt
|faint|p1a: Volcarona
|
|upkeep
|
|t:|1750860831
|switch|p1a: Ogerpon|Ogerpon-Wellspring, L50, F|100/100
|turn|2
|
|t:|1750860839
|move|p1a: Ogerpon|Follow Me|p1a: Ogerpon
|-singleturn|p1a: Ogerpon|move: Follow Me
|move|p2b: Tornadus|Heat Wave|p1a: Ogerpon|[spread] p1a
|-miss|p2b: Tornadus|p1b: Zamazenta
|-crit|p1a: Ogerpon
|-damage|p1a: Ogerpon|71/100
|move|p2a: Garchomp|Earthquake|p1b: Zamazenta|[spread] p1a,p1b
|-immune|p2b: Tornadus
|-resisted|p1a: Ogerpon
|-supereffective|p1b: Zamazenta
|-damage|p1a: Ogerpon|47/100
|-damage|p1b: Zamazenta|65/100
|move|p1b: Zamazenta|Iron Defense|p1b: Zamazenta
|-boost|p1b: Zamazenta|def|2
|
|upkeep
|turn|3
|inactive|queen_lel has 30 seconds left.
|
|t:|1750860870
|switch|p2a: Koraidon|Koraidon, L50|100/100
|-weather|SunnyDay|[from] ability: Orichalcum Pulse|[of] p2a: Koraidon
|-activate|p2a: Koraidon|Orichalcum Pulse|[source]
|move|p1b: Zamazenta|Protect|p1b: Zamazenta
|-singleturn|p1b: Zamazenta|Protect
|move|p2b: Tornadus|Heat Wave|p1b: Zamazenta|[spread] p1a
|-activate|p1b: Zamazenta|move: Protect
|-damage|p1a: Ogerpon|20/100
|move|p1a: Ogerpon|Ivy Cudgel|p2b: Tornadus|[anim] Ivy Cudgel Water
|-damage|p2b: Tornadus|68/100
|
|-weather|SunnyDay|[upkeep]
|upkeep
|turn|4
|
|t:|1750860886
|-terastallize|p1b: Zamazenta|Dark
|move|p1a: Ogerpon|Follow Me|p1a: Ogerpon
|-singleturn|p1a: Ogerpon|move: Follow Me
|move|p2a: Koraidon|Close Combat|p1a: Ogerpon
|-damage|p1a: Ogerpon|0 fnt
|-unboost|p2a: Koraidon|def|1
|-unboost|p2a: Koraidon|spd|1
|faint|p1a: Ogerpon
|-damage|p2a: Koraidon|91/100|[from] item: Life Orb
|move|p2b: Tornadus|Heat Wave|p1b: Zamazenta
|-damage|p1b: Zamazenta|30/100
|move|p1b: Zamazenta|Body Press|p2b: Tornadus
|-resisted|p2b: Tornadus
|-damage|p2b: Tornadus|0 fnt
|faint|p2b: Tornadus
|
|-weather|SunnyDay|[upkeep]
|-sideend|p2: Keltos|move: Tailwind
|upkeep
|
|t:|1750860906
|switch|p1a: Calyrex|Calyrex-Shadow, L50|100/100
|switch|p2b: Calyrex|Calyrex-Shadow, L50|100/100
|-ability|p1a: Calyrex|As One
|-ability|p1a: Calyrex|Unnerve
|-ability|p2b: Calyrex|As One
|-ability|p2b: Calyrex|Unnerve
|turn|5
|
|t:|1750860923
|move|p2b: Calyrex|Protect|p2b: Calyrex
|-singleturn|p2b: Calyrex|Protect
|move|p2a: Koraidon|Protect|p2a: Koraidon
|-singleturn|p2a: Koraidon|Protect
|move|p1a: Calyrex|Astral Barrage|p2b: Calyrex|[spread] 
|-activate|p2a: Koraidon|move: Protect
|-activate|p2b: Calyrex|move: Protect
|move|p1b: Zamazenta|Body Press|p2a: Koraidon
|-activate|p2a: Koraidon|move: Protect
|
|-weather|SunnyDay|[upkeep]
|upkeep
|turn|6
|
|t:|1750860947
|move|p1a: Calyrex|Astral Barrage|p2b: Calyrex|[spread] p2a,p2b
|-supereffective|p2b: Calyrex
|-damage|p2a: Koraidon|0 fnt
|-enditem|p2b: Calyrex|Focus Sash
|-damage|p2b: Calyrex|1/100
|faint|p2a: Koraidon
|-ability|p1a: Calyrex|Grim Neigh|boost
|-boost|p1a: Calyrex|spa|1
|move|p2b: Calyrex|Astral Barrage|p1a: Calyrex|[spread] p1a,p1b
|-supereffective|p1a: Calyrex
|-resisted|p1b: Zamazenta
|-damage|p1a: Calyrex|0 fnt
|-damage|p1b: Zamazenta|10/100
|faint|p1a: Calyrex
|-ability|p2b: Calyrex|Grim Neigh|boost
|-boost|p2b: Calyrex|spa|1
|move|p1b: Zamazenta|Body Press|p2b: Calyrex
|-immune|p2b: Calyrex
|
|-weather|SunnyDay|[upkeep]
|upkeep
|-message|queen_lel forfeited.
|
|win|Keltos
|raw|queen_lel's rating: 1331 &rarr; <strong>1309</strong><br />(-22 for losing)
|raw|Keltos's rating: 1300 &rarr; <strong>1327</strong><br />(+27 for winning)
|l|☆queen_lel
|player|p1|
|l|☆Keltos
|player|p2|
