|j|☆KatKraydel
|j|☆DAVIZZZZ14
|t:|1750773755
|gametype|doubles
|player|p1|KatKraydel|courtney|1246
|player|p2|DAVIZZZZ14|266|1237
|teamsize|p1|6
|teamsize|p2|6
|gen|9
|tier|[Gen 9] VGC 2025 Reg I
|rated|
|rule|Species Clause: Limit one of each Pokémon
|rule|Item Clause: Limit 1 of each item
|clearpoke
|poke|p1|Calyrex-Shadow, L50|
|poke|p1|Zamazenta-*, L50|
|poke|p1|Pyroar, L50, F|
|poke|p1|Appletun, L50, M|
|poke|p1|Gastrodon, L50, F|
|poke|p1|Rhydon, L50, M|
|poke|p2|Lugia, L50|
|poke|p2|Groudon, L50|
|poke|p2|Brute Bonnet, L50|
|poke|p2|Comfey, L50, F|
|poke|p2|Sableye, L50, F|
|poke|p2|Rotom-Heat, L50|
|teampreview|4
|inactive|Battle timer is ON: inactive players will automatically lose when time's up. (requested by DAVIZZZZ14)
|
|t:|1750773806
|start
|switch|p1a: Pyroar|Pyroar, L50, F, shiny|100/100
|switch|p1b: Rhydon|Rhydon, L50, M, shiny|100/100
|switch|p2a: Brute Bonnet|Brute Bonnet, L50|100/100
|switch|p2b: Lugia|Lugia, L50|100/100
|-ability|p1a: Pyroar|Unnerve
|turn|1
|inactive|KatKraydel has 30 seconds left.
|inactive|KatKraydel has 20 seconds left.
|
|t:|1750773842
|move|p1a: Pyroar|Flamethrower|p2a: Brute Bonnet
|-supereffective|p2a: Brute Bonnet
|-damage|p2a: Brute Bonnet|39/100
|move|p2b: Lugia|Calm Mind|p2b: Lugia
|-boost|p2b: Lugia|spa|1
|-boost|p2b: Lugia|spd|1
|move|p2a: Brute Bonnet|Spore|p1a: Pyroar
|-status|p1a: Pyroar|slp|[from] move: Spore
|move|p1b: Rhydon|Rock Slide|p2a: Brute Bonnet|[spread] p2a,p2b
|-supereffective|p2b: Lugia
|-damage|p2a: Brute Bonnet|21/100
|-damage|p2b: Lugia|85/100
|
|upkeep
|turn|2
|
|t:|1750773858
|move|p1b: Rhydon|Protect|p1b: Rhydon
|-singleturn|p1b: Rhydon|Protect
|cant|p1a: Pyroar|slp
|move|p2b: Lugia|Calm Mind|p2b: Lugia
|-boost|p2b: Lugia|spa|1
|-boost|p2b: Lugia|spd|1
|move|p2a: Brute Bonnet|Spore|p1b: Rhydon
|-activate|p1b: Rhydon|move: Protect
|
|upkeep
|turn|3
|
|t:|1750773869
|-curestatus|p1a: Pyroar|slp|[msg]
|move|p1a: Pyroar|Flamethrower|p2a: Brute Bonnet
|-supereffective|p2a: Brute Bonnet
|-damage|p2a: Brute Bonnet|0 fnt
|faint|p2a: Brute Bonnet
|-end|p2a: Brute Bonnet|Protosynthesis|[silent]
|move|p2b: Lugia|Aeroblast|p1a: Pyroar
|-damage|p1a: Pyroar|0 fnt
|faint|p1a: Pyroar
|move|p1b: Rhydon|Rock Slide|p2b: Lugia
|-supereffective|p2b: Lugia
|-damage|p2b: Lugia|39/100
|
|upkeep
|
|t:|1750773881
|switch|p1a: My Little Pony|Calyrex-Shadow, L50|100/100
|switch|p2a: Comfey|Comfey, L50, F|100/100
|-ability|p1a: My Little Pony|As One
|-ability|p1a: My Little Pony|Unnerve
|turn|4
|
|t:|1750773891
|-terastallize|p2b: Lugia|Fairy
|move|p1a: My Little Pony|Protect|p1a: My Little Pony
|-singleturn|p1a: My Little Pony|Protect
|move|p2a: Comfey|Floral Healing|p2b: Lugia
|-heal|p2b: Lugia|89/100
|move|p2b: Lugia|Aeroblast|p1a: My Little Pony
|-activate|p1a: My Little Pony|move: Protect
|move|p1b: Rhydon|Swords Dance|p1b: Rhydon
|-boost|p1b: Rhydon|atk|2
|
|upkeep
|turn|5
|
|t:|1750773903
|move|p2a: Comfey|Floral Healing|p2b: Lugia
|-heal|p2b: Lugia|100/100
|move|p1a: My Little Pony|Astral Barrage|p2a: Comfey|[spread] p2a,p2b
|-damage|p2a: Comfey|34/100
|-damage|p2b: Lugia|90/100
|-damage|p1a: My Little Pony|91/100|[from] item: Life Orb
|move|p2b: Lugia|Aeroblast|p1a: My Little Pony
|-damage|p1a: My Little Pony|17/100
|move|p1b: Rhydon|High Horsepower|p2b: Lugia
|-damage|p2b: Lugia|31/100
|
|-heal|p2a: Comfey|40/100|[from] item: Leftovers
|upkeep
|turn|6
|inactive|KatKraydel has 30 seconds left.
|
|t:|1750773929
|move|p2a: Comfey|Floral Healing|p2b: Lugia
|-heal|p2b: Lugia|81/100
|move|p1a: My Little Pony|Astral Barrage|p2a: Comfey|[spread] p2a,p2b
|-damage|p2a: Comfey|0 fnt
|-damage|p2b: Lugia|61/100
|faint|p2a: Comfey
|-ability|p1a: My Little Pony|Grim Neigh|boost
|-boost|p1a: My Little Pony|spa|1
|-damage|p1a: My Little Pony|7/100|[from] item: Life Orb
|move|p2b: Lugia|Aeroblast|p1a: My Little Pony
|-damage|p1a: My Little Pony|0 fnt
|faint|p1a: My Little Pony
|move|p1b: Rhydon|High Horsepower|p2b: Lugia
|-damage|p2b: Lugia|3/100
|
|upkeep
|
|t:|1750773946
|switch|p1a: Rubeus J|Zamazenta-Crowned, L50|100/100
|switch|p2a: Groudon|Groudon, L50|100/100
|-ability|p1a: Rubeus J|Dauntless Shield|boost
|-boost|p1a: Rubeus J|def|1
|-weather|SunnyDay|[from] ability: Drought|[of] p2a: Groudon
|turn|7
|
|t:|1750773953
|-terastallize|p1a: Rubeus J|Poison
|move|p2b: Lugia|Protect|p2b: Lugia
|-singleturn|p2b: Lugia|Protect
|move|p1a: Rubeus J|Wide Guard|p1a: Rubeus J
|-singleturn|p1a: Rubeus J|Wide Guard
|move|p2a: Groudon|Bulk Up|p2a: Groudon
|-boost|p2a: Groudon|atk|1
|-boost|p2a: Groudon|def|1
|move|p1b: Rhydon|Rock Slide|p2a: Groudon|[spread] p2a
|-activate|p2b: Lugia|move: Protect
|-resisted|p2a: Groudon
|-damage|p2a: Groudon|90/100
|
|-weather|SunnyDay|[upkeep]
|upkeep
|turn|8
|
|t:|1750773967
|move|p1a: Rubeus J|Behemoth Bash|p2b: Lugia
|-supereffective|p2b: Lugia
|-damage|p2b: Lugia|0 fnt
|faint|p2b: Lugia
|move|p2a: Groudon|Precipice Blades|p1a: Rubeus J|[spread] p1a,p1b
|-supereffective|p1a: Rubeus J
|-supereffective|p1b: Rhydon
|-damage|p1a: Rubeus J|45/100
|-damage|p1b: Rhydon|31/100
|move|p1b: Rhydon|High Horsepower|p2a: Groudon
|-damage|p2a: Groudon|52/100
|
|-weather|SunnyDay|[upkeep]
|upkeep
|turn|9
|
|t:|1750773984
|move|p2a: Groudon|Protect|p2a: Groudon
|-singleturn|p2a: Groudon|Protect
|move|p1a: Rubeus J|Wide Guard|p1a: Rubeus J
|-singleturn|p1a: Rubeus J|Wide Guard
|move|p1b: Rhydon|High Horsepower|p2a: Groudon
|-activate|p2a: Groudon|move: Protect
|
|-weather|SunnyDay|[upkeep]
|upkeep
|turn|10
|
|t:|1750773994
|move|p1a: Rubeus J|Wide Guard|p1a: Rubeus J
|-singleturn|p1a: Rubeus J|Wide Guard
|move|p2a: Groudon|Heat Crash|p1b: Rhydon
|-resisted|p1b: Rhydon
|-damage|p1b: Rhydon|4/100
|move|p1b: Rhydon|High Horsepower|p2a: Groudon
|-damage|p2a: Groudon|11/100
|
|-weather|SunnyDay|[upkeep]
|upkeep
|turn|11
|
|t:|1750774007
|move|p1a: Rubeus J|Body Press|p2a: Groudon
|-damage|p2a: Groudon|0 fnt
|faint|p2a: Groudon
|
|win|KatKraydel
|raw|KatKraydel's rating: 1246 &rarr; <strong>1270</strong><br />(+24 for winning)
|raw|DAVIZZZZ14's rating: 1237 &rarr; <strong>1213</strong><br />(-24 for losing)
|l|☆KatKraydel
|player|p1|
|l|☆DAVIZZZZ14
|player|p2|
