|j|☆Khadreck89
|j|☆Dymmmie
|t:|1750849345
|gametype|doubles
|player|p1|Khadreck89|hilbert-wonderlauncher|1133
|player|p2|Dymmmie|caitlin|1226
|teamsize|p1|6
|teamsize|p2|6
|gen|9
|tier|[Gen 9] VGC 2025 Reg I
|rated|
|rule|Species Clause: Limit one of each Pokémon
|rule|Item Clause: Limit 1 of each item
|clearpoke
|poke|p1|Goodra-Hisui, L50, F|
|poke|p1|Calyrex-Ice, L50|
|poke|p1|Indeedee-F, L50, F|
|poke|p1|Lunala, L50|
|poke|p1|Iron Hands, L50|
|poke|p1|Torkoal, L50, M|
|poke|p2|Zamazenta-*, L50|
|poke|p2|Calyrex-Shadow, L50|
|poke|p2|Rillaboom, L50, F|
|poke|p2|Incineroar, L50, M|
|poke|p2|Urshifu-*, L50, M|
|poke|p2|Tornadus, L50, M|
|teampreview|4
|inactive|Battle timer is ON: inactive players will automatically lose when time's up. (requested by Khadreck89)
Khadreck89 rejected open team sheets.
|
|t:|1750849364
|start
|switch|p1a: Indeedee|Indeedee-F, L50, F|100/100
|switch|p1b: Goodra|Goodra-Hisui, L50, F|100/100
|switch|p2a: Urshifu|Urshifu-Rapid-Strike, L50, M|100/100
|switch|p2b: Tornadus|Tornadus, L50, M|100/100
|-fieldstart|move: Psychic Terrain|[from] ability: Psychic Surge|[of] p1a: Indeedee
|turn|1
|
|t:|1750849388
|-terastallize|p1b: Goodra|Water
|move|p2a: Urshifu|U-turn|p1a: Indeedee
|-supereffective|p1a: Indeedee
|-damage|p1a: Indeedee|55/100
|
|t:|1750849393
|switch|p2a: Zamazenta|Zamazenta-Crowned, L50|100/100|[from] U-turn
|-ability|p2a: Zamazenta|Dauntless Shield|boost
|-boost|p2a: Zamazenta|def|1
|move|p2b: Tornadus|Bleakwind Storm|p1a: Indeedee|[spread] p1b
|-miss|p2b: Tornadus|p1a: Indeedee
|-crit|p1b: Goodra
|-damage|p1b: Goodra|66/100
|move|p1b: Goodra|Acid Spray|p2a: Zamazenta
|-immune|p2a: Zamazenta
|move|p1a: Indeedee|Trick Room|p1a: Indeedee
|-fieldstart|move: Trick Room|[of] p1a: Indeedee
|
|-heal|p1b: Goodra|72/100|[from] item: Leftovers
|upkeep
|turn|2
|
|t:|1750849416
|move|p1a: Indeedee|Follow Me|p1a: Indeedee
|-singleturn|p1a: Indeedee|move: Follow Me
|move|p1b: Goodra|Shelter|p1b: Goodra
|-boost|p1b: Goodra|def|2
|move|p2b: Tornadus|Bleakwind Storm|p1a: Indeedee|[spread] p1a
|-miss|p2b: Tornadus|p1b: Goodra
|-damage|p1a: Indeedee|23/100
|move|p2a: Zamazenta|Body Press|p1a: Indeedee
|-damage|p1a: Indeedee|0 fnt
|faint|p1a: Indeedee
|
|-heal|p1b: Goodra|78/100|[from] item: Leftovers
|upkeep
|
|t:|1750849428
|switch|p1a: Calyrex|Calyrex-Ice, L50|100/100
|-ability|p1a: Calyrex|As One
|-ability|p1a: Calyrex|Unnerve
|turn|3
|
|t:|1750849442
|switch|p2b: Calyrex|Calyrex-Shadow, L50|100/100
|-ability|p2b: Calyrex|As One
|-ability|p2b: Calyrex|Unnerve
|move|p2a: Zamazenta|Wide Guard|p2a: Zamazenta
|-singleturn|p2a: Zamazenta|Wide Guard
|move|p1b: Goodra|Acid Spray|p2b: Calyrex
|-resisted|p2b: Calyrex
|-damage|p2b: Calyrex|94/100
|-unboost|p2b: Calyrex|spd|2
|move|p1a: Calyrex|High Horsepower|p2a: Zamazenta
|-supereffective|p2a: Zamazenta
|-damage|p2a: Zamazenta|65/100
|
|-heal|p1b: Goodra|85/100|[from] item: Leftovers
|upkeep
|turn|4
|
|t:|1750849466
|move|p1a: Calyrex|Protect|p1a: Calyrex
|-singleturn|p1a: Calyrex|Protect
|move|p1b: Goodra|Draco Meteor|p2b: Calyrex
|-damage|p2b: Calyrex|0 fnt
|-unboost|p1b: Goodra|spa|2
|faint|p2b: Calyrex
|move|p2a: Zamazenta|Body Press|p1b: Goodra
|-damage|p1b: Goodra|55/100
|
|-heal|p1b: Goodra|62/100|[from] item: Leftovers
|upkeep
|
|t:|1750849477
|switch|p2b: Tornadus|Tornadus, L50, M|100/100
|turn|5
|
|t:|1750849482
|move|p2b: Tornadus|Rain Dance|p2b: Tornadus
|-weather|RainDance
|move|p1b: Goodra|Body Press|p2a: Zamazenta
|-supereffective|p2a: Zamazenta
|-damage|p2a: Zamazenta|30/100
|move|p1a: Calyrex|High Horsepower|p2a: Zamazenta
|-supereffective|p2a: Zamazenta
|-damage|p2a: Zamazenta|0 fnt
|faint|p2a: Zamazenta
|-ability|p1a: Calyrex|Chilling Neigh|boost
|-boost|p1a: Calyrex|atk|1
|
|-weather|RainDance|[upkeep]
|-heal|p1b: Goodra|68/100|[from] item: Leftovers
|-fieldend|move: Trick Room
|-fieldend|move: Psychic Terrain
|upkeep
|
|t:|1750849489
|switch|p2a: Urshifu|Urshifu-Rapid-Strike, L50, M|100/100
|turn|6
|
|t:|1750849501
|move|p2a: Urshifu|Surging Strikes|p1a: Calyrex
|-crit|p1a: Calyrex
|-damage|p1a: Calyrex|81/100
|-crit|p1a: Calyrex
|-damage|p1a: Calyrex|64/100
|-crit|p1a: Calyrex
|-damage|p1a: Calyrex|47/100
|-hitcount|p1a: Calyrex|3
|move|p2b: Tornadus|Bleakwind Storm|p1b: Goodra|[spread] p1a,p1b
|-damage|p1a: Calyrex|28/100
|-damage|p1b: Goodra|45/100
|move|p1b: Goodra|Acid Spray|p2a: Urshifu
|-damage|p2a: Urshifu|91/100
|-unboost|p2a: Urshifu|spd|2
|move|p1a: Calyrex|Trick Room|p1a: Calyrex
|-fieldstart|move: Trick Room|[of] p1a: Calyrex
|
|-weather|RainDance|[upkeep]
|-heal|p1b: Goodra|51/100|[from] item: Leftovers
|upkeep
|turn|7
|-message|Dymmmie forfeited.
|
|win|Khadreck89
|raw|Khadreck89's rating: 1133 &rarr; <strong>1165</strong><br />(+32 for winning)
|raw|Dymmmie's rating: 1226 &rarr; <strong>1194</strong><br />(-32 for losing)
|l|☆Dymmmie
|player|p2|
|l|☆Khadreck89
|player|p1|
