|j|☆zekstr
|j|☆vloggers
|t:|1750832275
|gametype|doubles
|player|p1|zekstr|roxie|1188
|player|p2|vloggers|ghetsis|1186
|teamsize|p1|6
|teamsize|p2|6
|gen|9
|tier|[Gen 9] VGC 2025 Reg I
|rated|
|rule|Species Clause: Limit one of each Pokémon
|rule|Item Clause: Limit 1 of each item
|clearpoke
|poke|p1|Ho-Oh, L50|
|poke|p1|Chien-Pao, L50|
|poke|p1|Whimsicott, L50, F|
|poke|p1|Koraidon, L50|
|poke|p1|Farigiraf, L50, F|
|poke|p1|Brute Bonnet, L50|
|poke|p2|Calyrex-Shadow, L50|
|poke|p2|Moltres-Galar, L50|
|poke|p2|Zamazenta-*, L50|
|poke|p2|Grimmsnarl, L50, M|
|poke|p2|Landorus-Therian, L50, M|
|poke|p2|Rillaboom, L50, F|
|teampreview|4
|
|t:|1750832302
|start
|switch|p1a: Koraidon|Koraidon, L50|100/100
|switch|p1b: Whimsicott|Whimsicott, L50, F|100/100
|switch|p2a: Zamazenta|Zamazenta-Crowned, L50, shiny|100/100
|switch|p2b: Moltres|Moltres-Galar, L50, shiny|100/100
|-weather|SunnyDay|[from] ability: Orichalcum Pulse|[of] p1a: Koraidon
|-activate|p1a: Koraidon|Orichalcum Pulse|[source]
|-ability|p2a: Zamazenta|Dauntless Shield|boost
|-boost|p2a: Zamazenta|def|1
|turn|1
|
|t:|1750832326
|-terastallize|p2b: Moltres|Fairy
|move|p1b: Whimsicott|Tailwind|p1b: Whimsicott
|-sidestart|p1: zekstr|move: Tailwind
|move|p1a: Koraidon|U-turn|p2b: Moltres
|-resisted|p2b: Moltres
|-damage|p2b: Moltres|85/100
|inactive|Battle timer is ON: inactive players will automatically lose when time's up. (requested by vloggers)
|
|t:|1750832337
|switch|p1a: Ho-Oh|Ho-Oh, L50, shiny|100/100|[from] U-turn
|move|p2a: Zamazenta|Body Press|p1a: Ho-Oh
|-resisted|p1a: Ho-Oh
|-damage|p1a: Ho-Oh|66/100
|-enditem|p1a: Ho-Oh|Eject Button
|l|☆zekstr
|inactive|zekstr disconnected and has a minute to reconnect!
|player|p1|
|inactive|zekstr has 30 seconds left.
|inactive|zekstr has 20 seconds left.
|inactive|zekstr has 15 seconds left.
|inactive|zekstr has 10 seconds left.
|inactive|zekstr has 5 seconds left.
|j|☆zekstr
|inactive|zekstr reconnected and has 5 seconds left.
|player|p1|zekstr|roxie|
|
|t:|1750832392
|switch|p1a: Chien-Pao|Chien-Pao, L50|100/100
|-ability|p1a: Chien-Pao|Sword of Ruin
|move|p2b: Moltres|Tailwind|p2b: Moltres
|-sidestart|p2: vloggers|move: Tailwind
|
|-weather|SunnyDay|[upkeep]
|upkeep
|turn|2
|inactive|zekstr has 30 seconds left.
|
|t:|1750832419
|move|p1b: Whimsicott|Encore|p2b: Moltres
|-start|p2b: Moltres|Encore
|move|p1a: Chien-Pao|Sacred Sword|p2a: Zamazenta
|-supereffective|p2a: Zamazenta
|-damage|p2a: Zamazenta|56/100
|move|p2a: Zamazenta|Body Press|p1a: Chien-Pao
|-supereffective|p1a: Chien-Pao
|-enditem|p1a: Chien-Pao|Focus Sash
|-damage|p1a: Chien-Pao|1/100
|move|p2b: Moltres|Tailwind||[still]
|-fail|p2b: Moltres
|
|-weather|SunnyDay|[upkeep]
|upkeep
|turn|3
|inactive|zekstr has 30 seconds left.
|inactive|vloggers has 30 seconds left.
|inactive|vloggers has 20 seconds left.
|
|t:|1750832454
|switch|p2b: Rillaboom|Rillaboom, L50, F|100/100
|-fieldstart|move: Grassy Terrain|[from] ability: Grassy Surge|[of] p2b: Rillaboom
|move|p1a: Chien-Pao|Protect|p1a: Chien-Pao
|-singleturn|p1a: Chien-Pao|Protect
|move|p1b: Whimsicott|Moonblast|p2a: Zamazenta
|-damage|p2a: Zamazenta|34/100
|move|p2a: Zamazenta|Body Press|p1a: Chien-Pao
|-activate|p1a: Chien-Pao|move: Protect
|
|-weather|SunnyDay|[upkeep]
|-heal|p1a: Chien-Pao|7/100|[from] Grassy Terrain
|-heal|p2a: Zamazenta|40/100|[from] Grassy Terrain
|upkeep
|turn|4
|inactive|zekstr has 30 seconds left.
|
|t:|1750832487
|-terastallize|p1a: Chien-Pao|Ghost
|move|p2b: Rillaboom|Fake Out|p1b: Whimsicott
|-damage|p1b: Whimsicott|87/100
|move|p1b: Whimsicott|Moonblast|p2a: Zamazenta
|-damage|p2a: Zamazenta|19/100
|move|p1a: Chien-Pao|Ice Spinner|p2b: Rillaboom
|-supereffective|p2b: Rillaboom
|-damage|p2b: Rillaboom|0 fnt
|-fieldend|move: Grassy Terrain
|faint|p2b: Rillaboom
|move|p2a: Zamazenta|Body Press|p1a: Chien-Pao
|-immune|p1a: Chien-Pao
|
|-weather|SunnyDay|[upkeep]
|-sideend|p2: vloggers|move: Tailwind
|-sideend|p1: zekstr|move: Tailwind
|upkeep
|
|t:|1750832499
|switch|p2b: Moltres|Moltres-Galar, L50, shiny, tera:Fairy|85/100
|turn|5
|
|t:|1750832516
|move|p1a: Chien-Pao|Protect|p1a: Chien-Pao
|-singleturn|p1a: Chien-Pao|Protect
|move|p2a: Zamazenta|Wide Guard|p2a: Zamazenta
|-singleturn|p2a: Zamazenta|Wide Guard
|move|p1b: Whimsicott|Moonblast|p2a: Zamazenta
|-damage|p2a: Zamazenta|0 fnt
|faint|p2a: Zamazenta
|move|p2b: Moltres|Fiery Wrath|p1a: Chien-Pao|[spread] p1b
|-activate|p1a: Chien-Pao|move: Protect
|-resisted|p1b: Whimsicott
|-damage|p1b: Whimsicott|66/100
|
|-weather|none
|upkeep
|
|t:|1750832519
|switch|p2a: Grimmsnarl|Grimmsnarl, L50, M, shiny|100/100
|turn|6
|inactive|zekstr has 30 seconds left.
|
|t:|1750832554
|move|p2a: Grimmsnarl|Thunder Wave|p1a: Chien-Pao
|-status|p1a: Chien-Pao|par
|move|p1b: Whimsicott|Tailwind|p1b: Whimsicott
|-sidestart|p1: zekstr|move: Tailwind
|move|p1a: Chien-Pao|Sacred Sword|p2a: Grimmsnarl
|-damage|p2a: Grimmsnarl|58/100
|move|p2b: Moltres|Fiery Wrath|p1a: Chien-Pao|[spread] p1a,p1b
|-supereffective|p1a: Chien-Pao
|-resisted|p1b: Whimsicott
|-damage|p1a: Chien-Pao|0 fnt
|-damage|p1b: Whimsicott|44/100
|faint|p1a: Chien-Pao
|
|upkeep
|
|t:|1750832577
|switch|p1a: Ho-Oh|Ho-Oh, L50, shiny|99/100
|turn|7
|inactive|zekstr has 30 seconds left.
|
|t:|1750832608
|move|p2a: Grimmsnarl|Light Screen|p2a: Grimmsnarl
|-sidestart|p2: vloggers|move: Light Screen
|move|p1b: Whimsicott|Moonblast|p2a: Grimmsnarl
|-supereffective|p2a: Grimmsnarl
|-damage|p2a: Grimmsnarl|23/100
|-unboost|p2a: Grimmsnarl|spa|1
|move|p1a: Ho-Oh|Sacred Fire|p2b: Moltres
|-damage|p2b: Moltres|23/100
|-ability|p2b: Moltres|Berserk|boost
|-boost|p2b: Moltres|spa|1
|move|p2b: Moltres|Fiery Wrath|p1b: Whimsicott|[spread] p1a,p1b
|-resisted|p1b: Whimsicott
|-damage|p1a: Ho-Oh|73/100
|-damage|p1b: Whimsicott|17/100
|
|upkeep
|turn|8
|inactive|zekstr has 30 seconds left.
|
|t:|1750832636
|move|p2a: Grimmsnarl|Thunder Wave|p1a: Ho-Oh
|-status|p1a: Ho-Oh|par
|move|p1b: Whimsicott|Moonblast|p2a: Grimmsnarl
|-supereffective|p2a: Grimmsnarl
|-damage|p2a: Grimmsnarl|0 fnt
|faint|p2a: Grimmsnarl
|move|p2b: Moltres|Fiery Wrath|p1b: Whimsicott|[spread] p1a,p1b
|-resisted|p1b: Whimsicott
|-damage|p1a: Ho-Oh|46/100 par
|-damage|p1b: Whimsicott|0 fnt
|faint|p1b: Whimsicott
|move|p1a: Ho-Oh|Earthquake|p2b: Moltres
|-damage|p2b: Moltres|0 fnt
|faint|p2b: Moltres
|
|win|zekstr
|raw|zekstr's rating: 1188 &rarr; <strong>1213</strong><br />(+25 for winning)
|raw|vloggers's rating: 1186 &rarr; <strong>1161</strong><br />(-25 for losing)
|l|☆vloggers
|player|p2|
