|j|☆TheRealKaige
|j|☆sadboygfx
|html|<table width="100%"><tr><td align="left">TheRealKaige</td><td align="right">sadboygfx</tr><tr><td align="left"><i class="fa fa-circle-o"></i> <i class="fa fa-circle-o"></i> </td><td align="right"><i class="fa fa-circle-o"></i> <i class="fa fa-circle"></i> </tr></table>
|uhtml|bestof|<h2><strong>Game 2</strong> of <a href="/game-bestof3-gen9vgc2025regi-2391162656">a best-of-3</a></h2>
|t:|1750812154
|gametype|doubles
|player|p1|TheRealKaige|baoba|
|player|p2|sadboygfx|morty-gen2|
|teamsize|p1|6
|teamsize|p2|6
|gen|9
|tier|[Gen 9] VGC 2025 Reg I
|rule|Species Clause: Limit one of each Pokémon
|rule|Item Clause: Limit 1 of each item
|raw|<div class="infobox"><details class="readmore" open><summary><strong>1 custom rule:</strong></summary> Best of = 3</details></div>
|clearpoke
|poke|p1|Rillaboom, L50, F|
|poke|p1|Sneasler, L50, M|
|poke|p1|Clefable, L50, M|
|poke|p1|Arcanine-Hisui, L50, M|
|poke|p1|Milotic, L50, F|
|poke|p1|Zoroark-Hisui, L50, M|
|poke|p2|Incineroar, L50, M|
|poke|p2|Kommo-o, L50, F|
|poke|p2|Toxtricity, L50, F|
|poke|p2|Volcarona, L50, F|
|poke|p2|Clefairy, L50, F|
|poke|p2|Azelf, L50|
|teampreview|4
|j| Pankocrust
|j| sparc99
sadboygfx rejected open team sheets.
|j| Meletadi
|j| clumbucket
|j| mjs_12
TheRealKaige rejected open team sheets.
|
|t:|1750812408
|start
|switch|p1a: Torchwood|Arcanine-Hisui, L50, M|100/100
|switch|p1b: Allergies|Sneasler, L50, M, shiny|100/100
|switch|p2a: The End|Incineroar, L50, M|100/100
|switch|p2b: Conclusion|Azelf, L50|100/100
|-ability|p1a: Torchwood|Intimidate|boost
|-unboost|p2a: The End|atk|1
|-unboost|p2b: Conclusion|atk|1
|-ability|p2a: The End|Intimidate|boost
|-unboost|p1a: Torchwood|atk|1
|-unboost|p1b: Allergies|atk|1
|turn|1
|
|t:|1750812584
|move|p2a: The End|Fake Out|p1a: Torchwood
|-resisted|p1a: Torchwood
|-damage|p1a: Torchwood|96/100
|move|p2b: Conclusion|Psychic|p1b: Allergies
|-damage|p1b: Allergies|11/100
|replace|p1b: Smokescreen|Zoroark-Hisui, L50, M
|-end|p1b: Smokescreen|Illusion
|move|p1b: Smokescreen|Hyper Beam|p2b: Conclusion
|-enditem|p2b: Conclusion|Focus Sash
|-damage|p2b: Conclusion|1/100
|-mustrecharge|p1b: Smokescreen
|cant|p1a: Torchwood|flinch
|
|upkeep
|turn|2
|c|☆TheRealKaige|damn sash is awesome tech
|c| sparc99|bruh that thing is holidnig on by a thread
|c| sparc99|hyper beam melted that poor pokemon
|c|☆TheRealKaige|was lowkey hoping for an ally switch that turn but Jon is locked in rn
|
|t:|1750812910
|move|p1a: Torchwood|Extreme Speed|p2b: Conclusion
|-damage|p2b: Conclusion|0 fnt
|faint|p2b: Conclusion
|-damage|p1a: Torchwood|87/100|[from] item: Life Orb
|cant|p1b: Smokescreen|recharge
|move|p2a: The End|Knock Off|p1a: Torchwood
|-damage|p1a: Torchwood|55/100
|-enditem|p1a: Torchwood|Life Orb|[from] move: Knock Off|[of] p2a: The End
|
|upkeep
|
|t:|1750812956
|switch|p2b: Final Chapter|Kommo-o, L50, F|100/100
|turn|3
|
|t:|1750813065
|switch|p1a: 5BIGBOOMS|Rillaboom, L50, F, shiny|100/100
|-fieldstart|move: Grassy Terrain|[from] ability: Grassy Surge|[of] p1a: 5BIGBOOMS
|-terastallize|p2a: The End|Ghost
|move|p1b: Smokescreen|Hyper Beam|p2a: The End
|-immune|p2a: The End
|move|p2b: Final Chapter|Aura Sphere|p1a: 5BIGBOOMS
|-damage|p1a: 5BIGBOOMS|61/100
|move|p2a: The End|Flare Blitz|p1b: Smokescreen
|-damage|p1b: Smokescreen|0 fnt
|faint|p1b: Smokescreen
|-damage|p2a: The End|98/100|[from] Recoil
|
|-heal|p1a: 5BIGBOOMS|67/100|[from] Grassy Terrain
|-heal|p2a: The End|100/100|[from] Grassy Terrain
|upkeep
|
|t:|1750813113
|switch|p1b: Allergies|Sneasler, L50, M, shiny|100/100
|turn|4
|
|t:|1750813232
|move|p1b: Allergies|Fake Out|p2b: Final Chapter
|-damage|p2b: Final Chapter|83/100
|cant|p2b: Final Chapter|flinch
|move|p1a: 5BIGBOOMS|Wood Hammer|p2a: The End
|-damage|p2a: The End|35/100
|-damage|p1a: 5BIGBOOMS|45/100|[from] Recoil
|move|p2a: The End|U-turn|p1a: 5BIGBOOMS
|-supereffective|p1a: 5BIGBOOMS
|-crit|p1a: 5BIGBOOMS
|-damage|p1a: 5BIGBOOMS|0 fnt
|faint|p1a: 5BIGBOOMS
|
|t:|1750813245
|switch|p2a: Finale|Volcarona, L50, F|100/100|[from] U-turn
|
|-heal|p2b: Final Chapter|89/100|[from] Grassy Terrain
|upkeep
|c|☆TheRealKaige|r/matteringcrits
|c|☆TheRealKaige|in the 11th hour
|
|t:|1750813256
|switch|p1a: Torchwood|Arcanine-Hisui, L50, M|55/100
|-ability|p1a: Torchwood|Intimidate|boost
|-unboost|p2a: Finale|atk|1
|-unboost|p2b: Final Chapter|atk|1
|turn|5
|c| Pankocrust|r/matteringcrits
|c|☆sadboygfx|im sorry that sucks
|c| Pankocrust|rears its ugly head one last time
|j| the octillion
|c| sparc99|think josh and i had like 6 crits
|c|☆TheRealKaige|lol no do not apologize it's the game we play
|c| sparc99|none of them r/mattered though
|c| sparc99|well maybe a few
|c|☆TheRealKaige|also I think Rilla easily couldve died without the crit cause of wood hammer recoil
|c| the octillion|thats one big boom (sad)
|l| the octillion
|
|t:|1750813488
|switch|p2a: The End|Incineroar, L50, M, tera:Ghost|35/100
|-ability|p2a: The End|Intimidate|boost
|-unboost|p1a: Torchwood|atk|1
|-unboost|p1b: Allergies|atk|1
|move|p1a: Torchwood|Protect|p1a: Torchwood
|-singleturn|p1a: Torchwood|Protect
|move|p1b: Allergies|Dire Claw|p2a: The End
|-resisted|p2a: The End
|-damage|p2a: The End|22/100
|move|p2b: Final Chapter|Aura Sphere|p1a: Torchwood
|-activate|p1a: Torchwood|move: Protect
|
|-heal|p1a: Torchwood|61/100|[from] Grassy Terrain
|-heal|p2b: Final Chapter|95/100|[from] Grassy Terrain
|-heal|p2a: The End|28/100|[from] Grassy Terrain
|upkeep
|turn|6
|
|t:|1750813538
|move|p2a: The End|Fake Out|p1b: Allergies
|-damage|p1b: Allergies|81/100
|cant|p1b: Allergies|flinch
|move|p1a: Torchwood|Will-O-Wisp|p2b: Final Chapter
|-status|p2b: Final Chapter|brn
|move|p2b: Final Chapter|Aura Sphere|p1a: Torchwood
|-supereffective|p1a: Torchwood
|-damage|p1a: Torchwood|0 fnt
|faint|p1a: Torchwood
|
|-heal|p1b: Allergies|87/100|[from] Grassy Terrain
|-heal|p2b: Final Chapter|100/100 brn|[from] Grassy Terrain
|-heal|p2a: The End|34/100|[from] Grassy Terrain
|-damage|p2b: Final Chapter|95/100 brn|[from] brn
|upkeep
|turn|7
|c|☆TheRealKaige|Really well prepped dude
|c|☆TheRealKaige|Like completely walled my main core 4 I bring
|
|t:|1750813574
|move|p1b: Allergies|Dire Claw|p2a: The End
|-resisted|p2a: The End
|-crit|p2a: The End
|-damage|p2a: The End|4/100
|move|p2b: Final Chapter|Aura Sphere|p1b: Allergies
|-resisted|p1b: Allergies
|-damage|p1b: Allergies|49/100
|move|p2a: The End|Flare Blitz|p1b: Allergies
|-damage|p1b: Allergies|0 fnt
|faint|p1b: Allergies
|-damage|p2a: The End|0 fnt|[from] Recoil
|faint|p2a: The End
|
|win|sadboygfx
|l| clumbucket
|c|☆sadboygfx|gg dude
|c|☆TheRealKaige|ggs!
|l| sparc99
