|j|☆Mameon
|j|☆willycoult
|t:|1750867788
|gametype|doubles
|player|p1|Mameon|red|1182
|player|p2|willycoult|crasherwake|1127
|teamsize|p1|6
|teamsize|p2|6
|gen|9
|tier|[Gen 9] VGC 2025 Reg I
|rated|
|rule|Species Clause: Limit one of each Pokémon
|rule|Item Clause: Limit 1 of each item
|clearpoke
|poke|p1|Calyrex-Ice, L50|
|poke|p1|Scraggy, L50, F|
|poke|p1|Miraidon, L50|
|poke|p1|Farigiraf, L50, M|
|poke|p1|Iron Treads, L50|
|poke|p1|Iron Hands, L50|
|poke|p2|Conkeldurr, L50, M|
|poke|p2|Lucario, L50, M|
|poke|p2|Ho-Oh, L50|
|poke|p2|Sableye, L50, M|
|poke|p2|Mewtwo, L50|
|poke|p2|Ariados, L50, F|
|teampreview|4
|inactive|Battle timer is ON: inactive players will automatically lose when time's up. (requested by Mameon)
|
|t:|1750867812
|start
|switch|p1a: Calyrex|Calyrex-Ice, L50|100/100
|switch|p1b: Scraggy|Scraggy, L50, F|100/100
|switch|p2a: Conkeldurr|Conkeldurr, L50, M|100/100
|switch|p2b: Ho-Oh|Ho-Oh, L50|100/100
|-ability|p1a: Calyrex|As One
|-ability|p1a: Calyrex|Unnerve
|-ability|p1b: Scraggy|Intimidate|boost
|-unboost|p2a: Conkeldurr|atk|1
|-unboost|p2b: Ho-Oh|atk|1
|turn|1
|inactive|Mameon has 30 seconds left.
|
|t:|1750867844
|move|p2a: Conkeldurr|Wide Guard|p2a: Conkeldurr
|-singleturn|p2a: Conkeldurr|Wide Guard
|move|p1b: Scraggy|Fake Out|p2b: Ho-Oh
|-damage|p2b: Ho-Oh|92/100
|cant|p2b: Ho-Oh|flinch
|move|p1a: Calyrex|Trick Room|p1a: Calyrex
|-fieldstart|move: Trick Room|[of] p1a: Calyrex
|
|upkeep
|turn|2
|
|t:|1750867866
|move|p1a: Calyrex|Protect|p1a: Calyrex
|-singleturn|p1a: Calyrex|Protect
|move|p2a: Conkeldurr|Wide Guard|p2a: Conkeldurr
|-singleturn|p2a: Conkeldurr|Wide Guard
|move|p1b: Scraggy|Coaching|p1a: Calyrex
|-boost|p1a: Calyrex|atk|1
|-boost|p1a: Calyrex|def|1
|-enditem|p2b: Ho-Oh|Mirror Herb
|-boost|p2b: Ho-Oh|atk|1|[from] item: Mirror Herb
|-boost|p2b: Ho-Oh|def|1|[from] item: Mirror Herb
|move|p2b: Ho-Oh|Sacred Fire|p1a: Calyrex
|-activate|p1a: Calyrex|move: Protect
|
|upkeep
|turn|3
|
|t:|1750867885
|-terastallize|p1a: Calyrex|Fire
|move|p2a: Conkeldurr|Wide Guard|p2a: Conkeldurr
|-singleturn|p2a: Conkeldurr|Wide Guard
|move|p1b: Scraggy|Foul Play|p2a: Conkeldurr
|-resisted|p2a: Conkeldurr
|-damage|p2a: Conkeldurr|83/100
|move|p1a: Calyrex|High Horsepower|p2a: Conkeldurr
|-damage|p2a: Conkeldurr|22/100
|move|p2b: Ho-Oh|Sacred Fire|p1a: Calyrex
|-resisted|p1a: Calyrex
|-damage|p1a: Calyrex|91/100
|
|upkeep
|turn|4
|
|t:|1750867903
|-terastallize|p2b: Ho-Oh|Ground
|move|p2a: Conkeldurr|Wide Guard|p2a: Conkeldurr
|-singleturn|p2a: Conkeldurr|Wide Guard
|move|p1b: Scraggy|Coaching|p1a: Calyrex
|-boost|p1a: Calyrex|atk|1
|-boost|p1a: Calyrex|def|1
|move|p1a: Calyrex|High Horsepower|p2a: Conkeldurr
|-damage|p2a: Conkeldurr|0 fnt
|faint|p2a: Conkeldurr
|-ability|p1a: Calyrex|Chilling Neigh|boost
|-boost|p1a: Calyrex|atk|1
|move|p2b: Ho-Oh|Earthquake|p1b: Scraggy|[spread] p1a,p1b
|-supereffective|p1a: Calyrex
|-crit|p1b: Scraggy
|-damage|p1a: Calyrex|70/100
|-damage|p1b: Scraggy|45/100
|
|upkeep
|
|t:|1750867921
|switch|p2a: Lucario|Lucario, L50, M|100/100
|turn|5
|
|t:|1750867930
|move|p2b: Ho-Oh|Protect|p2b: Ho-Oh
|-singleturn|p2b: Ho-Oh|Protect
|move|p1b: Scraggy|Endeavor|p2a: Lucario
|-damage|p2a: Lucario|36/100
|move|p1a: Calyrex|Glacial Lance|p2b: Ho-Oh|[spread] p2a
|-activate|p2b: Ho-Oh|move: Protect
|-resisted|p2a: Lucario
|-damage|p2a: Lucario|0 fnt
|faint|p2a: Lucario
|-ability|p1a: Calyrex|Chilling Neigh|boost
|-boost|p1a: Calyrex|atk|1
|
|-fieldend|move: Trick Room
|upkeep
|
|t:|1750867944
|switch|p2a: Mewtwo|Mewtwo, L50|100/100
|-ability|p2a: Mewtwo|Pressure
|turn|6
|
|t:|1750867962
|move|p2b: Ho-Oh|Sacred Fire|p1a: Calyrex
|-resisted|p1a: Calyrex
|-damage|p1a: Calyrex|63/100
|move|p1a: Calyrex|Glacial Lance|p2a: Mewtwo|[spread] p2a,p2b
|-supereffective|p2b: Ho-Oh
|-damage|p2a: Mewtwo|0 fnt
|-damage|p2b: Ho-Oh|0 fnt
|faint|p2a: Mewtwo
|faint|p2b: Ho-Oh
|
|win|Mameon
|raw|Mameon's rating: 1182 &rarr; <strong>1203</strong><br />(+21 for winning)
|raw|willycoult's rating: 1127 &rarr; <strong>1106</strong><br />(-21 for losing)
