|j|☆Scythedancer
|j|☆Frostb1te2025
|t:|1750877809
|gametype|doubles
|player|p1|Scythedancer|janitor|1595
|player|p2|Frostb1te2025|102|1517
|teamsize|p1|6
|teamsize|p2|6
|gen|9
|tier|[Gen 9] VGC 2025 Reg I
|rated|
|rule|Species Clause: Limit one of each Pokémon
|rule|Item Clause: Limit 1 of each item
|clearpoke
|poke|p1|Kyogre, L50|
|poke|p1|Incineroar, L50, F|
|poke|p1|Wo-Chien, L50|
|poke|p1|Sableye, L50, M|
|poke|p1|Maushold, L50|
|poke|p1|Calyrex-Shadow, L50|
|poke|p2|Calyrex-Ice, L50|
|poke|p2|Farigiraf, L50, F|
|poke|p2|Ursaluna-Bloodmoon, L50, M|
|poke|p2|Iron Valiant, L50|
|poke|p2|Miraidon, L50|
|poke|p2|Ogerpon-Wellspring, L50, F|
|teampreview|4
|inactive|Battle timer is ON: inactive players will automatically lose when time's up. (requested by Frostb1te2025)
|j| bandedflutter2
|inactive|Scythedancer has 60 seconds left.
|inactive|Frostb1te2025 has 60 seconds left.
|
|t:|1750877842
|start
|switch|p1a: Maushold|Maushold, L50|100/100
|switch|p1b: Calyrex|Calyrex-Shadow, L50|100/100
|switch|p2a: Iron Valiant|Iron Valiant, L50|100/100
|switch|p2b: Miraidon|Miraidon, L50|100/100
|-ability|p1b: Calyrex|As One
|-ability|p1b: Calyrex|Unnerve
|-fieldstart|move: Electric Terrain|[from] ability: Hadron Engine|[of] p2b: Miraidon
|-activate|p2a: Iron Valiant|ability: Quark Drive
|-start|p2a: Iron Valiant|quarkdrivespe
|turn|1
|
|t:|1750877854
|move|p1a: Maushold|Feint|p2a: Iron Valiant
|-damage|p2a: Iron Valiant|91/100
|move|p2a: Iron Valiant|Spirit Break|p1b: Calyrex
|-damage|p1b: Calyrex|73/100
|-unboost|p1b: Calyrex|spa|1
|move|p1b: Calyrex|Astral Barrage|p2a: Iron Valiant|[spread] p2a,p2b
|-crit|p2a: Iron Valiant
|-damage|p2a: Iron Valiant|0 fnt
|-damage|p2b: Miraidon|52/100
|faint|p2a: Iron Valiant
|-end|p2a: Iron Valiant|Quark Drive|[silent]
|-ability|p1b: Calyrex|Grim Neigh|boost
|-boost|p1b: Calyrex|spa|1
|move|p2b: Miraidon|Volt Switch|p1b: Calyrex
|-crit|p1b: Calyrex
|-damage|p1b: Calyrex|0 fnt
|faint|p1b: Calyrex
|j| elwafle
|
|t:|1750877869
|switch|p2b: Ogerpon|Ogerpon-Wellspring, L50, F|100/100|[from] Volt Switch
|
|upkeep
|
|t:|1750877873
|switch|p1b: Kyogre|Kyogre, L50|100/100
|switch|p2a: Miraidon|Miraidon, L50|52/100
|-activate|p2a: Miraidon|ability: Hadron Engine
|-weather|RainDance|[from] ability: Drizzle|[of] p1b: Kyogre
|turn|2
|inactive|Frostb1te2025 has 30 seconds left.
|
|t:|1750877904
|-terastallize|p1b: Kyogre|Grass
|move|p1a: Maushold|Helping Hand|p1b: Kyogre
|-singleturn|p1b: Kyogre|Helping Hand|[of] p1a: Maushold
|move|p2a: Miraidon|Volt Switch|p1b: Kyogre
|-resisted|p1b: Kyogre
|-damage|p1b: Kyogre|85/100
|
|t:|1750877911
|switch|p2a: Ursaluna|Ursaluna-Bloodmoon, L50, M|100/100|[from] Volt Switch
|move|p2b: Ogerpon|Horn Leech|p1b: Kyogre
|-resisted|p1b: Kyogre
|-crit|p1b: Kyogre
|-damage|p1b: Kyogre|66/100
|move|p1b: Kyogre|Water Spout|p2b: Ogerpon|[spread] p2a
|-immune|p2b: Ogerpon|[from] ability: Water Absorb
|-supereffective|p2a: Ursaluna
|-damage|p2a: Ursaluna|0 fnt
|faint|p2a: Ursaluna
|
|-weather|RainDance|[upkeep]
|upkeep
|
|t:|1750877920
|switch|p2a: Miraidon|Miraidon, L50|52/100
|-activate|p2a: Miraidon|ability: Hadron Engine
|turn|3
|
|t:|1750877930
|-terastallize|p2a: Miraidon|Fairy
|move|p1a: Maushold|Follow Me|p1a: Maushold
|-singleturn|p1a: Maushold|move: Follow Me
|move|p2a: Miraidon|Dazzling Gleam|p1b: Kyogre|[spread] p1a,p1b
|-damage|p1a: Maushold|22/100
|-damage|p1b: Kyogre|46/100
|move|p2b: Ogerpon|Ivy Cudgel|p1a: Maushold|[anim] Ivy Cudgel Water
|-damage|p1a: Maushold|0 fnt
|faint|p1a: Maushold
|move|p1b: Kyogre|Ice Beam|p2a: Miraidon
|-damage|p2a: Miraidon|19/100
|
|-weather|RainDance|[upkeep]
|upkeep
|
|t:|1750877933
|switch|p1a: Incineroar|Incineroar, L50, F|100/100
|-ability|p1a: Incineroar|Intimidate|boost
|-unboost|p2a: Miraidon|atk|1
|-unboost|p2b: Ogerpon|atk|1
|turn|4
|
|t:|1750877951
|move|p1a: Incineroar|Fake Out|p2a: Miraidon
|-damage|p2a: Miraidon|9/100
|cant|p2a: Miraidon|flinch
|move|p2b: Ogerpon|Ivy Cudgel|p1a: Incineroar|[anim] Ivy Cudgel Water
|-supereffective|p1a: Incineroar
|-damage|p1a: Incineroar|0 fnt
|faint|p1a: Incineroar
|move|p1b: Kyogre|Water Spout|p2a: Miraidon|[spread] p2a
|-immune|p2b: Ogerpon|[from] ability: Water Absorb
|-damage|p2a: Miraidon|0 fnt
|faint|p2a: Miraidon
|
|-weather|RainDance|[upkeep]
|upkeep
|turn|5
|
|t:|1750877961
|move|p2b: Ogerpon|Ivy Cudgel|p1b: Kyogre|[anim] Ivy Cudgel Water
|-resisted|p1b: Kyogre
|-damage|p1b: Kyogre|23/100
|move|p1b: Kyogre|Thunder|p2b: Ogerpon
|-damage|p2b: Ogerpon|45/100
|
|-weather|RainDance|[upkeep]
|-fieldend|move: Electric Terrain
|upkeep
|turn|6
|
|t:|1750877970
|move|p2b: Ogerpon|Ivy Cudgel|p1b: Kyogre|[anim] Ivy Cudgel Water
|-resisted|p1b: Kyogre
|-damage|p1b: Kyogre|0 fnt
|faint|p1b: Kyogre
|
|win|Frostb1te2025
|raw|Scythedancer's rating: 1595 &rarr; <strong>1571</strong><br />(-24 for losing)
|raw|Frostb1te2025's rating: 1517 &rarr; <strong>1541</strong><br />(+24 for winning)
|l|☆Scythedancer
|player|p1|
|l| elwafle
|l| bandedflutter2
|l|☆Frostb1te2025
|player|p2|
