|j|☆Draco Distorted
|j|‽Regulation Eye
|t:|1750720819
|gametype|doubles
|player|p1|Draco Distorted|hugh|1298
|player|p2|Regulation Eye|twins-gen4dp|1246
|teamsize|p1|6
|teamsize|p2|6
|gen|9
|tier|[Gen 9] VGC 2025 Reg I
|rated|
|rule|Species Clause: Limit one of each Pokémon
|rule|Item Clause: Limit 1 of each item
|clearpoke
|poke|p1|Miraidon, L50|
|poke|p1|Iron Hands, L50|
|poke|p1|Koraidon, L50|
|poke|p1|Flutter Mane, L50|
|poke|p1|Chi-Yu, L50|
|poke|p1|Farigiraf, L50, F|
|poke|p2|Calyrex-Ice, L50|
|poke|p2|Miraidon, L50|
|poke|p2|Volcarona, L50, F|
|poke|p2|Incineroar, L50, M|
|poke|p2|Whimsicott, L50, F|
|poke|p2|Urshifu-*, L50, F|
|teampreview|4
|inactive|Battle timer is ON: inactive players will automatically lose when time's up. (requested by Regulation Eye)
|
|t:|1750720840
|start
|switch|p1a: Fade|Flutter Mane, L50|100/100
|switch|p1b: FEEESH|Chi-Yu, L50|100/100
|switch|p2a: Calyrex|Calyrex-Ice, L50|100/100
|switch|p2b: Whimsicott|Whimsicott, L50, F|100/100
|-ability|p2a: Calyrex|As One
|-ability|p2a: Calyrex|Unnerve
|-ability|p1b: FEEESH|Beads of Ruin
|-enditem|p1a: Fade|Booster Energy
|-activate|p1a: Fade|ability: Protosynthesis|[fromitem]
|-start|p1a: Fade|protosynthesisspe
|turn|1
|
|t:|1750720856
|switch|p1b: Steven|Iron Hands, L50|100/100
|-terastallize|p2a: Calyrex|Water
|move|p2b: Whimsicott|Tailwind|p2b: Whimsicott
|-sidestart|p2: Regulation Eye|move: Tailwind
|move|p1a: Fade|Shadow Ball|p2a: Calyrex
|-damage|p2a: Calyrex|73/100
|move|p2a: Calyrex|High Horsepower|p1b: Steven
|-supereffective|p1b: Steven
|-damage|p1b: Steven|54/100
|
|upkeep
|turn|2
|
|t:|1750720879
|switch|p2b: Volcarona|Volcarona, L50, F|100/100
|move|p1b: Steven|Fake Out|p2a: Calyrex
|-damage|p2a: Calyrex|62/100
|move|p1a: Fade|Icy Wind|p2b: Volcarona|[spread] p2a,p2b
|-resisted|p2a: Calyrex
|-resisted|p2b: Volcarona
|-damage|p2a: Calyrex|57/100
|-damage|p2b: Volcarona|96/100
|-unboost|p2b: Volcarona|spe|1
|cant|p2a: Calyrex|flinch
|
|upkeep
|turn|3
|
|t:|1750720895
|move|p1a: Fade|Icy Wind|p2a: Calyrex|[spread] p2a,p2b
|-resisted|p2a: Calyrex
|-resisted|p2b: Volcarona
|-damage|p2a: Calyrex|52/100
|-damage|p2b: Volcarona|91/100
|-unboost|p2b: Volcarona|spe|1
|move|p2a: Calyrex|Glacial Lance|p1a: Fade|[spread] p1a,p1b
|-damage|p1a: Fade|36/100
|-damage|p1b: Steven|23/100
|move|p2b: Volcarona|Fiery Dance|p1a: Fade
|-damage|p1a: Fade|4/100
|-boost|p2b: Volcarona|spa|1
|move|p1b: Steven|Wild Charge|p2a: Calyrex
|-supereffective|p2a: Calyrex
|-damage|p2a: Calyrex|0 fnt
|faint|p2a: Calyrex
|-damage|p1b: Steven|13/100|[from] Recoil
|
|upkeep
|
|t:|1750720912
|switch|p2a: Miraidon|Miraidon, L50|100/100
|-fieldstart|move: Electric Terrain|[from] ability: Hadron Engine|[of] p2a: Miraidon
|-enditem|p2b: Volcarona|Electric Seed
|-boost|p2b: Volcarona|def|1|[from] item: Electric Seed
|-activate|p1b: Steven|ability: Quark Drive
|-start|p1b: Steven|quarkdriveatk
|turn|4
|inactive|Regulation Eye has 30 seconds left.
|
|t:|1750720937
|move|p1a: Fade|Protect|p1a: Fade
|-singleturn|p1a: Fade|Protect
|move|p2a: Miraidon|Dazzling Gleam|p1b: Steven|[spread] p1b
|-activate|p1a: Fade|move: Protect
|-supereffective|p1b: Steven
|-damage|p1b: Steven|0 fnt
|faint|p1b: Steven
|-end|p1b: Steven|Quark Drive|[silent]
|move|p2b: Volcarona|Fiery Dance|p1a: Fade
|-activate|p1a: Fade|move: Protect
|
|-sideend|p2: Regulation Eye|move: Tailwind
|upkeep
|
|t:|1750720945
|switch|p1b: Primal|Koraidon, L50|100/100
|-weather|SunnyDay|[from] ability: Orichalcum Pulse|[of] p1b: Primal
|-activate|p1b: Primal|Orichalcum Pulse|[source]
|turn|5
|
|t:|1750720960
|-terastallize|p1b: Primal|Fire
|move|p2b: Volcarona|Rage Powder|p2b: Volcarona
|-singleturn|p2b: Volcarona|move: Rage Powder
|move|p1a: Fade|Icy Wind|p2a: Miraidon|[spread] p2a,p2b
|-supereffective|p2a: Miraidon
|-resisted|p2b: Volcarona
|-damage|p2a: Miraidon|79/100
|-damage|p2b: Volcarona|85/100
|-unboost|p2a: Miraidon|spe|1
|-unboost|p2b: Volcarona|spe|1
|move|p1b: Primal|Flare Blitz|p2b: Volcarona
|-damage|p2b: Volcarona|0 fnt
|faint|p2b: Volcarona
|-damage|p1b: Primal|70/100|[from] Recoil
|-damage|p1b: Primal|60/100|[from] item: Life Orb
|move|p2a: Miraidon|Dazzling Gleam|p1a: Fade|[spread] p1a,p1b
|-resisted|p1b: Primal
|-damage|p1a: Fade|0 fnt
|-damage|p1b: Primal|40/100
|faint|p1a: Fade
|-end|p1a: Fade|Protosynthesis|[silent]
|
|-weather|SunnyDay|[upkeep]
|upkeep
|
|t:|1750720975
|switch|p1a: FEEESH|Chi-Yu, L50|100/100
|switch|p2b: Whimsicott|Whimsicott, L50, F|100/100
|-ability|p1a: FEEESH|Beads of Ruin
|turn|6
|
|t:|1750720986
|move|p1b: Primal|Protect|p1b: Primal
|-singleturn|p1b: Primal|Protect
|move|p2b: Whimsicott|Tailwind|p2b: Whimsicott
|-sidestart|p2: Regulation Eye|move: Tailwind
|move|p2a: Miraidon|Dazzling Gleam|p1a: FEEESH|[spread] p1a
|-activate|p1b: Primal|move: Protect
|-damage|p1a: FEEESH|54/100
|move|p1a: FEEESH|Snarl|p2a: Miraidon|[spread] p2a,p2b
|-resisted|p2b: Whimsicott
|-damage|p2a: Miraidon|54/100
|-damage|p2b: Whimsicott|73/100
|-unboost|p2a: Miraidon|spa|1
|-unboost|p2b: Whimsicott|spa|1
|
|-weather|SunnyDay|[upkeep]
|upkeep
|turn|7
|
|t:|1750721008
|move|p2b: Whimsicott|Encore|p1b: Primal
|-start|p1b: Primal|Encore
|move|p2a: Miraidon|Dazzling Gleam|p1a: FEEESH|[spread] p1a,p1b
|-resisted|p1b: Primal
|-damage|p1a: FEEESH|25/100
|-damage|p1b: Primal|22/100
|move|p1b: Primal|Protect|p1b: Primal
|-singleturn|p1b: Primal|Protect
|move|p1a: FEEESH|Heat Wave|p2b: Whimsicott|[spread] p2a,p2b
|-resisted|p2a: Miraidon
|-supereffective|p2b: Whimsicott
|-damage|p2a: Miraidon|22/100
|-damage|p2b: Whimsicott|0 fnt
|faint|p2b: Whimsicott
|
|-weather|SunnyDay|[upkeep]
|upkeep
|turn|8
|
|t:|1750721021
|move|p1b: Primal|Protect||[still]
|-fail|p1b: Primal
|move|p2a: Miraidon|Dazzling Gleam|p1b: Primal|[spread] p1a,p1b
|-resisted|p1b: Primal
|-damage|p1a: FEEESH|0 fnt
|-damage|p1b: Primal|2/100
|faint|p1a: FEEESH
|
|-weather|SunnyDay|[upkeep]
|-fieldend|move: Electric Terrain
|upkeep
|turn|9
|
|t:|1750721027
|move|p1b: Primal|Protect|p1b: Primal
|-singleturn|p1b: Primal|Protect
|move|p2a: Miraidon|Dazzling Gleam|p1b: Primal
|-activate|p1b: Primal|move: Protect
|
|-weather|none
|-end|p1b: Primal|Encore
|-sideend|p2: Regulation Eye|move: Tailwind
|upkeep
|turn|10
|
|t:|1750721038
|move|p1b: Primal|Close Combat|p2a: Miraidon
|-damage|p2a: Miraidon|0 fnt
|-unboost|p1b: Primal|def|1
|-unboost|p1b: Primal|spd|1
|faint|p2a: Miraidon
|-damage|p1b: Primal|0 fnt|[from] item: Life Orb
|faint|p1b: Primal
|
|win|Draco Distorted
|raw|Draco Distorted's rating: 1298 &rarr; <strong>1319</strong><br />(+21 for winning)
|raw|Regulation Eye's rating: 1246 &rarr; <strong>1225</strong><br />(-21 for losing)
