|j|☆InekoAki
|j|☆seemeier
|t:|1750782097
|gametype|doubles
|player|p1|InekoAki|lady|1604
|player|p2|seemeier|169|1688
|teamsize|p1|6
|teamsize|p2|6
|gen|9
|tier|[Gen 9] VGC 2025 Reg I
|rated|
|rule|Species Clause: Limit one of each Pokémon
|rule|Item Clause: Limit 1 of each item
|clearpoke
|poke|p1|Calyrex-Shadow, L50|
|poke|p1|Zamazenta-*, L50|
|poke|p1|Chien-Pao, L50|
|poke|p1|Raging Bolt, L50|
|poke|p1|Rillaboom, L50, M|
|poke|p1|Entei, L50|
|poke|p2|Scizor, L50, F|
|poke|p2|Roaring Moon, L50|
|poke|p2|Okidogi, L50, M|
|poke|p2|Indeedee-F, L50, F|
|poke|p2|Lunala, L50|
|poke|p2|Kyurem-Black, L50|
|teampreview|4
|inactive|Battle timer is ON: inactive players will automatically lose when time's up. (requested by seemeier)
|inactive|InekoAki has 60 seconds left.
|inactive|seemeier has 60 seconds left.
|
|t:|1750782156
|start
|switch|p1a: Calyrex|Calyrex-Shadow, L50|100/100
|switch|p1b: Zamazenta|Zamazenta-Crowned, L50|100/100
|switch|p2a: Indeedee|Indeedee-F, L50, F|100/100
|switch|p2b: Lunala|Lunala, L50|100/100
|-ability|p1a: Calyrex|As One
|-ability|p1a: Calyrex|Unnerve
|-ability|p1b: Zamazenta|Dauntless Shield|boost
|-boost|p1b: Zamazenta|def|1
|-fieldstart|move: Psychic Terrain|[from] ability: Psychic Surge|[of] p2a: Indeedee
|-enditem|p2a: Indeedee|Psychic Seed
|-boost|p2a: Indeedee|spd|1|[from] item: Psychic Seed
|turn|1
|inactive|InekoAki has 30 seconds left.
|inactive|InekoAki has 20 seconds left.
|inactive|InekoAki has 15 seconds left.
|inactive|InekoAki has 10 seconds left.
|
|t:|1750782203
|-terastallize|p2b: Lunala|Water
|move|p1a: Calyrex|Astral Barrage|p2b: Lunala|[spread] p2b
|-immune|p2a: Indeedee
|-damage|p2b: Lunala|81/100
|move|p1b: Zamazenta|Body Press|p2a: Indeedee
|-damage|p2a: Indeedee|38/100
|move|p2b: Lunala|Meteor Beam||[still]
|-prepare|p2b: Lunala|Meteor Beam
|-boost|p2b: Lunala|spa|1
|-enditem|p2b: Lunala|Power Herb
|-anim|p2b: Lunala|Meteor Beam|p1a: Calyrex
|-damage|p1a: Calyrex|30/100
|move|p2a: Indeedee|Trick Room|p2a: Indeedee
|-fieldstart|move: Trick Room|[of] p2a: Indeedee
|
|upkeep
|turn|2
|inactive|InekoAki has 30 seconds left.
|inactive|InekoAki has 20 seconds left.
|
|t:|1750782239
|move|p1a: Calyrex|Protect|p1a: Calyrex
|-singleturn|p1a: Calyrex|Protect
|move|p2a: Indeedee|Psychic|p1b: Zamazenta
|-damage|p1b: Zamazenta|72/100
|move|p2b: Lunala|Moongeist Beam|p1b: Zamazenta
|-crit|p1b: Zamazenta
|-damage|p1b: Zamazenta|0 fnt
|faint|p1b: Zamazenta
|
|upkeep
|
|t:|1750782259
|switch|p1b: Entei|Entei, L50|100/100
|turn|3
|
|t:|1750782280
|switch|p1a: Chien-Pao|Chien-Pao, L50|100/100
|-ability|p1a: Chien-Pao|Sword of Ruin
|move|p2a: Indeedee|Helping Hand|p2b: Lunala
|-singleturn|p2b: Lunala|Helping Hand|[of] p2a: Indeedee
|move|p2b: Lunala|Expanding Force|p1a: Chien-Pao|[spread] p1b
|-immune|p1a: Chien-Pao
|-damage|p1b: Entei|0 fnt
|faint|p1b: Entei
|
|upkeep
|inactive|InekoAki has 30 seconds left.
|
|t:|1750782309
|switch|p1b: Calyrex|Calyrex-Shadow, L50|30/100
|-ability|p1b: Calyrex|As One
|-ability|p1b: Calyrex|Unnerve
|turn|4
|
|t:|1750782316
|move|p1a: Chien-Pao|Protect|p1a: Chien-Pao
|-singleturn|p1a: Chien-Pao|Protect
|move|p1b: Calyrex|Protect|p1b: Calyrex
|-singleturn|p1b: Calyrex|Protect
|move|p2a: Indeedee|Follow Me|p2a: Indeedee
|-singleturn|p2a: Indeedee|move: Follow Me
|move|p2b: Lunala|Expanding Force|p1b: Calyrex|[spread] 
|-activate|p1a: Chien-Pao|move: Protect
|-activate|p1b: Calyrex|move: Protect
|
|upkeep
|turn|5
|j| falafel hunk chunk
|
|t:|1750782339
|move|p1a: Chien-Pao|Protect||[still]
|-fail|p1a: Chien-Pao
|move|p1b: Calyrex|Protect||[still]
|-fail|p1b: Calyrex
|move|p2a: Indeedee|Follow Me|p2a: Indeedee
|-singleturn|p2a: Indeedee|move: Follow Me
|move|p2b: Lunala|Expanding Force|p1b: Calyrex|[spread] p1b
|-immune|p1a: Chien-Pao
|-resisted|p1b: Calyrex
|-crit|p1b: Calyrex
|-damage|p1b: Calyrex|0 fnt
|faint|p1b: Calyrex
|
|-fieldend|move: Trick Room
|-fieldend|move: Psychic Terrain
|upkeep
|turn|6
|
|t:|1750782359
|-terastallize|p1a: Chien-Pao|Stellar
|move|p2a: Indeedee|Follow Me|p2a: Indeedee
|-singleturn|p2a: Indeedee|move: Follow Me
|move|p1a: Chien-Pao|Crunch|p2a: Indeedee
|-supereffective|p2a: Indeedee
|-damage|p2a: Indeedee|0 fnt
|faint|p2a: Indeedee
|-damage|p1a: Chien-Pao|91/100|[from] item: Life Orb
|move|p2b: Lunala|Moongeist Beam|p1a: Chien-Pao
|-resisted|p1a: Chien-Pao
|-damage|p1a: Chien-Pao|33/100
|
|upkeep
|
|t:|1750782373
|switch|p2a: Okidogi|Okidogi, L50, M|100/100
|turn|7
|
|t:|1750782377
|move|p1a: Chien-Pao|Protect|p1a: Chien-Pao
|-singleturn|p1a: Chien-Pao|Protect
|move|p2b: Lunala|Moongeist Beam|p1a: Chien-Pao
|-activate|p1a: Chien-Pao|move: Protect
|move|p2a: Okidogi|Drain Punch|p1a: Chien-Pao
|-activate|p1a: Chien-Pao|move: Protect
|
|upkeep
|turn|8
|
|t:|1750782392
|move|p1a: Chien-Pao|Sucker Punch|p2b: Lunala
|-damage|p2b: Lunala|30/100
|-damage|p1a: Chien-Pao|24/100|[from] item: Life Orb
|move|p2b: Lunala|Moongeist Beam|p1a: Chien-Pao
|-resisted|p1a: Chien-Pao
|-damage|p1a: Chien-Pao|0 fnt
|faint|p1a: Chien-Pao
|
|win|seemeier
|raw|InekoAki's rating: 1604 &rarr; <strong>1589</strong><br />(-15 for losing)
|raw|seemeier's rating: 1688 &rarr; <strong>1703</strong><br />(+15 for winning)
|l|☆seemeier
|player|p2|
|l| falafel hunk chunk
|l|☆InekoAki
|player|p1|
|j|☆InekoAki
|player|p1|InekoAki|lady|
