|j|☆Cloud Uwu
|j|☆nonono_02
|t:|1750872302
|gametype|doubles
|player|p1|Cloud Uwu|parasollady|1320
|player|p2|nonono_02|265|1312
|teamsize|p1|6
|teamsize|p2|6
|gen|9
|tier|[Gen 9] VGC 2025 Reg I
|rated|
|rule|Species Clause: Limit one of each Pokémon
|rule|Item Clause: Limit 1 of each item
|clearpoke
|poke|p1|Terapagos, L50, M|
|poke|p1|Kyogre, L50|
|poke|p1|Tsareena, L50, F|
|poke|p1|Talonflame, L50, F|
|poke|p1|Clefairy, L50, F|
|poke|p1|Smeargle, L50, F|
|poke|p2|Calyrex-Ice, L50|
|poke|p2|Koraidon, L50|
|poke|p2|Scraggy, L50, M|
|poke|p2|Brute Bonnet, L50|
|poke|p2|Raging Bolt, L50|
|poke|p2|Chi-Yu, L50|
|teampreview|4
|inactive|Battle timer is ON: inactive players will automatically lose when time's up. (requested by nonono_02)
|
|t:|1750872320
|start
|switch|p1a: Paige|Terapagos, L50, M|100/100
|switch|p1b: Frida|Smeargle, L50, F, shiny|100/100
|switch|p2a: Koraidon|Koraidon, L50|100/100
|switch|p2b: Chi-Yu|Chi-Yu, L50|100/100
|-activate|p1a: Paige|ability: Tera Shift
|detailschange|p1a: Paige|Terapagos-Terastal, L50, M
|-heal|p1a: Paige|100/100|[silent]
|-ability|p2b: Chi-Yu|Beads of Ruin
|-weather|SunnyDay|[from] ability: Orichalcum Pulse|[of] p2a: Koraidon
|-activate|p2a: Koraidon|Orichalcum Pulse|[source]
|turn|1
|
|t:|1750872344
|-terastallize|p1a: Paige|Stellar
|detailschange|p1a: Paige|Terapagos-Stellar, L50, M, tera:Stellar
|-heal|p1a: Paige|100/100|[silent]
|-ability|p1a: Paige|Teraform Zero
|-weather|none
|move|p1b: Frida|Fake Out|p2a: Koraidon
|-damage|p2a: Koraidon|95/100
|move|p2b: Chi-Yu|Snarl|p1b: Frida|[spread] p1a,p1b
|-damage|p1a: Paige|83/100
|-damage|p1b: Frida|45/100
|-unboost|p1a: Paige|spa|1
|-unboost|p1b: Frida|spa|1
|cant|p2a: Koraidon|flinch
|move|p1a: Paige|Calm Mind|p1a: Paige
|-boost|p1a: Paige|spa|1
|-boost|p1a: Paige|spd|1
|
|-heal|p1a: Paige|89/100|[from] item: Leftovers
|upkeep
|turn|2
|
|t:|1750872367
|-terastallize|p2a: Koraidon|Fire
|move|p2b: Chi-Yu|Snarl|p1b: Frida|[spread] p1a,p1b
|-damage|p1a: Paige|77/100
|-damage|p1b: Frida|0 fnt
|-unboost|p1a: Paige|spa|1
|faint|p1b: Frida
|move|p2a: Koraidon|Close Combat|p1a: Paige
|-supereffective|p1a: Paige
|-damage|p1a: Paige|0 fnt
|-unboost|p2a: Koraidon|def|1
|-unboost|p2a: Koraidon|spd|1
|faint|p1a: Paige
|detailschange|p1: Paige|Terapagos, L50, M|[silent]
|-damage|p2a: Koraidon|86/100|[from] item: Life Orb
|
|upkeep
|
|t:|1750872376
|switch|p1b: Reneé|Tsareena, L50, F, shiny|100/100
|switch|p1a: Submotherine|Kyogre, L50|100/100
|-weather|RainDance|[from] ability: Drizzle|[of] p1a: Submotherine
|turn|3
|
|t:|1750872395
|move|p2b: Chi-Yu|Snarl|p1a: Submotherine|[spread] p1a
|-miss|p2b: Chi-Yu|p1b: Reneé
|-damage|p1a: Submotherine|78/100
|-unboost|p1a: Submotherine|spa|1
|move|p2a: Koraidon|Flare Blitz|p1b: Reneé
|-supereffective|p1b: Reneé
|-damage|p1b: Reneé|6/100
|-damage|p2a: Koraidon|57/100|[from] Recoil
|-damage|p2a: Koraidon|48/100|[from] item: Life Orb
|move|p1a: Submotherine|Origin Pulse|p2a: Koraidon|[spread] p2a,p2b
|-supereffective|p2a: Koraidon
|-supereffective|p2b: Chi-Yu
|-damage|p2a: Koraidon|0 fnt
|-damage|p2b: Chi-Yu|0 fnt
|faint|p2a: Koraidon
|faint|p2b: Chi-Yu
|move|p1b: Reneé|Play Rough|p2: Koraidon|[notarget]
|-fail|p1b: Reneé
|
|-weather|RainDance|[upkeep]
|upkeep
|
|t:|1750872403
|switch|p2a: Scraggy|Scraggy, L50, M, shiny|100/100
|switch|p2b: Calyrex|Calyrex-Ice, L50|100/100
|-ability|p2b: Calyrex|As One
|-ability|p2b: Calyrex|Unnerve
|-ability|p2a: Scraggy|Intimidate|boost
|-unboost|p1a: Submotherine|atk|1
|-unboost|p1b: Reneé|atk|1
|turn|4
|
|t:|1750872419
|move|p1a: Submotherine|Origin Pulse|p2a: Scraggy|[spread] p2a,p2b
|-damage|p2a: Scraggy|45/100
|-damage|p2b: Calyrex|64/100
|move|p1b: Reneé|Play Rough|p2a: Scraggy
|-supereffective|p2a: Scraggy
|-damage|p2a: Scraggy|0 fnt
|faint|p2a: Scraggy
|move|p2b: Calyrex|Trick Room|p2b: Calyrex
|-fieldstart|move: Trick Room|[of] p2b: Calyrex
|
|-weather|RainDance|[upkeep]
|upkeep
|turn|5
|
|t:|1750872433
|move|p2b: Calyrex|Glacial Lance|p1b: Reneé|[spread] p1a,p1b
|-resisted|p1a: Submotherine
|-supereffective|p1b: Reneé
|-damage|p1a: Submotherine|44/100
|-damage|p1b: Reneé|0 fnt
|faint|p1b: Reneé
|-ability|p2b: Calyrex|Chilling Neigh|boost
|-boost|p2b: Calyrex|atk|1
|move|p1a: Submotherine|Origin Pulse|p2b: Calyrex|[miss]
|-miss|p1a: Submotherine|p2b: Calyrex
|
|-weather|RainDance|[upkeep]
|upkeep
|turn|6
|
|t:|1750872442
|move|p1a: Submotherine|Protect|p1a: Submotherine
|-singleturn|p1a: Submotherine|Protect
|move|p2b: Calyrex|High Horsepower|p1a: Submotherine
|-activate|p1a: Submotherine|move: Protect
|
|-weather|RainDance|[upkeep]
|upkeep
|turn|7
|
|t:|1750872454
|move|p2b: Calyrex|High Horsepower|p1a: Submotherine
|-damage|p1a: Submotherine|0 fnt
|faint|p1a: Submotherine
|
|win|nonono_02
|raw|Cloud Uwu's rating: 1320 &rarr; <strong>1300</strong><br />(-20 for losing)
|raw|nonono_02's rating: 1312 &rarr; <strong>1332</strong><br />(+20 for winning)
