|j|☆crayons_7110
|j|☆LaceParius1
|t:|1750799394
|gametype|doubles
|player|p1|crayons_7110|2|1466
|player|p2|LaceParius1|102|1365
|teamsize|p1|6
|teamsize|p2|6
|gen|9
|tier|[Gen 9] VGC 2025 Reg I
|rated|
|rule|Species Clause: Limit one of each Pokémon
|rule|Item Clause: Limit 1 of each item
|clearpoke
|poke|p1|Kyogre, L50|
|poke|p1|Zacian-*, L50|
|poke|p1|Amoonguss, L50, F|
|poke|p1|Incineroar, L50, M|
|poke|p1|Urshifu-*, L50, M|
|poke|p1|Farigiraf, L50, F|
|poke|p2|Zamazenta-*, L50|
|poke|p2|Calyrex-Shadow, L50|
|poke|p2|Incineroar, L50, M|
|poke|p2|Garchomp, L50, M|
|poke|p2|Tornadus, L50, M|
|poke|p2|Porygon2, L50|
|teampreview|4
|inactive|Battle timer is ON: inactive players will automatically lose when time's up. (requested by crayons_7110)
|inactive|crayons_7110 has 60 seconds left.
|
|t:|1750799439
|start
|switch|p1a: Amoonguss|Amoonguss, L50, F|100/100
|switch|p1b: Incineroar|Incineroar, L50, M|100/100
|switch|p2a: Incineroar|Incineroar, L50, M|100/100
|switch|p2b: Porygon2|Porygon2, L50|100/100
|-ability|p1b: Incineroar|Intimidate|boost
|-unboost|p2a: Incineroar|atk|1
|-unboost|p2b: Porygon2|atk|1
|-ability|p2a: Incineroar|Intimidate|boost
|-unboost|p1a: Amoonguss|atk|1
|-unboost|p1b: Incineroar|atk|1
|turn|1
|
|t:|1750799460
|move|p1b: Incineroar|Fake Out|p2a: Incineroar
|-damage|p2a: Incineroar|94/100
|cant|p2a: Incineroar|flinch
|move|p2b: Porygon2|Icy Wind|p1a: Amoonguss|[spread] p1a,p1b
|-supereffective|p1a: Amoonguss
|-resisted|p1b: Incineroar
|-damage|p1a: Amoonguss|82/100
|-damage|p1b: Incineroar|96/100
|-unboost|p1a: Amoonguss|spe|1
|-unboost|p1b: Incineroar|spe|1
|move|p1a: Amoonguss|Spore|p2b: Porygon2
|-status|p2b: Porygon2|slp|[from] move: Spore
|
|upkeep
|turn|2
|inactive|crayons_7110 has 30 seconds left.
|
|t:|1750799485
|move|p2a: Incineroar|Knock Off|p1a: Amoonguss
|-damage|p1a: Amoonguss|64/100
|-enditem|p1a: Amoonguss|Mental Herb|[from] move: Knock Off|[of] p2a: Incineroar
|cant|p2b: Porygon2|slp
|move|p1b: Incineroar|Parting Shot|p2b: Porygon2
|-unboost|p2b: Porygon2|atk|1
|-unboost|p2b: Porygon2|spa|1
|
|t:|1750799492
|switch|p1b: Kyogre|Kyogre, L50|100/100|[from] Parting Shot
|-weather|RainDance|[from] ability: Drizzle|[of] p1b: Kyogre
|move|p1a: Amoonguss|Pollen Puff|p2a: Incineroar
|-damage|p2a: Incineroar|82/100
|
|-weather|RainDance|[upkeep]
|upkeep
|turn|3
|
|t:|1750799504
|switch|p1a: Incineroar|Incineroar, L50, M|96/100
|-ability|p1a: Incineroar|Intimidate|boost
|-unboost|p2a: Incineroar|atk|1
|-unboost|p2b: Porygon2|atk|1
|move|p2a: Incineroar|Protect|p2a: Incineroar
|-singleturn|p2a: Incineroar|Protect
|move|p1b: Kyogre|Water Spout|p2a: Incineroar|[spread] p2b
|-activate|p2a: Incineroar|move: Protect
|-damage|p2b: Porygon2|41/100 slp
|cant|p2b: Porygon2|slp
|
|-weather|RainDance|[upkeep]
|upkeep
|turn|4
|
|t:|1750799523
|switch|p1a: Amoonguss|Amoonguss, L50, F|98/100
|move|p1b: Kyogre|Water Spout|p2a: Incineroar|[spread] p2a,p2b
|-supereffective|p2a: Incineroar
|-damage|p2a: Incineroar|0 fnt
|-damage|p2b: Porygon2|0 fnt
|faint|p2a: Incineroar
|faint|p2b: Porygon2
|
|-weather|RainDance|[upkeep]
|upkeep
|
|t:|1750799534
|switch|p2a: Zamazenta|Zamazenta-Crowned, L50|100/100
|switch|p2b: Calyrex|Calyrex-Shadow, L50|100/100
|-ability|p2b: Calyrex|As One
|-ability|p2b: Calyrex|Unnerve
|-ability|p2a: Zamazenta|Dauntless Shield|boost
|-boost|p2a: Zamazenta|def|1
|turn|5
|inactive|crayons_7110 has 30 seconds left.
|
|t:|1750799565
|move|p2a: Zamazenta|Wide Guard|p2a: Zamazenta
|-singleturn|p2a: Zamazenta|Wide Guard
|move|p1b: Kyogre|Water Spout|p2b: Calyrex|[spread] 
|-activate|p2a: Zamazenta|move: Wide Guard
|-activate|p2b: Calyrex|move: Wide Guard
|move|p2b: Calyrex|Astral Barrage|p1b: Kyogre|[spread] p1a,p1b
|-damage|p1a: Amoonguss|47/100
|-damage|p1b: Kyogre|58/100
|move|p1a: Amoonguss|Spore|p2a: Zamazenta
|-status|p2a: Zamazenta|slp|[from] move: Spore
|
|-weather|RainDance|[upkeep]
|upkeep
|turn|6
|
|t:|1750799583
|switch|p1a: Incineroar|Incineroar, L50, M|96/100
|-ability|p1a: Incineroar|Intimidate|boost
|-unboost|p2a: Zamazenta|atk|1
|-unboost|p2b: Calyrex|atk|1
|cant|p2a: Zamazenta|slp
|move|p1b: Kyogre|Water Spout|p2b: Calyrex|[spread] p2a,p2b
|-damage|p2a: Zamazenta|61/100 slp
|-damage|p2b: Calyrex|47/100
|move|p2b: Calyrex|Astral Barrage|p1b: Kyogre|[spread] p1a,p1b
|-resisted|p1a: Incineroar
|-damage|p1a: Incineroar|71/100
|-damage|p1b: Kyogre|16/100
|
|-weather|none
|upkeep
|turn|7
|
|t:|1750799601
|switch|p1b: Amoonguss|Amoonguss, L50, F|80/100
|move|p2b: Calyrex|Astral Barrage|p1b: Amoonguss|[spread] p1a,p1b
|-resisted|p1a: Incineroar
|-damage|p1a: Incineroar|47/100
|-damage|p1b: Amoonguss|30/100
|cant|p2a: Zamazenta|slp
|move|p1a: Incineroar|Knock Off|p2b: Calyrex
|-supereffective|p2b: Calyrex
|-damage|p2b: Calyrex|0 fnt
|-enditem|p2b: Calyrex|Focus Sash|[from] move: Knock Off|[of] p1a: Incineroar
|faint|p2b: Calyrex
|
|upkeep
|turn|8
|
|t:|1750799617
|cant|p2a: Zamazenta|slp
|move|p1a: Incineroar|Knock Off|p2a: Zamazenta
|-resisted|p2a: Zamazenta
|-damage|p2a: Zamazenta|55/100 slp
|move|p1b: Amoonguss|Pollen Puff|p1a: Incineroar
|-heal|p1a: Incineroar|97/100
|
|upkeep
|turn|9
|
|t:|1750799629
|switch|p1b: Zacian|Zacian-Crowned, L50|100/100
|-ability|p1b: Zacian|Intrepid Sword|boost
|-boost|p1b: Zacian|atk|1
|-curestatus|p2a: Zamazenta|slp|[msg]
|move|p2a: Zamazenta|Body Press|p1a: Incineroar
|-supereffective|p1a: Incineroar
|-damage|p1a: Incineroar|9/100
|move|p1a: Incineroar|Parting Shot|p2a: Zamazenta
|-unboost|p2a: Zamazenta|atk|1
|-unboost|p2a: Zamazenta|spa|1
|
|t:|1750799632
|switch|p1a: Kyogre|Kyogre, L50|16/100|[from] Parting Shot
|-weather|RainDance|[from] ability: Drizzle|[of] p1a: Kyogre
|
|-weather|RainDance|[upkeep]
|upkeep
|turn|10
|-message|LaceParius1 forfeited.
|
|win|crayons_7110
|raw|crayons_7110's rating: 1466 &rarr; <strong>1480</strong><br />(+14 for winning)
|raw|LaceParius1's rating: 1365 &rarr; <strong>1351</strong><br />(-14 for losing)
|l|☆LaceParius1
|player|p2|
|l|☆crayons_7110
|player|p1|
