|j|☆bahuby
|j|☆TotallyNotAutistic
|t:|1750825997
|gametype|doubles
|player|p1|bahuby|266|1113
|player|p2|TotallyNotAutistic|n|1188
|teamsize|p1|6
|teamsize|p2|6
|gen|9
|tier|[Gen 9] VGC 2025 Reg I
|rated|
|rule|Species Clause: Limit one of each Pokémon
|rule|Item Clause: Limit 1 of each item
|clearpoke
|poke|p1|Calyrex-Ice, L50|
|poke|p1|Farigiraf, L50, M|
|poke|p1|Torkoal, L50, F|
|poke|p1|Maushold, L50|
|poke|p1|Rillaboom, L50, M|
|poke|p1|Ogerpon-Wellspring, L50, F|
|poke|p2|Reshiram, L50|
|poke|p2|Malamar, L50, M|
|poke|p2|Miraidon, L50|
|poke|p2|Farigiraf, L50, M|
|poke|p2|Iron Hands, L50|
|poke|p2|Gastrodon, L50, M|
|teampreview|4
bahuby has agreed to open team sheets.
|
|t:|1750826008
|start
|switch|p1a: Calyrex|Calyrex-Ice, L50|100/100
|switch|p1b: Maushold|Maushold, L50|100/100
|switch|p2a: Reshiram|Reshiram, L50|100/100
|switch|p2b: Malamar|Malamar, L50, M|100/100
|-ability|p1a: Calyrex|As One
|-ability|p1a: Calyrex|Unnerve
|-ability|p2a: Reshiram|Turboblaze
|turn|1
|c|☆bahuby|I will win
|c|☆TotallyNotAutistic|my bad
|c|☆TotallyNotAutistic|I wasnt paying attention
|
|t:|1750826032
|-terastallize|p2a: Reshiram|Fire
|-terastallize|p1a: Calyrex|Water
|move|p1b: Maushold|Follow Me|p1b: Maushold
|-singleturn|p1b: Maushold|move: Follow Me
|move|p2a: Reshiram|Heat Wave|p1a: Calyrex|[spread] p1a,p1b
|-resisted|p1a: Calyrex
|-damage|p1a: Calyrex|73/100
|-damage|p1b: Maushold|3/100
|-damage|p2a: Reshiram|91/100|[from] item: Life Orb
|move|p2b: Malamar|Foul Play|p1b: Maushold
|-damage|p1b: Maushold|0 fnt
|faint|p1b: Maushold
|move|p1a: Calyrex|Trick Room|p1a: Calyrex
|-fieldstart|move: Trick Room|[of] p1a: Calyrex
|
|upkeep
|
|t:|1750826050
|switch|p1b: Torkoal|Torkoal, L50, F|100/100
|-weather|SunnyDay|[from] ability: Drought|[of] p1b: Torkoal
|turn|2
|
|t:|1750826061
|move|p2a: Reshiram|Protect|p2a: Reshiram
|-singleturn|p2a: Reshiram|Protect
|move|p1b: Torkoal|Eruption|p2b: Malamar|[spread] p2b
|-activate|p2a: Reshiram|move: Protect
|-damage|p2b: Malamar|0 fnt
|faint|p2b: Malamar
|move|p1a: Calyrex|Glacial Lance|p2a: Reshiram
|-activate|p2a: Reshiram|move: Protect
|
|-weather|SunnyDay|[upkeep]
|upkeep
|
|t:|1750826068
|switch|p2b: Iron Hands|Iron Hands, L50|100/100
|turn|3
|
|t:|1750826076
|move|p1a: Calyrex|Protect|p1a: Calyrex
|-singleturn|p1a: Calyrex|Protect
|move|p2b: Iron Hands|Fake Out|p1a: Calyrex
|-activate|p1a: Calyrex|move: Protect
|move|p1b: Torkoal|Eruption|p2a: Reshiram|[spread] p2a,p2b
|-resisted|p2a: Reshiram
|-damage|p2a: Reshiram|49/100
|-damage|p2b: Iron Hands|4/100
|move|p2a: Reshiram|Draco Meteor|p1a: Calyrex
|-activate|p1a: Calyrex|move: Protect
|
|-weather|SunnyDay|[upkeep]
|upkeep
|turn|4
|
|t:|1750826093
|move|p1a: Calyrex|Protect||[still]
|-fail|p1a: Calyrex
|move|p1b: Torkoal|Eruption|p2b: Iron Hands|[spread] p2a,p2b
|-resisted|p2a: Reshiram
|-damage|p2a: Reshiram|11/100
|-damage|p2b: Iron Hands|0 fnt
|faint|p2b: Iron Hands
|-end|p2b: Iron Hands|Quark Drive|[silent]
|move|p2a: Reshiram|Draco Meteor|p1b: Torkoal
|-damage|p1b: Torkoal|0 fnt
|-unboost|p2a: Reshiram|spa|2
|faint|p1b: Torkoal
|-damage|p2a: Reshiram|1/100|[from] item: Life Orb
|
|-weather|SunnyDay|[upkeep]
|upkeep
|
|t:|1750826105
|switch|p1b: Farigiraf|Farigiraf, L50, M|100/100
|switch|p2b: Farigiraf|Farigiraf, L50, M|100/100
|turn|5
|
|t:|1750826118
|move|p2b: Farigiraf|Protect|p2b: Farigiraf
|-singleturn|p2b: Farigiraf|Protect
|move|p2a: Reshiram|Protect|p2a: Reshiram
|-singleturn|p2a: Reshiram|Protect
|move|p1a: Calyrex|Glacial Lance|p2a: Reshiram|[spread] 
|-activate|p2a: Reshiram|move: Protect
|-activate|p2b: Farigiraf|move: Protect
|move|p1b: Farigiraf|Hyper Voice|p2b: Farigiraf|[spread] 
|-activate|p2a: Reshiram|move: Protect
|-activate|p2b: Farigiraf|move: Protect
|
|-weather|SunnyDay|[upkeep]
|-fieldend|move: Trick Room
|upkeep
|turn|6
|c|☆bahuby|Your gone
|
|t:|1750826192
|move|p2b: Farigiraf|Helping Hand|p2a: Reshiram
|-singleturn|p2a: Reshiram|Helping Hand|[of] p2b: Farigiraf
|move|p1a: Calyrex|Protect|p1a: Calyrex
|-singleturn|p1a: Calyrex|Protect
|move|p2a: Reshiram|Draco Meteor|p1a: Calyrex
|-activate|p1a: Calyrex|move: Protect
|move|p1b: Farigiraf|Trick Room|p1b: Farigiraf
|-fieldstart|move: Trick Room|[of] p1b: Farigiraf
|
|-weather|none
|upkeep
|turn|7
|c|☆TotallyNotAutistic|ggs wp
|
|t:|1750826212
|move|p2a: Reshiram|Protect|p2a: Reshiram
|-singleturn|p2a: Reshiram|Protect
|move|p1a: Calyrex|Glacial Lance|p2a: Reshiram|[spread] p2b
|-activate|p2a: Reshiram|move: Protect
|-damage|p2b: Farigiraf|41/100
|move|p1b: Farigiraf|Hyper Voice|p2a: Reshiram|[spread] p2b
|-activate|p2a: Reshiram|move: Protect
|-damage|p2b: Farigiraf|8/100
|-damage|p1b: Farigiraf|91/100|[from] item: Life Orb
|move|p2b: Farigiraf|Trick Room|p2b: Farigiraf
|-fieldend|move: Trick Room
|
|upkeep
|turn|8
|
|t:|1750826227
|move|p2b: Farigiraf|Helping Hand|p2a: Reshiram
|-singleturn|p2a: Reshiram|Helping Hand|[of] p2b: Farigiraf
|move|p1a: Calyrex|Protect|p1a: Calyrex
|-singleturn|p1a: Calyrex|Protect
|move|p2a: Reshiram|Draco Meteor|p1b: Farigiraf|[miss]
|-miss|p2a: Reshiram|p1b: Farigiraf
|move|p1b: Farigiraf|Trick Room|p1b: Farigiraf
|-fieldstart|move: Trick Room|[of] p1b: Farigiraf
|
|upkeep
|turn|9
|
|t:|1750826238
|move|p2b: Farigiraf|Dazzling Gleam|p1b: Farigiraf|[spread] p1a,p1b
|-damage|p1a: Calyrex|63/100
|-damage|p1b: Farigiraf|75/100
|move|p1a: Calyrex|Glacial Lance|p2a: Reshiram|[spread] p2a,p2b
|-resisted|p2a: Reshiram
|-damage|p2a: Reshiram|0 fnt
|-damage|p2b: Farigiraf|0 fnt
|faint|p2a: Reshiram
|faint|p2b: Farigiraf
|
|win|bahuby
|raw|bahuby's rating: 1113 &rarr; <strong>1143</strong><br />(+30 for winning)
|raw|TotallyNotAutistic's rating: 1188 &rarr; <strong>1158</strong><br />(-30 for losing)
|l|☆TotallyNotAutistic
|player|p2|
|l|☆bahuby
|player|p1|
