|j|☆Zappbolt
|j|☆Dakimakura69
|t:|1750864798
|gametype|doubles
|player|p1|Zappbolt|265|1411
|player|p2|Dakimakura69|cynthia|1446
|teamsize|p1|6
|teamsize|p2|6
|gen|9
|tier|[Gen 9] VGC 2025 Reg I
|rated|
|rule|Species Clause: Limit one of each Pokémon
|rule|Item Clause: Limit 1 of each item
|clearpoke
|poke|p1|Calyrex-Ice, L50|
|poke|p1|Kyogre, L50|
|poke|p1|Rillaboom, L50, M|
|poke|p1|Urshifu-*, L50, M|
|poke|p1|Incineroar, L50, F|
|poke|p1|Raging Bolt, L50|
|poke|p2|Lunala, L50|
|poke|p2|Koraidon, L50|
|poke|p2|Flutter Mane, L50|
|poke|p2|Indeedee-F, L50, F|
|poke|p2|Ogerpon-Cornerstone, L50, F|
|poke|p2|Chi-Yu, L50|
|teampreview|4
|inactive|Battle timer is ON: inactive players will automatically lose when time's up. (requested by Zappbolt)
Dakimakura69 rejected open team sheets.
|inactive|Dakimakura69 has 60 seconds left.
|inactive|Dakimakura69 has 30 seconds left.
|inactive|Dakimakura69 has 20 seconds left.
|
|t:|1750864871
|start
|switch|p1a: Incineroar|Incineroar, L50, F|100/100
|switch|p1b: Calyrex|Calyrex-Ice, L50|100/100
|switch|p2a: Lunala|Lunala, L50|100/100
|switch|p2b: Ogerpon|Ogerpon-Cornerstone, L50, F|100/100
|-ability|p1b: Calyrex|As One
|-ability|p1b: Calyrex|Unnerve
|-ability|p1a: Incineroar|Intimidate|boost
|-unboost|p2a: Lunala|atk|1
|-unboost|p2b: Ogerpon|atk|1
|turn|1
|inactive|Dakimakura69 has 30 seconds left.
|inactive|Dakimakura69 has 20 seconds left.
|
|t:|1750864908
|switch|p2b: Indeedee|Indeedee-F, L50, F|100/100
|-fieldstart|move: Psychic Terrain|[from] ability: Psychic Surge|[of] p2b: Indeedee
|-terastallize|p2a: Lunala|Water
|-terastallize|p1b: Calyrex|Fairy
|move|p1a: Incineroar|Fake Out|p2b: Indeedee
|-activate|p2b: Indeedee|move: Psychic Terrain
|move|p2a: Lunala|Meteor Beam||[still]
|-prepare|p2a: Lunala|Meteor Beam
|-boost|p2a: Lunala|spa|1
|-enditem|p2a: Lunala|Power Herb
|-anim|p2a: Lunala|Meteor Beam|p1b: Calyrex
|-damage|p1b: Calyrex|62/100
|move|p1b: Calyrex|Leech Seed|p2a: Lunala|[miss]
|-miss|p1b: Calyrex|p2a: Lunala
|
|-heal|p1b: Calyrex|68/100|[from] item: Leftovers
|upkeep
|turn|2
|inactive|Dakimakura69 has 30 seconds left.
|inactive|Dakimakura69 has 20 seconds left.
|
|t:|1750864945
|move|p2b: Indeedee|Helping Hand|p2a: Lunala
|-singleturn|p2a: Lunala|Helping Hand|[of] p2b: Indeedee
|move|p2a: Lunala|Expanding Force|p1a: Incineroar|[spread] p1b
|-immune|p1a: Incineroar
|-crit|p1b: Calyrex
|-damage|p1b: Calyrex|0 fnt
|faint|p1b: Calyrex
|move|p1a: Incineroar|Parting Shot|p2a: Lunala
|-unboost|p2a: Lunala|atk|1
|-unboost|p2a: Lunala|spa|1
|
|t:|1750864956
|switch|p1a: Kyogre|Kyogre, L50|100/100|[from] Parting Shot
|-weather|RainDance|[from] ability: Drizzle|[of] p1a: Kyogre
|
|-weather|RainDance|[upkeep]
|upkeep
|
|t:|1750864961
|switch|p1b: Rillaboom|Rillaboom, L50, M|100/100
|-fieldstart|move: Grassy Terrain|[from] ability: Grassy Surge|[of] p1b: Rillaboom
|turn|3
|inactive|Dakimakura69 has 30 seconds left.
|inactive|Zappbolt has 30 seconds left.
|
|t:|1750864995
|switch|p2b: Koraidon|Koraidon, L50|100/100
|-weather|SunnyDay|[from] ability: Orichalcum Pulse|[of] p2b: Koraidon
|-activate|p2b: Koraidon|Orichalcum Pulse|[source]
|move|p2a: Lunala|Protect|p2a: Lunala
|-singleturn|p2a: Lunala|Protect
|move|p1b: Rillaboom|Grassy Glide|p2a: Lunala
|-activate|p2a: Lunala|move: Protect
|move|p1a: Kyogre|Thunder|p2a: Lunala
|-activate|p2a: Lunala|move: Protect
|
|-weather|SunnyDay|[upkeep]
|upkeep
|turn|4
|inactive|Dakimakura69 has 30 seconds left.
|
|t:|1750865028
|switch|p2b: Indeedee|Indeedee-F, L50, F|100/100
|-fieldstart|move: Psychic Terrain|[from] ability: Psychic Surge|[of] p2b: Indeedee
|switch|p1a: Incineroar|Incineroar, L50, F|100/100
|-ability|p1a: Incineroar|Intimidate|boost
|-unboost|p2a: Lunala|atk|1
|-unboost|p2b: Indeedee|atk|1
|move|p2a: Lunala|Expanding Force|p1a: Incineroar|[spread] p1b
|-immune|p1a: Incineroar
|-damage|p1b: Rillaboom|55/100
|move|p1b: Rillaboom|U-turn|p2a: Lunala
|-damage|p2a: Lunala|90/100
|
|t:|1750865040
|switch|p1b: Kyogre|Kyogre, L50|100/100|[from] U-turn
|-weather|RainDance|[from] ability: Drizzle|[of] p1b: Kyogre
|
|-weather|RainDance|[upkeep]
|upkeep
|turn|5
|inactive|Dakimakura69 has 30 seconds left.
|inactive|Dakimakura69 has 20 seconds left.
|
|t:|1750865076
|move|p2b: Indeedee|Helping Hand|p2a: Lunala
|-singleturn|p2a: Lunala|Helping Hand|[of] p2b: Indeedee
|move|p2a: Lunala|Moongeist Beam|p1b: Kyogre
|-damage|p1b: Kyogre|42/100
|move|p1b: Kyogre|Origin Pulse|p2b: Indeedee|[spread] p2a,p2b
|-resisted|p2a: Lunala
|-damage|p2a: Lunala|56/100
|-damage|p2b: Indeedee|15/100
|-damage|p1b: Kyogre|32/100|[from] item: Life Orb
|move|p1a: Incineroar|Knock Off|p2b: Indeedee
|-supereffective|p2b: Indeedee
|-damage|p2b: Indeedee|0 fnt
|-damage|p1a: Incineroar|84/100|[from] item: Rocky Helmet|[of] p2b: Indeedee
|-enditem|p2b: Indeedee|Rocky Helmet|[from] move: Knock Off|[of] p1a: Incineroar
|faint|p2b: Indeedee
|
|-weather|RainDance|[upkeep]
|upkeep
|
|t:|1750865098
|switch|p2b: Ogerpon|Ogerpon-Cornerstone, L50, F|100/100
|turn|6
|
|t:|1750865111
|switch|p1a: Rillaboom|Rillaboom, L50, M|55/100
|-fieldstart|move: Grassy Terrain|[from] ability: Grassy Surge|[of] p1a: Rillaboom
|move|p1b: Kyogre|Protect|p1b: Kyogre
|-singleturn|p1b: Kyogre|Protect
|move|p2b: Ogerpon|Ivy Cudgel|p1a: Rillaboom|[anim] Ivy Cudgel Rock
|-crit|p1a: Rillaboom
|-damage|p1a: Rillaboom|0 fnt
|faint|p1a: Rillaboom
|move|p2a: Lunala|Moongeist Beam|p1b: Kyogre
|-activate|p1b: Kyogre|move: Protect
|
|-weather|RainDance|[upkeep]
|-heal|p2a: Lunala|62/100|[from] Grassy Terrain
|-heal|p1b: Kyogre|38/100|[from] Grassy Terrain
|upkeep
|
|t:|1750865125
|switch|p1a: Incineroar|Incineroar, L50, F|84/100
|-ability|p1a: Incineroar|Intimidate|boost
|-unboost|p2a: Lunala|atk|1
|-unboost|p2b: Ogerpon|atk|1
|turn|7
|
|t:|1750865139
|move|p2b: Ogerpon|Spiky Shield|p2b: Ogerpon
|-singleturn|p2b: Ogerpon|move: Protect
|move|p2a: Lunala|Protect|p2a: Lunala
|-singleturn|p2a: Lunala|Protect
|move|p1a: Incineroar|Fake Out|p2b: Ogerpon
|-activate|p2b: Ogerpon|move: Protect
|-damage|p1a: Incineroar|71/100|[from] Spiky Shield|[of] p2b: Ogerpon
|move|p1b: Kyogre|Origin Pulse|p2b: Ogerpon|[spread] 
|-activate|p2a: Lunala|move: Protect
|-activate|p2b: Ogerpon|move: Protect
|
|-weather|RainDance|[upkeep]
|-heal|p2a: Lunala|68/100|[from] Grassy Terrain
|-heal|p1b: Kyogre|44/100|[from] Grassy Terrain
|-heal|p1a: Incineroar|77/100|[from] Grassy Terrain
|upkeep
|turn|8
|inactive|Dakimakura69 has 30 seconds left.
|
|t:|1750865165
|switch|p2a: Koraidon|Koraidon, L50|100/100
|-weather|SunnyDay|[from] ability: Orichalcum Pulse|[of] p2a: Koraidon
|-activate|p2a: Koraidon|Orichalcum Pulse|[source]
|move|p2b: Ogerpon|Ivy Cudgel|p1a: Incineroar|[anim] Ivy Cudgel Rock
|-supereffective|p1a: Incineroar
|-damage|p1a: Incineroar|10/100
|move|p1b: Kyogre|Thunder|p2a: Koraidon
|-resisted|p2a: Koraidon
|-damage|p2a: Koraidon|72/100
|-status|p2a: Koraidon|par
|-damage|p1b: Kyogre|34/100|[from] item: Life Orb
|move|p1a: Incineroar|Will-O-Wisp|p2b: Ogerpon
|-status|p2b: Ogerpon|brn
|
|-weather|SunnyDay|[upkeep]
|-heal|p1b: Kyogre|40/100|[from] Grassy Terrain
|-heal|p2a: Koraidon|78/100 par|[from] Grassy Terrain
|-heal|p1a: Incineroar|16/100|[from] Grassy Terrain
|-damage|p2b: Ogerpon|95/100 brn|[from] brn
|upkeep
|turn|9
|inactive|Zappbolt has 30 seconds left.
|inactive|Dakimakura69 has 30 seconds left.
|c|☆Zappbolt|gg
|
|t:|1750865199
|move|p2a: Koraidon|Protect|p2a: Koraidon
|-singleturn|p2a: Koraidon|Protect
|move|p2b: Ogerpon|Ivy Cudgel|p1a: Incineroar|[anim] Ivy Cudgel Rock
|-supereffective|p1a: Incineroar
|-damage|p1a: Incineroar|0 fnt
|faint|p1a: Incineroar
|move|p1b: Kyogre|Origin Pulse|p2a: Koraidon|[spread] 
|-activate|p2a: Koraidon|move: Protect
|-miss|p1b: Kyogre|p2b: Ogerpon
|
|-weather|SunnyDay|[upkeep]
|-heal|p2b: Ogerpon|100/100 brn|[from] Grassy Terrain
|-heal|p1b: Kyogre|46/100|[from] Grassy Terrain
|-heal|p2a: Koraidon|84/100 par|[from] Grassy Terrain
|-damage|p2b: Ogerpon|95/100 brn|[from] brn
|upkeep
|turn|10
|
|t:|1750865215
|move|p2b: Ogerpon|Power Whip|p1b: Kyogre
|-supereffective|p1b: Kyogre
|-damage|p1b: Kyogre|0 fnt
|faint|p1b: Kyogre
|
|win|Dakimakura69
|raw|Zappbolt's rating: 1411 &rarr; <strong>1393</strong><br />(-18 for losing)
|raw|Dakimakura69's rating: 1446 &rarr; <strong>1464</strong><br />(+18 for winning)
|c|☆Dakimakura69|gg
|l|☆Zappbolt
|player|p1|
