|j|☆Splebel
|j|☆trailerblazer3916
|t:|1750723387
|gametype|doubles
|player|p1|Splebel|hexmaniac-gen3jp|1234
|player|p2|trailerblazer3916|169|1227
|teamsize|p1|6
|teamsize|p2|6
|gen|9
|tier|[Gen 9] VGC 2025 Reg I
|rated|
|rule|Species Clause: Limit one of each Pokémon
|rule|Item Clause: Limit 1 of each item
|clearpoke
|poke|p1|Shiftry, L50, F|
|poke|p1|Whimsicott, L50, M|
|poke|p1|Lurantis, L50, M|
|poke|p1|Ceruledge, L50, M|
|poke|p1|Rillaboom, L50, M|
|poke|p1|Ditto, L50|
|poke|p2|Miraidon, L50|
|poke|p2|Tatsugiri-Droopy, L50, M|
|poke|p2|Dondozo, L50, F|
|poke|p2|Flamigo, L50, F|
|poke|p2|Calyrex-Shadow, L50|
|poke|p2|Iron Valiant, L50|
|teampreview|4
|inactive|Battle timer is ON: inactive players will automatically lose when time's up. (requested by trailerblazer3916)
|
|t:|1750723433
|start
|switch|p1a: Shiftry|Shiftry, L50, F|100/100
|switch|p1b: Rillaboom|Rillaboom, L50, M|100/100
|switch|p2a: Miraidon|Miraidon, L50|100/100
|switch|p2b: Tatsugiri|Tatsugiri-Droopy, L50, M|100/100
|-fieldstart|move: Electric Terrain|[from] ability: Hadron Engine|[of] p2a: Miraidon
|-fieldstart|move: Grassy Terrain|[from] ability: Grassy Surge|[of] p1b: Rillaboom
|turn|1
|inactive|Splebel has 30 seconds left.
|
|t:|1750723464
|move|p2b: Tatsugiri|Endure|p2b: Tatsugiri
|-singleturn|p2b: Tatsugiri|move: Endure
|move|p2a: Miraidon|Discharge|p1b: Rillaboom|[spread] p2b,p1a,p1b
|-resisted|p1a: Shiftry
|-resisted|p1b: Rillaboom
|-damage|p2b: Tatsugiri|37/100
|-damage|p1a: Shiftry|74/100
|-damage|p1b: Rillaboom|83/100
|-status|p2b: Tatsugiri|par
|-status|p1a: Shiftry|par
|-status|p1b: Rillaboom|par
|move|p1a: Shiftry|Knock Off|p2b: Tatsugiri
|-activate|p2b: Tatsugiri|move: Endure
|-damage|p2b: Tatsugiri|1/100 par
|-enditem|p2b: Tatsugiri|Toxic Orb|[from] move: Knock Off|[of] p1a: Shiftry
|cant|p1b: Rillaboom|par
|
|-heal|p2b: Tatsugiri|8/100 par|[from] Grassy Terrain
|-heal|p1a: Shiftry|80/100 par|[from] Grassy Terrain
|-heal|p1b: Rillaboom|88/100 par|[from] Grassy Terrain
|upkeep
|turn|2
|inactive|trailerblazer3916 has 30 seconds left.
|c|☆trailerblazer3916|what is this para
|inactive|trailerblazer3916 has 20 seconds left.
|inactive|trailerblazer3916 has 15 seconds left.
|c|☆Splebel|congratulations
|
|t:|1750723507
|switch|p2b: Iron Valiant|Iron Valiant, L50|100/100
|move|p2a: Miraidon|Volt Switch|p1a: Shiftry
|-resisted|p1a: Shiftry
|-damage|p1a: Shiftry|50/100 par
|c|☆trailerblazer3916|what is this
|
|t:|1750723513
|switch|p2a: Dondozo|Dondozo, L50, F|100/100|[from] Volt Switch
|cant|p1a: Shiftry|par
|cant|p1b: Rillaboom|par
|
|-heal|p1a: Shiftry|56/100 par|[from] Grassy Terrain
|-heal|p1b: Rillaboom|94/100 par|[from] Grassy Terrain
|upkeep
|turn|3
|c|☆trailerblazer3916|yay
|c|☆trailerblazer3916|wth
|
|t:|1750723531
|-end|p2b: Iron Valiant|Quark Drive|[silent]
|switch|p2b: Tatsugiri|Tatsugiri-Droopy, L50, M|8/100 par
|-activate|p2b: Tatsugiri|ability: Commander|[of] p2a: Dondozo
|-boost|p2a: Dondozo|atk|2
|-boost|p2a: Dondozo|spa|2
|-boost|p2a: Dondozo|spe|2
|-boost|p2a: Dondozo|def|2
|-boost|p2a: Dondozo|spd|2
|move|p2a: Dondozo|Protect|p2a: Dondozo
|-singleturn|p2a: Dondozo|Protect
|move|p1b: Rillaboom|Grassy Glide|p2b: Tatsugiri|[miss]
|-miss|p1b: Rillaboom|p2b: Tatsugiri
|move|p1a: Shiftry|Knock Off|p2b: Tatsugiri|[miss]
|-miss|p1a: Shiftry|p2b: Tatsugiri
|
|-heal|p2b: Tatsugiri|14/100 par|[from] Grassy Terrain
|-heal|p1a: Shiftry|62/100 par|[from] Grassy Terrain
|-heal|p1b: Rillaboom|99/100 par|[from] Grassy Terrain
|upkeep
|turn|4
|c|☆trailerblazer3916|awh
|c|☆trailerblazer3916|lol'
|c|☆trailerblazer3916|protect was bad
|
|t:|1750723549
|switch|p1b: Ditto|Ditto, L50|100/100
|-transform|p1b: Ditto|p2a: Dondozo|[from] ability: Imposter
|cant|p1a: Shiftry|par
|move|p2a: Dondozo|Substitute|p2a: Dondozo
|-start|p2a: Dondozo|Substitute
|-damage|p2a: Dondozo|76/100
|
|-heal|p2a: Dondozo|82/100|[from] Grassy Terrain
|-heal|p2a: Dondozo|88/100|[from] item: Leftovers
|-heal|p2b: Tatsugiri|20/100 par|[from] Grassy Terrain
|-heal|p1a: Shiftry|68/100 par|[from] Grassy Terrain
|upkeep
|turn|5
|c|☆trailerblazer3916|that is also bad
|c|☆trailerblazer3916|uhhhhh
|
|t:|1750723570
|move|p1b: Ditto|Substitute|p1b: Ditto
|-start|p1b: Ditto|Substitute
|-damage|p1b: Ditto|76/100
|move|p2a: Dondozo|Body Press|p1a: Shiftry
|-supereffective|p1a: Shiftry
|-damage|p1a: Shiftry|0 fnt
|faint|p1a: Shiftry
|
|-heal|p1b: Ditto|82/100|[from] Grassy Terrain
|-heal|p2a: Dondozo|94/100|[from] Grassy Terrain
|-heal|p2a: Dondozo|100/100|[from] item: Leftovers
|-heal|p2b: Tatsugiri|26/100 par|[from] Grassy Terrain
|upkeep
|
|t:|1750723584
|switch|p1a: Ceruledge|Ceruledge, L50, M|100/100
|turn|6
|c|☆trailerblazer3916|i don't think my dozo set is good for you?
|
|t:|1750723599
|move|p1b: Ditto|Order Up|p2a: Dondozo
|-activate|p2a: Dondozo|move: Substitute|[damage]
|move|p2a: Dondozo|Order Up|p1a: Ceruledge
|-damage|p1a: Ceruledge|53/100
|-boost|p2a: Dondozo|def|1
|move|p1a: Ceruledge|Curse|p2a: Dondozo
|-start|p2a: Dondozo|Curse|[of] p1a: Ceruledge
|-damage|p1a: Ceruledge|3/100
|-enditem|p1a: Ceruledge|Sitrus Berry|[eat]
|-heal|p1a: Ceruledge|28/100|[from] item: Sitrus Berry
|
|-heal|p1b: Ditto|88/100|[from] Grassy Terrain
|-heal|p1a: Ceruledge|34/100|[from] Grassy Terrain
|-heal|p2b: Tatsugiri|33/100 par|[from] Grassy Terrain
|-damage|p2a: Dondozo|76/100|[from] Curse
|upkeep
|turn|7
|c|☆trailerblazer3916|uhhhh
|c|☆trailerblazer3916|bye bye
|
|t:|1750723618
|switch|p1a: Rillaboom|Rillaboom, L50, M|99/100 par
|move|p1b: Ditto|Body Press|p2a: Dondozo
|-activate|p2a: Dondozo|move: Substitute|[damage]
|move|p2a: Dondozo|Order Up|p1a: Rillaboom
|-damage|p1a: Rillaboom|68/100 par
|-boost|p2a: Dondozo|def|1
|
|-heal|p1b: Ditto|93/100|[from] Grassy Terrain
|-heal|p2a: Dondozo|82/100|[from] Grassy Terrain
|-heal|p2a: Dondozo|88/100|[from] item: Leftovers
|-heal|p2b: Tatsugiri|39/100 par|[from] Grassy Terrain
|-heal|p1a: Rillaboom|74/100 par|[from] Grassy Terrain
|-damage|p2a: Dondozo|63/100|[from] Curse
|upkeep
|turn|8
|c|☆trailerblazer3916|nvm?
|c|☆trailerblazer3916|the terrain
|
|t:|1750723644
|move|p1b: Ditto|Body Press|p2a: Dondozo
|-end|p2a: Dondozo|Substitute
|move|p2a: Dondozo|Body Press|p1a: Rillaboom
|-damage|p1a: Rillaboom|1/100 par
|cant|p1a: Rillaboom|par
|
|-heal|p2a: Dondozo|69/100|[from] Grassy Terrain
|-heal|p1b: Ditto|99/100|[from] Grassy Terrain
|-heal|p2a: Dondozo|76/100|[from] item: Leftovers
|-heal|p2b: Tatsugiri|45/100 par|[from] Grassy Terrain
|-heal|p1a: Rillaboom|7/100 par|[from] Grassy Terrain
|-damage|p2a: Dondozo|51/100|[from] Curse
|-fieldend|move: Grassy Terrain
|upkeep
|turn|9
|c|☆trailerblazer3916|yoo my goat
|
|t:|1750723662
|move|p1b: Ditto|Body Press|p2a: Dondozo
|-damage|p2a: Dondozo|39/100
|move|p2a: Dondozo|Body Press|p1a: Rillaboom
|-damage|p1a: Rillaboom|0 fnt
|faint|p1a: Rillaboom
|
|-heal|p2a: Dondozo|45/100|[from] item: Leftovers
|-damage|p2a: Dondozo|20/100|[from] Curse
|upkeep
|
|t:|1750723668
|switch|p1a: Ceruledge|Ceruledge, L50, M|34/100
|turn|10
|c|☆trailerblazer3916|imagive if dozo got stored power
|
|t:|1750723677
|move|p1a: Ceruledge|Ally Switch|p1a: Ceruledge
|swap|p1a: Ceruledge|1|[from] move: Ally Switch
|move|p2a: Dondozo|Order Up|p1a: Ditto
|-activate|p1a: Ditto|move: Substitute|[damage]
|-boost|p2a: Dondozo|def|1
|move|p1a: Ditto|Body Press|p2a: Dondozo
|-damage|p2a: Dondozo|8/100
|
|-heal|p2a: Dondozo|14/100|[from] item: Leftovers
|-damage|p2a: Dondozo|0 fnt|[from] Curse
|faint|p2a: Dondozo
|upkeep
|
|t:|1750723701
|switch|p2a: Miraidon|Miraidon, L50|100/100
|-fieldstart|move: Electric Terrain|[from] ability: Hadron Engine|[of] p2a: Miraidon
|turn|11
|
|t:|1750723723
|move|p2a: Miraidon|Volt Switch|p1b: Ceruledge
|-damage|p1b: Ceruledge|0 fnt
|faint|p1b: Ceruledge
|
|t:|1750723728
|switch|p2a: Iron Valiant|Iron Valiant, L50|100/100|[from] Volt Switch
|-activate|p2a: Iron Valiant|ability: Quark Drive
|-start|p2a: Iron Valiant|quarkdrivespe
|move|p1a: Ditto|Order Up|p2a: Iron Valiant
|-immune|p2a: Iron Valiant
|cant|p2b: Tatsugiri|par
|
|upkeep
|turn|12
|c|☆trailerblazer3916|lol
|
|t:|1750723745
|move|p2a: Iron Valiant|Spirit Break|p1a: Ditto
|-end|p1a: Ditto|Substitute
|move|p1a: Ditto|Body Press|p2a: Iron Valiant
|-resisted|p2a: Iron Valiant
|-damage|p2a: Iron Valiant|66/100
|cant|p2b: Tatsugiri|par
|
|upkeep
|turn|13
|
|t:|1750723763
|move|p2a: Iron Valiant|Close Combat|p1a: Ditto
|-damage|p1a: Ditto|74/100
|-unboost|p2a: Iron Valiant|def|1
|-unboost|p2a: Iron Valiant|spd|1
|move|p1a: Ditto|Order Up|p2b: Tatsugiri
|-supereffective|p2b: Tatsugiri
|-damage|p2b: Tatsugiri|0 fnt
|faint|p2b: Tatsugiri
|
|upkeep
|
|t:|1750723771
|switch|p2b: Miraidon|Miraidon, L50|100/100
|-activate|p2b: Miraidon|ability: Hadron Engine
|turn|14
|
|t:|1750723778
|move|p1a: Ditto|Protect|p1a: Ditto
|-singleturn|p1a: Ditto|Protect
|move|p2a: Iron Valiant|Close Combat|p1a: Ditto
|-activate|p1a: Ditto|move: Protect
|move|p2b: Miraidon|Electro Drift|p1a: Ditto
|-activate|p1a: Ditto|move: Protect
|
|upkeep
|turn|15
|
|t:|1750723798
|-terastallize|p2b: Miraidon|Electric
|move|p1a: Ditto|Protect|p1a: Ditto
|-singleturn|p1a: Ditto|Protect
|move|p2a: Iron Valiant|Close Combat|p1a: Ditto
|-activate|p1a: Ditto|move: Protect
|move|p2b: Miraidon|Electro Drift|p1a: Ditto
|-activate|p1a: Ditto|move: Protect
|
|-fieldend|move: Electric Terrain
|-end|p2a: Iron Valiant|Quark Drive
|upkeep
|turn|16
|c|☆trailerblazer3916|좀ㅅ
|c|☆trailerblazer3916|what
|
|t:|1750723818
|-terastallize|p1a: Ditto|Stellar
|move|p2b: Miraidon|Electro Drift|p1a: Ditto
|-supereffective|p1a: Ditto
|-damage|p1a: Ditto|0 fnt
|faint|p1a: Ditto
|
|win|trailerblazer3916
|raw|Splebel's rating: 1234 &rarr; <strong>1208</strong><br />(-26 for losing)
|raw|trailerblazer3916's rating: 1227 &rarr; <strong>1253</strong><br />(+26 for winning)
|l|☆Splebel
|player|p1|
|c|☆trailerblazer3916|man thank you
