|j|☆LyricSum
|j|☆soul deleter
|t:|1750875633
|gametype|doubles
|player|p1|LyricSum|veteran|
|player|p2|soul deleter|miku-grass|
|teamsize|p1|6
|teamsize|p2|6
|gen|9
|tier|[Gen 9] VGC 2025 Reg I
|rated|Tournament battle
|rule|Species Clause: Limit one of each Pokémon
|rule|Item Clause: Limit 1 of each item
|raw|<div class="infobox"><details class="readmore" open><summary><strong>2 custom rules:</strong></summary> Force Open Team Sheets, !Open Team Sheets</details></div>
|clearpoke
|poke|p1|Zamazenta-*, L50|
|poke|p1|Pelipper, L50, F|
|poke|p1|Chien-Pao, L50|
|poke|p1|Palkia, L50|
|poke|p1|Pachirisu, L50, M|
|poke|p1|Rillaboom, L50, M|
|poke|p2|Whimsicott, L50, F|
|poke|p2|Zamazenta-*, L50|
|poke|p2|Chi-Yu, L50|
|poke|p2|Incineroar, L50, M|
|poke|p2|Calyrex-Shadow, L50|
|poke|p2|Rillaboom, L50, M|
|teampreview|4
|showteam|p1|Zamazenta-Crowned||RustedShield|DauntlessShield|BodyPress,HeavySlam,WideGuard,IronDefense||||||50|,,,,,Dragon]Pelipper||RoomService|Drizzle|WeatherBall,Hurricane,WideGuard,Tailwind|||F|||50|,,,,,Ground]Chien-Pao||FocusSash|SwordofRuin|IcicleCrash,ThroatChop,SuckerPunch,Protect||||||50|,,,,,Ghost]Palkia||LifeOrb|Pressure|HydroPump,SpacialRend,TrickRoom,Protect||||||50|,,,,,Fairy]Pachirisu||RockyHelmet|VoltAbsorb|FollowMe,SuperFang,Nuzzle,Protect|||M|||50|,,,,,Fairy]Rillaboom||AssaultVest|GrassySurge|FakeOut,GrassyGlide,WoodHammer,HighHorsepower|||M|||50|,,,,,Fire
|showteam|p2|Whimsicott||CovertCloak|Prankster|Moonblast,Encore,FakeTears,Tailwind|||F|||50|,,,,,Dark]Zamazenta-Crowned||RustedShield|DauntlessShield|BodyPress,HeavySlam,WideGuard,Protect||||||50|,,,,,Ghost]Chi-Yu||ChoiceScarf|BeadsofRuin|HeatWave,DarkPulse,Flamethrower,Ruination||||||50|,,,,,Ghost]Incineroar||RockyHelmet|Intimidate|KnockOff,HelpingHand,PartingShot,FakeOut|||M|||50|,,,,,Water]Calyrex-Shadow||LifeOrb|AsOneSpectrier|AstralBarrage,Psychic,NastyPlot,Protect||||||50|,,,,,Dark]Rillaboom||AssaultVest|GrassySurge|WoodHammer,GrassyGlide,Uturn,FakeOut|||M|||50|,,,,,Fire
|inactive|Battle timer is ON: inactive players will automatically lose when time's up. (requested by LyricSum)
|j| HardFreaQ
|inactive|LyricSum has 60 seconds left.
|inactive|soul deleter has 60 seconds left.
|l| HardFreaQ
|inactive|soul deleter has 30 seconds left.
|inactive|soul deleter has 20 seconds left.
|inactive|soul deleter has 15 seconds left.
|
|t:|1750875709
|start
|switch|p1a: King Arthur|Zamazenta-Crowned, L50|100/100
|switch|p1b: Mail Pigeon|Pelipper, L50, F|100/100
|switch|p2a: Calyrex|Calyrex-Shadow, L50|100/100
|switch|p2b: Incineroar|Incineroar, L50, M, shiny|100/100
|-ability|p2a: Calyrex|As One
|-ability|p2a: Calyrex|Unnerve
|-ability|p1a: King Arthur|Dauntless Shield|boost
|-boost|p1a: King Arthur|def|1
|-ability|p2b: Incineroar|Intimidate|boost
|-unboost|p1a: King Arthur|atk|1
|-unboost|p1b: Mail Pigeon|atk|1
|-weather|RainDance|[from] ability: Drizzle|[of] p1b: Mail Pigeon
|turn|1
|j| Stegozard
|inactive|LyricSum has 30 seconds left.
|inactive|soul deleter has 30 seconds left.
|j| Hy3llo
|inactive|LyricSum has 20 seconds left.
|
|t:|1750875744
|move|p2b: Incineroar|Fake Out|p1a: King Arthur
|-resisted|p1a: King Arthur
|-damage|p1a: King Arthur|98/100
|move|p2a: Calyrex|Astral Barrage|p1b: Mail Pigeon|[spread] p1a,p1b
|-damage|p1a: King Arthur|44/100
|-damage|p1b: Mail Pigeon|2/100
|-damage|p2a: Calyrex|91/100|[from] item: Life Orb
|cant|p1a: King Arthur|flinch
|move|p1b: Mail Pigeon|Tailwind|p1b: Mail Pigeon
|-sidestart|p1: LyricSum|move: Tailwind
|
|-weather|RainDance|[upkeep]
|upkeep
|turn|2
|inactive|soul deleter has 30 seconds left.
|inactive|soul deleter has 20 seconds left.
|inactive|soul deleter has 15 seconds left.
|inactive|soul deleter has 10 seconds left.
|
|t:|1750875791
|switch|p1b: Assasin|Chien-Pao, L50|100/100
|-ability|p1b: Assasin|Sword of Ruin
|switch|p2b: Rillaboom|Rillaboom, L50, M, shiny|100/100
|-fieldstart|move: Grassy Terrain|[from] ability: Grassy Surge|[of] p2b: Rillaboom
|move|p2a: Calyrex|Protect|p2a: Calyrex
|-singleturn|p2a: Calyrex|Protect
|move|p1a: King Arthur|Body Press|p2b: Rillaboom
|-damage|p2b: Rillaboom|13/100
|
|-weather|RainDance|[upkeep]
|-heal|p1a: King Arthur|50/100|[from] Grassy Terrain
|-heal|p2a: Calyrex|97/100|[from] Grassy Terrain
|-heal|p2b: Rillaboom|19/100|[from] Grassy Terrain
|upkeep
|turn|3
|inactive|LyricSum has 30 seconds left.
|inactive|soul deleter has 30 seconds left.
|
|t:|1750875821
|-terastallize|p1b: Assasin|Ghost
|-terastallize|p2a: Calyrex|Dark
|move|p2b: Rillaboom|Fake Out|p1b: Assasin
|-immune|p1b: Assasin
|move|p1b: Assasin|Throat Chop|p2a: Calyrex
|-resisted|p2a: Calyrex
|-damage|p2a: Calyrex|71/100
|-start|p2a: Calyrex|Throat Chop|[silent]
|move|p1a: King Arthur|Body Press|p2a: Calyrex
|-supereffective|p2a: Calyrex
|-damage|p2a: Calyrex|0 fnt
|faint|p2a: Calyrex
|
|-weather|RainDance|[upkeep]
|-heal|p1a: King Arthur|57/100|[from] Grassy Terrain
|-heal|p2b: Rillaboom|25/100|[from] Grassy Terrain
|upkeep
|
|t:|1750875827
|switch|p2a: Zamazenta|Zamazenta-Crowned, L50, shiny|100/100
|-ability|p2a: Zamazenta|Dauntless Shield|boost
|-boost|p2a: Zamazenta|def|1
|turn|4
|
|t:|1750875843
|switch|p1b: Sir Knight|Rillaboom, L50, M|100/100
|switch|p2b: Incineroar|Incineroar, L50, M, shiny|100/100
|-ability|p2b: Incineroar|Intimidate|boost
|-unboost|p1a: King Arthur|atk|1
|-unboost|p1b: Sir Knight|atk|1
|move|p1a: King Arthur|Iron Defense|p1a: King Arthur
|-boost|p1a: King Arthur|def|2
|move|p2a: Zamazenta|Body Press|p1a: King Arthur
|-supereffective|p1a: King Arthur
|-damage|p1a: King Arthur|22/100
|
|-weather|RainDance|[upkeep]
|-heal|p1a: King Arthur|28/100|[from] Grassy Terrain
|-sideend|p1: LyricSum|move: Tailwind
|upkeep
|turn|5
|
|t:|1750875857
|move|p1b: Sir Knight|Fake Out|p2b: Incineroar
|-damage|p2b: Incineroar|94/100
|-damage|p1b: Sir Knight|84/100|[from] item: Rocky Helmet|[of] p2b: Incineroar
|cant|p2b: Incineroar|flinch
|move|p1a: King Arthur|Body Press|p2a: Zamazenta
|-supereffective|p2a: Zamazenta
|-damage|p2a: Zamazenta|14/100
|move|p2a: Zamazenta|Body Press|p1a: King Arthur
|-supereffective|p1a: King Arthur
|-damage|p1a: King Arthur|0 fnt
|faint|p1a: King Arthur
|
|-weather|none
|-heal|p2a: Zamazenta|20/100|[from] Grassy Terrain
|-heal|p1b: Sir Knight|90/100|[from] Grassy Terrain
|-heal|p2b: Incineroar|99/100|[from] Grassy Terrain
|upkeep
|
|t:|1750875872
|switch|p1a: Mail Pigeon|Pelipper, L50, F|2/100
|-weather|RainDance|[from] ability: Drizzle|[of] p1a: Mail Pigeon
|turn|6
|
|t:|1750875887
|switch|p1b: Assasin|Chien-Pao, L50, tera:Ghost|100/100
|-ability|p1b: Assasin|Sword of Ruin
|move|p2a: Zamazenta|Heavy Slam|p1a: Mail Pigeon
|-resisted|p1a: Mail Pigeon
|-damage|p1a: Mail Pigeon|0 fnt
|faint|p1a: Mail Pigeon
|move|p2b: Incineroar|Parting Shot|p1b: Assasin
|-unboost|p1b: Assasin|atk|1
|-unboost|p1b: Assasin|spa|1
|
|t:|1750875897
|switch|p2b: Rillaboom|Rillaboom, L50, M, shiny|25/100|[from] Parting Shot
|
|-weather|RainDance|[upkeep]
|-heal|p2a: Zamazenta|25/100|[from] Grassy Terrain
|-heal|p2b: Rillaboom|30/100|[from] Grassy Terrain
|-fieldend|move: Grassy Terrain
|upkeep
|
|t:|1750875900
|switch|p1a: Sir Knight|Rillaboom, L50, M|90/100
|-fieldstart|move: Grassy Terrain|[from] ability: Grassy Surge|[of] p1a: Sir Knight
|turn|7
|
|t:|1750875910
|switch|p2b: Incineroar|Incineroar, L50, M, shiny|99/100
|-ability|p2b: Incineroar|Intimidate|boost
|-unboost|p1a: Sir Knight|atk|1
|-unboost|p1b: Assasin|atk|1
|move|p2a: Zamazenta|Protect|p2a: Zamazenta
|-singleturn|p2a: Zamazenta|Protect
|move|p1a: Sir Knight|Fake Out|p2a: Zamazenta
|-activate|p2a: Zamazenta|move: Protect
|move|p1b: Assasin|Icicle Crash|p2a: Zamazenta
|-activate|p2a: Zamazenta|move: Protect
|
|-weather|RainDance|[upkeep]
|-heal|p2a: Zamazenta|31/100|[from] Grassy Terrain
|-heal|p1a: Sir Knight|96/100|[from] Grassy Terrain
|-heal|p2b: Incineroar|100/100|[from] Grassy Terrain
|upkeep
|turn|8
|
|t:|1750875926
|move|p2b: Incineroar|Fake Out|p1a: Sir Knight
|-damage|p1a: Sir Knight|83/100
|move|p1b: Assasin|Icicle Crash|p2a: Zamazenta
|-resisted|p2a: Zamazenta
|-damage|p2a: Zamazenta|25/100
|move|p2a: Zamazenta|Body Press|p1a: Sir Knight
|-damage|p1a: Sir Knight|3/100
|cant|p1a: Sir Knight|flinch
|
|-weather|RainDance|[upkeep]
|-heal|p2a: Zamazenta|31/100|[from] Grassy Terrain
|-heal|p1a: Sir Knight|9/100|[from] Grassy Terrain
|upkeep
|turn|9
|-message|LyricSum forfeited.
|
|win|soul deleter
|n|☆LyricSum|lyricsum
|n|☆soul deleter|souldeleter
|n| Stegozard|stegozard
|n| Hy3llo|hy3llo
|l|☆LyricSum
|player|p1|
