|j|☆pankeki5
|j|☆tunasidreams
|t:|1750724718
|gametype|doubles
|player|p1|pankeki5|rocketgruntf|1273
|player|p2|tunasidreams|veteran|1317
|teamsize|p1|6
|teamsize|p2|6
|gen|9
|tier|[Gen 9] VGC 2025 Reg I
|rated|
|rule|Species Clause: Limit one of each Pokémon
|rule|Item Clause: Limit 1 of each item
|clearpoke
|poke|p1|Calyrex-Shadow, L50|
|poke|p1|Rayquaza, L50|
|poke|p1|Flutter Mane, L50|
|poke|p1|Incineroar, L50, M|
|poke|p1|Rillaboom, L50, M|
|poke|p1|Chien-Pao, L50|
|poke|p2|Iron Hands, L50|
|poke|p2|Tsareena, L50, F|
|poke|p2|Kyogre, L50|
|poke|p2|Miraidon, L50|
|poke|p2|Tornadus, L50, M|
|poke|p2|Urshifu-*, L50, F|
|teampreview|4
|inactive|Battle timer is ON: inactive players will automatically lose when time's up. (requested by tunasidreams)
|
|t:|1750724769
|start
|switch|p1a: Rillaboom|Rillaboom, L50, M|100/100
|switch|p1b: Rayquaza|Rayquaza, L50, shiny|100/100
|switch|p2a: Miraidon|Miraidon, L50|100/100
|switch|p2b: Tornadus|Tornadus, L50, M|100/100
|-fieldstart|move: Electric Terrain|[from] ability: Hadron Engine|[of] p2a: Miraidon
|-ability|p1b: Rayquaza|Air Lock
|-fieldstart|move: Grassy Terrain|[from] ability: Grassy Surge|[of] p1a: Rillaboom
|turn|1
|inactive|pankeki5 has 30 seconds left.
|
|t:|1750724797
|switch|p2b: Tsareena|Tsareena, L50, F, shiny|100/100
|move|p2a: Miraidon|Draco Meteor|p1b: Rayquaza
|-supereffective|p1b: Rayquaza
|-damage|p1b: Rayquaza|0 fnt
|-unboost|p2a: Miraidon|spa|2
|faint|p1b: Rayquaza
|move|p1a: Rillaboom|High Horsepower|p2a: Miraidon
|-supereffective|p2a: Miraidon
|-damage|p2a: Miraidon|45/100
|
|-heal|p2a: Miraidon|51/100|[from] Grassy Terrain
|upkeep
|
|t:|1750724809
|switch|p1b: Calyrex|Calyrex-Shadow, L50|100/100
|-ability|p1b: Calyrex|As One
|-ability|p1b: Calyrex|Unnerve
|turn|2
|inactive|tunasidreams has 30 seconds left.
|
|t:|1750724842
|switch|p2a: Tornadus|Tornadus, L50, M|100/100
|move|p1b: Calyrex|Astral Barrage|p2b: Tsareena|[spread] p2a,p2b
|-damage|p2a: Tornadus|15/100
|-damage|p2b: Tsareena|8/100
|move|p2b: Tsareena|Taunt|p1b: Calyrex
|-start|p1b: Calyrex|move: Taunt
|move|p1a: Rillaboom|U-turn|p2b: Tsareena
|-supereffective|p2b: Tsareena
|-damage|p2b: Tsareena|0 fnt
|faint|p2b: Tsareena
|
|t:|1750724854
|switch|p1a: Incineroar|Incineroar, L50, M|100/100|[from] U-turn
|-ability|p1a: Incineroar|Intimidate|boost
|-unboost|p2a: Tornadus|atk|1
|
|upkeep
|
|t:|1750724862
|switch|p2b: Kyogre|Kyogre, L50|100/100
|-weather|RainDance|[from] ability: Drizzle|[of] p2b: Kyogre
|turn|3
|
|t:|1750724880
|-terastallize|p2b: Kyogre|Water
|move|p1a: Incineroar|Fake Out|p2a: Tornadus
|-damage|p2a: Tornadus|1/100
|move|p2a: Tornadus|Tailwind|p2a: Tornadus
|-sidestart|p2: tunasidreams|move: Tailwind
|move|p2b: Kyogre|Water Spout|p1a: Incineroar|[spread] p1a,p1b
|-supereffective|p1a: Incineroar
|-damage|p1a: Incineroar|0 fnt
|-damage|p1b: Calyrex|0 fnt
|faint|p1a: Incineroar
|faint|p1b: Calyrex
|
|-weather|RainDance|[upkeep]
|upkeep
|
|t:|1750724896
|switch|p1b: Rillaboom|Rillaboom, L50, M|100/100
|turn|4
|
|t:|1750724903
|switch|p2a: Miraidon|Miraidon, L50|51/100
|-fieldstart|move: Electric Terrain|[from] ability: Hadron Engine|[of] p2a: Miraidon
|move|p2b: Kyogre|Water Spout|p1b: Rillaboom
|-resisted|p1b: Rillaboom
|-damage|p1b: Rillaboom|49/100
|move|p1b: Rillaboom|Wood Hammer|p2b: Kyogre
|-supereffective|p2b: Kyogre
|-damage|p2b: Kyogre|0 fnt
|faint|p2b: Kyogre
|-damage|p1b: Rillaboom|21/100|[from] Recoil
|
|-weather|RainDance|[upkeep]
|upkeep
|
|t:|1750724918
|switch|p2b: Tornadus|Tornadus, L50, M|1/100
|turn|5
|
|t:|1750724927
|move|p2a: Miraidon|Thunder|p1b: Rillaboom
|-resisted|p1b: Rillaboom
|-damage|p1b: Rillaboom|0 fnt
|faint|p1b: Rillaboom
|
|win|tunasidreams
|raw|pankeki5's rating: 1273 &rarr; <strong>1251</strong><br />(-22 for losing)
|raw|tunasidreams's rating: 1317 &rarr; <strong>1334</strong><br />(+17 for winning)
