|j|☆m3e
|j|☆SpicySpicy1374
|t:|1750741250
|gametype|doubles
|player|p1|m3e|169|1190
|player|p2|SpicySpicy1374|266|1202
|teamsize|p1|6
|teamsize|p2|6
|gen|9
|tier|[Gen 9] VGC 2025 Reg I
|rated|
|rule|Species Clause: Limit one of each Pokémon
|rule|Item Clause: Limit 1 of each item
|clearpoke
|poke|p1|Lunala, L50|
|poke|p1|Ursaluna, L50, F|
|poke|p1|Urshifu-*, L50, M|
|poke|p1|Miraidon, L50|
|poke|p1|Grimmsnarl, L50, M|
|poke|p1|Incineroar, L50, F|
|poke|p2|Landorus, L50, M|
|poke|p2|Kyogre, L50|
|poke|p2|Farigiraf, L50, F|
|poke|p2|Incineroar, L50, M|
|poke|p2|Calyrex-Ice, L50|
|poke|p2|Regieleki, L50|
|teampreview|4
|inactive|Battle timer is ON: inactive players will automatically lose when time's up. (requested by m3e)
|inactive|m3e has 60 seconds left.
|
|t:|1750741285
|start
|switch|p1a: Lunala|Lunala, L50|100/100
|switch|p1b: Grimmsnarl|Grimmsnarl, L50, M|100/100
|switch|p2a: Kyogre|Kyogre, L50|100/100
|switch|p2b: Regieleki|Regieleki, L50|100/100
|-weather|RainDance|[from] ability: Drizzle|[of] p2a: Kyogre
|turn|1
|inactive|SpicySpicy1374 has 30 seconds left.
|
|t:|1750741311
|move|p1b: Grimmsnarl|Light Screen|p1b: Grimmsnarl
|-sidestart|p1: m3e|move: Light Screen
|move|p2b: Regieleki|Thunder|p1a: Lunala
|-damage|p1a: Lunala|85/100
|move|p2a: Kyogre|Ice Beam|p1a: Lunala
|-damage|p1a: Lunala|69/100
|move|p1a: Lunala|Trick Room|p1a: Lunala
|-fieldstart|move: Trick Room|[of] p1a: Lunala
|
|-weather|RainDance|[upkeep]
|upkeep
|turn|2
|inactive|m3e has 30 seconds left.
|
|t:|1750741338
|move|p2a: Kyogre|Protect|p2a: Kyogre
|-singleturn|p2a: Kyogre|Protect
|move|p1a: Lunala|Wide Guard|p1a: Lunala
|-singleturn|p1a: Lunala|Wide Guard
|move|p1b: Grimmsnarl|Spirit Break|p2a: Kyogre
|-activate|p2a: Kyogre|move: Protect
|move|p2b: Regieleki|Light Screen|p2b: Regieleki
|-sidestart|p2: SpicySpicy1374|move: Light Screen
|
|-weather|RainDance|[upkeep]
|upkeep
|turn|3
|
|t:|1750741361
|switch|p1b: Miraidon|Miraidon, L50|100/100
|-fieldstart|move: Electric Terrain|[from] ability: Hadron Engine|[of] p1b: Miraidon
|-enditem|p1a: Lunala|Electric Seed
|-boost|p1a: Lunala|def|1|[from] item: Electric Seed
|move|p2a: Kyogre|Ice Beam|p1a: Lunala
|-damage|p1a: Lunala|53/100
|move|p1a: Lunala|Moongeist Beam|p2b: Regieleki
|-damage|p2b: Regieleki|22/100
|move|p2b: Regieleki|Thunder|p1a: Lunala
|-damage|p1a: Lunala|9/100
|-status|p1a: Lunala|par
|
|-weather|RainDance|[upkeep]
|upkeep
|turn|4
|inactive|m3e has 30 seconds left.
|inactive|SpicySpicy1374 has 30 seconds left.
|
|t:|1750741395
|cant|p1a: Lunala|par
|move|p2a: Kyogre|Ice Beam|p1b: Miraidon
|-supereffective|p1b: Miraidon
|-damage|p1b: Miraidon|77/100
|-status|p1b: Miraidon|frz
|cant|p1b: Miraidon|frz
|move|p2b: Regieleki|Thunder|p1a: Lunala
|-damage|p1a: Lunala|0 fnt
|faint|p1a: Lunala
|
|-weather|RainDance|[upkeep]
|upkeep
|
|t:|1750741403
|switch|p1a: Ursaluna|Ursaluna, L50, F|100/100
|turn|5
|
|t:|1750741413
|switch|p1b: Grimmsnarl|Grimmsnarl, L50, M|100/100
|move|p2a: Kyogre|Protect|p2a: Kyogre
|-singleturn|p2a: Kyogre|Protect
|move|p1a: Ursaluna|Earthquake|p2b: Regieleki|[spread] p1b,p2b
|-activate|p2a: Kyogre|move: Protect
|-supereffective|p2b: Regieleki
|-damage|p1b: Grimmsnarl|52/100
|-damage|p2b: Regieleki|0 fnt
|faint|p2b: Regieleki
|
|-weather|none
|-fieldend|move: Trick Room
|-status|p1a: Ursaluna|brn|[from] item: Flame Orb
|upkeep
|
|t:|1750741425
|switch|p2b: Calyrex|Calyrex-Ice, L50|100/100
|-ability|p2b: Calyrex|As One
|-ability|p2b: Calyrex|Unnerve
|turn|6
|
|t:|1750741438
|-terastallize|p1a: Ursaluna|Ghost
|move|p1b: Grimmsnarl|Reflect|p1b: Grimmsnarl
|-sidestart|p1: m3e|Reflect
|move|p2a: Kyogre|Water Spout|p1a: Ursaluna|[spread] p1a,p1b
|-damage|p1a: Ursaluna|53/100 brn
|-damage|p1b: Grimmsnarl|8/100
|move|p1a: Ursaluna|Facade|p2b: Calyrex
|-damage|p2b: Calyrex|25/100
|move|p2b: Calyrex|Glacial Lance|p1b: Grimmsnarl|[spread] p1a,p1b
|-damage|p1a: Ursaluna|26/100 brn
|-damage|p1b: Grimmsnarl|0 fnt
|faint|p1b: Grimmsnarl
|-ability|p2b: Calyrex|Chilling Neigh|boost
|-boost|p2b: Calyrex|atk|1
|
|-damage|p1a: Ursaluna|20/100 brn|[from] brn
|-sideend|p2: SpicySpicy1374|move: Light Screen
|upkeep
|
|t:|1750741450
|switch|p1b: Miraidon|Miraidon, L50|77/100 frz
|-activate|p1b: Miraidon|ability: Hadron Engine
|turn|7
|
|t:|1750741463
|move|p2b: Calyrex|Protect|p2b: Calyrex
|-singleturn|p2b: Calyrex|Protect
|cant|p1b: Miraidon|frz
|move|p2a: Kyogre|Water Spout|p1b: Miraidon|[spread] p1a,p1b
|-resisted|p1b: Miraidon
|-damage|p1a: Ursaluna|0 fnt
|-damage|p1b: Miraidon|64/100 frz
|faint|p1a: Ursaluna
|
|-fieldend|move: Electric Terrain
|upkeep
|turn|8
|
|t:|1750741476
|-terastallize|p2a: Kyogre|Grass
|cant|p1b: Miraidon|frz
|move|p2a: Kyogre|Water Spout|p1b: Miraidon
|-resisted|p1b: Miraidon
|-damage|p1b: Miraidon|46/100 frz
|move|p2b: Calyrex|Glacial Lance|p1b: Miraidon
|-supereffective|p1b: Miraidon
|-damage|p1b: Miraidon|0 fnt
|faint|p1b: Miraidon
|
|win|SpicySpicy1374
|raw|m3e's rating: 1190 &rarr; <strong>1166</strong><br />(-24 for losing)
|raw|SpicySpicy1374's rating: 1202 &rarr; <strong>1226</strong><br />(+24 for winning)
|l|☆m3e
|player|p1|
|l|☆SpicySpicy1374
|player|p2|
