|j|☆pokegemon
|j|☆FairyLandAlice
|t:|1750769408
|gametype|doubles
|player|p1|pokegemon|170|1324
|player|p2|FairyLandAlice|caitlin|1332
|teamsize|p1|6
|teamsize|p2|6
|gen|9
|tier|[Gen 9] VGC 2025 Reg I
|rated|
|rule|Species Clause: Limit one of each Pokémon
|rule|Item Clause: Limit 1 of each item
|clearpoke
|poke|p1|Indeedee-F, L50, F|
|poke|p1|Calyrex-Shadow, L50|
|poke|p1|Drifblim, L50, F|
|poke|p1|Zamazenta-*, L50|
|poke|p1|Dondozo, L50, M|
|poke|p1|Tatsugiri, L50, M|
|poke|p2|Giratina-Origin, L50|
|poke|p2|Zamazenta-*, L50|
|poke|p2|Chien-Pao, L50|
|poke|p2|Entei, L50|
|poke|p2|Urshifu-*, L50, F|
|poke|p2|Rillaboom, L50, F|
|teampreview|4
|inactive|Battle timer is ON: inactive players will automatically lose when time's up. (requested by pokegemon)
|
|t:|1750769440
|start
|switch|p1a: Indeedee|Indeedee-F, L50, F|100/100
|switch|p1b: Drifblim|Drifblim, L50, F, shiny|100/100
|switch|p2a: Urshifu|Urshifu-Rapid-Strike, L50, F|100/100
|switch|p2b: Chien-Pao|Chien-Pao, L50|100/100
|-ability|p2b: Chien-Pao|Sword of Ruin
|-fieldstart|move: Psychic Terrain|[from] ability: Psychic Surge|[of] p1a: Indeedee
|-enditem|p1b: Drifblim|Psychic Seed
|-boost|p1b: Drifblim|spd|1|[from] item: Psychic Seed
|turn|1
|inactive|FairyLandAlice has 30 seconds left.
|inactive|FairyLandAlice has 20 seconds left.
|inactive|FairyLandAlice has 15 seconds left.
|
|t:|1750769483
|move|p1a: Indeedee|Follow Me|p1a: Indeedee
|-singleturn|p1a: Indeedee|move: Follow Me
|move|p1b: Drifblim|Minimize|p1b: Drifblim
|-boost|p1b: Drifblim|evasion|2
|move|p2a: Urshifu|Coaching|p2b: Chien-Pao
|-boost|p2b: Chien-Pao|atk|1
|-boost|p2b: Chien-Pao|def|1
|move|p2b: Chien-Pao|Crunch|p1a: Indeedee
|-supereffective|p1a: Indeedee
|-damage|p1a: Indeedee|0 fnt
|faint|p1a: Indeedee
|
|upkeep
|
|t:|1750769494
|switch|p1a: Calyrex|Calyrex-Shadow, L50|100/100
|-ability|p1a: Calyrex|As One
|-ability|p1a: Calyrex|Unnerve
|turn|2
|inactive|FairyLandAlice has 30 seconds left.
|inactive|FairyLandAlice has 20 seconds left.
|
|t:|1750769530
|-terastallize|p1b: Drifblim|Dark
|move|p1a: Calyrex|Protect|p1a: Calyrex
|-singleturn|p1a: Calyrex|Protect
|move|p1b: Drifblim|Minimize|p1b: Drifblim
|-boost|p1b: Drifblim|evasion|2
|move|p2a: Urshifu|Coaching|p2b: Chien-Pao
|-boost|p2b: Chien-Pao|atk|1
|-boost|p2b: Chien-Pao|def|1
|move|p2b: Chien-Pao|Icicle Crash|p1a: Calyrex
|-activate|p1a: Calyrex|move: Protect
|
|upkeep
|turn|3
|inactive|FairyLandAlice has 30 seconds left.
|
|t:|1750769561
|move|p2b: Chien-Pao|Protect|p2b: Chien-Pao
|-singleturn|p2b: Chien-Pao|Protect
|move|p1b: Drifblim|Minimize|p1b: Drifblim
|-boost|p1b: Drifblim|evasion|2
|move|p2a: Urshifu|Coaching|p2b: Chien-Pao
|-boost|p2b: Chien-Pao|atk|1
|-boost|p2b: Chien-Pao|def|1
|move|p1a: Calyrex|Psych Up|p1b: Drifblim
|-copyboost|p1a: Calyrex|p1b: Drifblim|[from] move: Psych Up
|
|upkeep
|turn|4
|
|t:|1750769583
|move|p1b: Drifblim|Baton Pass|p1b: Drifblim
|inactive|pokegemon has 30 seconds left.
|inactive|pokegemon has 20 seconds left.
|inactive|pokegemon has 15 seconds left.
|
|t:|1750769624
|switch|p1b: Zamazenta|Zamazenta-Crowned, L50|100/100|[from] Baton Pass
|-ability|p1b: Zamazenta|Dauntless Shield|boost
|-boost|p1b: Zamazenta|def|1
|move|p2a: Urshifu|Coaching|p2b: Chien-Pao
|-boost|p2b: Chien-Pao|atk|1
|-boost|p2b: Chien-Pao|def|1
|move|p1a: Calyrex|Astral Barrage|p2b: Chien-Pao|[spread] p2a,p2b
|-resisted|p2b: Chien-Pao
|-damage|p2a: Urshifu|12/100
|-damage|p2b: Chien-Pao|58/100
|move|p2b: Chien-Pao|Crunch|p1a: Calyrex|[miss]
|-miss|p2b: Chien-Pao|p1a: Calyrex
|
|upkeep
|turn|5
|-message|FairyLandAlice forfeited.
|
|win|pokegemon
|raw|pokegemon's rating: 1324 &rarr; <strong>1344</strong><br />(+20 for winning)
|raw|FairyLandAlice's rating: 1332 &rarr; <strong>1312</strong><br />(-20 for losing)
|l|☆FairyLandAlice
|player|p2|
|l|☆pokegemon
|player|p1|
