|j|☆zeus007
|j|☆Splebel
|t:|1750845144
|gametype|doubles
|player|p1|zeus007|n|1191
|player|p2|Splebel|hexmaniac-gen6|1268
|teamsize|p1|6
|teamsize|p2|6
|gen|9
|tier|[Gen 9] VGC 2025 Reg I
|rated|
|rule|Species Clause: Limit one of each Pokémon
|rule|Item Clause: Limit 1 of each item
|clearpoke
|poke|p1|Koraidon, L50|
|poke|p1|Zamazenta-*, L50|
|poke|p1|Typhlosion-Hisui, L50, M|
|poke|p1|Raichu, L50, M|
|poke|p1|Amoonguss, L50, F|
|poke|p1|Rillaboom, L50, F|
|poke|p2|Eternatus, L50|
|poke|p2|Giratina, L50|
|poke|p2|Pincurchin, L50, M|
|poke|p2|Ninetales-Alola, L50, M|
|poke|p2|Glimmora, L50, F|
|poke|p2|Ditto, L50|
|teampreview|4
|
|t:|1750845199
|start
|switch|p1a: Koraidon|Koraidon, L50|100/100
|switch|p1b: Typhlosion|Typhlosion-Hisui, L50, M|100/100
|switch|p2a: Eternatus|Eternatus, L50|100/100
|switch|p2b: Pincurchin|Pincurchin, L50, M|100/100
|-item|p2a: Eternatus|Black Sludge|[from] ability: Frisk|[of] p1b: Typhlosion
|-item|p2b: Pincurchin|Sitrus Berry|[from] ability: Frisk|[of] p1b: Typhlosion
|-weather|SunnyDay|[from] ability: Orichalcum Pulse|[of] p1a: Koraidon
|-activate|p1a: Koraidon|Orichalcum Pulse|[source]
|-ability|p2a: Eternatus|Pressure
|turn|1
|inactive|Battle timer is ON: inactive players will automatically lose when time's up. (requested by zeus007)
|inactive|zeus007 has 60 seconds left.
|
|t:|1750845231
|switch|p2b: Ninetales|Ninetales-Alola, L50, M|100/100
|-weather|Snowscape|[from] ability: Snow Warning|[of] p2b: Ninetales
|move|p1b: Typhlosion|Eruption|p2b: Ninetales|[spread] p2a,p2b
|-resisted|p2a: Eternatus
|-supereffective|p2b: Ninetales
|-damage|p2a: Eternatus|83/100
|-damage|p2b: Ninetales|0 fnt
|faint|p2b: Ninetales
|move|p1a: Koraidon|Flame Charge|p2a: Eternatus
|-resisted|p2a: Eternatus
|-damage|p2a: Eternatus|75/100
|-boost|p1a: Koraidon|spe|1
|-damage|p1a: Koraidon|91/100|[from] item: Life Orb
|move|p2a: Eternatus|Cosmic Power|p2a: Eternatus
|-boost|p2a: Eternatus|def|1
|-boost|p2a: Eternatus|spd|1
|
|-weather|Snowscape|[upkeep]
|-heal|p2a: Eternatus|81/100|[from] item: Black Sludge
|upkeep
|
|t:|1750845249
|switch|p2b: Ditto|Ditto, L50|100/100
|-transform|p2b: Ditto|p1a: Koraidon|[from] ability: Imposter
|-weather|SunnyDay|[from] ability: Orichalcum Pulse|[of] p2b: Ditto
|-activate|p2b: Ditto|Orichalcum Pulse|[source]
|turn|2
|
|t:|1750845271
|move|p2b: Ditto|Flare Blitz|p1b: Typhlosion
|-resisted|p1b: Typhlosion
|-damage|p1b: Typhlosion|37/100
|-damage|p2b: Ditto|80/100|[from] Recoil
|move|p1a: Koraidon|Close Combat|p2b: Ditto
|-damage|p2b: Ditto|0 fnt
|-unboost|p1a: Koraidon|def|1
|-unboost|p1a: Koraidon|spd|1
|faint|p2b: Ditto
|-damage|p1a: Koraidon|81/100|[from] item: Life Orb
|move|p1b: Typhlosion|Eruption|p2a: Eternatus
|-resisted|p2a: Eternatus
|-damage|p2a: Eternatus|71/100
|move|p2a: Eternatus|Cosmic Power|p2a: Eternatus
|-boost|p2a: Eternatus|def|1
|-boost|p2a: Eternatus|spd|1
|
|-weather|SunnyDay|[upkeep]
|-heal|p2a: Eternatus|77/100|[from] item: Black Sludge
|upkeep
|
|t:|1750845289
|switch|p2b: Pincurchin|Pincurchin, L50, M|100/100
|turn|3
|
|t:|1750845300
|switch|p1b: Zamazenta|Zamazenta-Crowned, L50|100/100
|-ability|p1b: Zamazenta|Dauntless Shield|boost
|-boost|p1b: Zamazenta|def|1
|-terastallize|p2b: Pincurchin|Fairy
|move|p1a: Koraidon|Flame Charge|p2b: Pincurchin
|-damage|p2b: Pincurchin|53/100
|-boost|p1a: Koraidon|spe|1
|-damage|p1a: Koraidon|72/100|[from] item: Life Orb
|move|p2a: Eternatus|Cosmic Power|p2a: Eternatus
|-boost|p2a: Eternatus|def|1
|-boost|p2a: Eternatus|spd|1
|move|p2b: Pincurchin|Acupressure|p2a: Eternatus
|-boost|p2a: Eternatus|def|2
|
|-weather|SunnyDay|[upkeep]
|-heal|p2a: Eternatus|83/100|[from] item: Black Sludge
|upkeep
|turn|4
|inactive|zeus007 has 30 seconds left.
|inactive|zeus007 has 20 seconds left.
|inactive|zeus007 has 15 seconds left.
|
|t:|1750845342
|move|p1a: Koraidon|Flare Blitz|p2b: Pincurchin
|-damage|p2b: Pincurchin|0 fnt
|faint|p2b: Pincurchin
|-damage|p1a: Koraidon|56/100|[from] Recoil
|-damage|p1a: Koraidon|47/100|[from] item: Life Orb
|move|p1b: Zamazenta|Behemoth Bash|p2a: Eternatus
|-damage|p2a: Eternatus|75/100
|move|p2a: Eternatus|Toxic|p1a: Koraidon
|-status|p1a: Koraidon|tox
|
|-weather|SunnyDay|[upkeep]
|-heal|p2a: Eternatus|81/100|[from] item: Black Sludge
|-damage|p1a: Koraidon|40/100 tox|[from] psn
|upkeep
|turn|5
|inactive|zeus007 has 30 seconds left.
|
|t:|1750845368
|switch|p1a: Amoonguss|Amoonguss, L50, F|100/100
|move|p1b: Zamazenta|Body Press|p2a: Eternatus
|-resisted|p2a: Eternatus
|-damage|p2a: Eternatus|74/100
|move|p2a: Eternatus|Cosmic Power|p2a: Eternatus
|-boost|p2a: Eternatus|def|1
|-boost|p2a: Eternatus|spd|1
|
|-weather|SunnyDay|[upkeep]
|-heal|p2a: Eternatus|80/100|[from] item: Black Sludge
|upkeep
|turn|6
|
|t:|1750845384
|move|p1b: Zamazenta|Behemoth Bash|p2a: Eternatus
|-damage|p2a: Eternatus|73/100
|move|p2a: Eternatus|Venoshock|p1a: Amoonguss
|-damage|p1a: Amoonguss|70/100
|move|p1a: Amoonguss|Spore|p2a: Eternatus
|-status|p2a: Eternatus|slp|[from] move: Spore
|
|-weather|none
|-heal|p2a: Eternatus|79/100 slp|[from] item: Black Sludge
|upkeep
|turn|7
|
|t:|1750845399
|switch|p1a: Typhlosion|Typhlosion-Hisui, L50, M|37/100
|-item|p2a: Eternatus|Black Sludge|[from] ability: Frisk|[of] p1a: Typhlosion
|move|p1b: Zamazenta|Behemoth Bash|p2a: Eternatus
|-damage|p2a: Eternatus|72/100 slp
|cant|p2a: Eternatus|slp
|
|-heal|p2a: Eternatus|78/100 slp|[from] item: Black Sludge
|upkeep
|turn|8
|
|t:|1750845412
|move|p1a: Typhlosion|Shadow Ball|p2a: Eternatus
|-damage|p2a: Eternatus|69/100 slp
|move|p1b: Zamazenta|Behemoth Bash|p2a: Eternatus
|-crit|p2a: Eternatus
|-damage|p2a: Eternatus|27/100 slp
|-curestatus|p2a: Eternatus|slp|[msg]
|move|p2a: Eternatus|Venoshock|p1a: Typhlosion
|-resisted|p1a: Typhlosion
|-damage|p1a: Typhlosion|16/100
|
|-heal|p2a: Eternatus|33/100|[from] item: Black Sludge
|upkeep
|turn|9
|
|t:|1750845429
|move|p1a: Typhlosion|Shadow Ball|p2a: Eternatus
|-damage|p2a: Eternatus|23/100
|move|p1b: Zamazenta|Body Press|p2a: Eternatus
|-resisted|p2a: Eternatus
|-damage|p2a: Eternatus|17/100
|move|p2a: Eternatus|Recover|p2a: Eternatus
|-heal|p2a: Eternatus|67/100
|
|-heal|p2a: Eternatus|73/100|[from] item: Black Sludge
|upkeep
|turn|10
|
|t:|1750845441
|move|p1a: Typhlosion|Shadow Ball|p2a: Eternatus
|-damage|p2a: Eternatus|64/100
|move|p1b: Zamazenta|Body Press|p2a: Eternatus
|-resisted|p2a: Eternatus
|-damage|p2a: Eternatus|58/100
|move|p2a: Eternatus|Venoshock|p1a: Typhlosion
|-resisted|p1a: Typhlosion
|-damage|p1a: Typhlosion|0 fnt
|faint|p1a: Typhlosion
|
|-heal|p2a: Eternatus|64/100|[from] item: Black Sludge
|upkeep
|
|t:|1750845453
|switch|p1a: Amoonguss|Amoonguss, L50, F|100/100
|turn|11
|
|t:|1750845461
|move|p1b: Zamazenta|Body Press|p2a: Eternatus
|-resisted|p2a: Eternatus
|-damage|p2a: Eternatus|58/100
|move|p2a: Eternatus|Recover|p2a: Eternatus
|-heal|p2a: Eternatus|100/100
|move|p1a: Amoonguss|Spore|p2a: Eternatus
|-status|p2a: Eternatus|slp|[from] move: Spore
|
|upkeep
|turn|12
|
|t:|1750845473
|switch|p1a: Koraidon|Koraidon, L50|40/100 tox
|-weather|SunnyDay|[from] ability: Orichalcum Pulse|[of] p1a: Koraidon
|-activate|p1a: Koraidon|Orichalcum Pulse|[source]
|move|p1b: Zamazenta|Body Press|p2a: Eternatus
|-resisted|p2a: Eternatus
|-damage|p2a: Eternatus|94/100 slp
|cant|p2a: Eternatus|slp
|
|-weather|SunnyDay|[upkeep]
|-heal|p2a: Eternatus|100/100 slp|[from] item: Black Sludge
|-damage|p1a: Koraidon|34/100 tox|[from] psn
|upkeep
|turn|13
|
|t:|1750845491
|move|p1a: Koraidon|Close Combat|p2a: Eternatus
|-resisted|p2a: Eternatus
|-damage|p2a: Eternatus|90/100 slp
|-unboost|p1a: Koraidon|def|1
|-unboost|p1a: Koraidon|spd|1
|-damage|p1a: Koraidon|24/100 tox|[from] item: Life Orb
|move|p1b: Zamazenta|Body Press|p2a: Eternatus
|-resisted|p2a: Eternatus
|-damage|p2a: Eternatus|83/100 slp
|-curestatus|p2a: Eternatus|slp|[msg]
|move|p2a: Eternatus|Venoshock|p1a: Koraidon
|-damage|p1a: Koraidon|0 fnt
|faint|p1a: Koraidon
|
|-weather|SunnyDay|[upkeep]
|-heal|p2a: Eternatus|90/100|[from] item: Black Sludge
|upkeep
|
|t:|1750845506
|switch|p1a: Amoonguss|Amoonguss, L50, F|100/100
|turn|14
|
|t:|1750845511
|move|p1b: Zamazenta|Body Press|p2a: Eternatus
|-resisted|p2a: Eternatus
|-damage|p2a: Eternatus|84/100
|move|p2a: Eternatus|Venoshock|p1a: Amoonguss
|-damage|p1a: Amoonguss|74/100
|move|p1a: Amoonguss|Spore|p2a: Eternatus
|-status|p2a: Eternatus|slp|[from] move: Spore
|
|-weather|SunnyDay|[upkeep]
|-heal|p2a: Eternatus|90/100 slp|[from] item: Black Sludge
|upkeep
|turn|15
|
|t:|1750845532
|move|p1b: Zamazenta|Body Press|p2a: Eternatus
|-resisted|p2a: Eternatus
|-damage|p2a: Eternatus|84/100 slp
|cant|p2a: Eternatus|slp
|move|p1a: Amoonguss|Pollen Puff|p2a: Eternatus
|-resisted|p2a: Eternatus
|-damage|p2a: Eternatus|82/100 slp
|
|-weather|SunnyDay|[upkeep]
|-heal|p2a: Eternatus|88/100 slp|[from] item: Black Sludge
|upkeep
|turn|16
|inactive|zeus007 has 30 seconds left.
|-message|zeus007 forfeited.
|
|win|Splebel
|raw|zeus007's rating: 1191 &rarr; <strong>1171</strong><br />(-20 for losing)
|raw|Splebel's rating: 1268 &rarr; <strong>1288</strong><br />(+20 for winning)
|l|☆zeus007
|player|p1|
|l|☆Splebel
|player|p2|
