|j|☆sustickets
|j|☆Pooooder34
|t:|1750712333
|gametype|doubles
|player|p1|sustickets|266|1365
|player|p2|Pooooder34|169|1379
|teamsize|p1|6
|teamsize|p2|6
|gen|9
|tier|[Gen 9] VGC 2025 Reg I
|rated|
|rule|Species Clause: Limit one of each Pokémon
|rule|Item Clause: Limit 1 of each item
|clearpoke
|poke|p1|Terapagos, L50, M|
|poke|p1|Incineroar, L50, M|
|poke|p1|Miraidon, L50|
|poke|p1|Farigiraf, L50, M|
|poke|p1|Dragapult, L50, F|
|poke|p1|Rillaboom, L50, M|
|poke|p2|Chi-Yu, L50|
|poke|p2|Weezing-Galar, L50, F|
|poke|p2|Walking Wake, L50|
|poke|p2|Calyrex-Shadow, L50|
|poke|p2|Brute Bonnet, L50|
|poke|p2|Koraidon, L50|
|teampreview|4
|inactive|Battle timer is ON: inactive players will automatically lose when time's up. (requested by Pooooder34)
|
|t:|1750712382
|start
|switch|p1a: Terapagos|Terapagos, L50, M|100/100
|switch|p1b: Miraidon|Miraidon, L50|100/100
|switch|p2a: Calyrex|Calyrex-Shadow, L50|100/100
|switch|p2b: Weezing|Weezing-Galar, L50, F|100/100
|-ability|p2b: Weezing|Neutralizing Gas
|-activate|p1a: Terapagos|ability: Tera Shift
|detailschange|p1a: Terapagos|Terapagos-Terastal, L50, M
|-heal|p1a: Terapagos|100/100|[silent]
|-ability|p2a: Calyrex|As One
|-ability|p2a: Calyrex|Unnerve
|turn|1
|inactive|Pooooder34 has 30 seconds left.
|
|t:|1750712417
|move|p1b: Miraidon|Volt Switch|p2a: Calyrex
|-damage|p2a: Calyrex|59/100
|
|t:|1750712421
|switch|p1b: Incineroar|Incineroar, L50, M|100/100|[from] Volt Switch
|move|p2a: Calyrex|Psychic|p1b: Incineroar
|-immune|p1b: Incineroar
|move|p1a: Terapagos|Calm Mind|p1a: Terapagos
|-boost|p1a: Terapagos|spa|1
|-boost|p1a: Terapagos|spd|1
|move|p2b: Weezing|Strange Steam|p1b: Incineroar
|-damage|p1b: Incineroar|78/100
|
|upkeep
|turn|2
|inactive|sustickets has 30 seconds left.
|inactive|sustickets has 20 seconds left.
|inactive|sustickets has 15 seconds left.
|inactive|sustickets has 10 seconds left.
|
|t:|1750712470
|-end|p2b: Weezing|ability: Neutralizing Gas
|-ability|p1b: Incineroar|Intimidate|boost
|-unboost|p2a: Calyrex|atk|1
|-unboost|p2b: Weezing|atk|1
|switch|p2b: Koraidon|Koraidon, L50|100/100
|-weather|SunnyDay|[from] ability: Orichalcum Pulse|[of] p2b: Koraidon
|-activate|p2b: Koraidon|Orichalcum Pulse|[source]
|-terastallize|p1a: Terapagos|Stellar
|detailschange|p1a: Terapagos|Terapagos-Stellar, L50, M, tera:Stellar
|-heal|p1a: Terapagos|100/100|[silent]
|-ability|p1a: Terapagos|Teraform Zero
|-weather|none
|move|p2a: Calyrex|Encore|p1a: Terapagos
|-start|p1a: Terapagos|Encore
|move|p1a: Terapagos|Calm Mind|p1a: Terapagos
|-boost|p1a: Terapagos|spa|1
|-boost|p1a: Terapagos|spd|1
|move|p1b: Incineroar|Flare Blitz|p2b: Koraidon
|-resisted|p2b: Koraidon
|-damage|p2b: Koraidon|82/100
|-status|p2b: Koraidon|brn
|-damage|p1b: Incineroar|72/100|[from] Recoil
|
|-damage|p2b: Koraidon|76/100 brn|[from] brn
|upkeep
|turn|3
|inactive|sustickets has 30 seconds left.
|
|t:|1750712503
|switch|p1a: Dragapult|Dragapult, L50, F|100/100
|move|p2a: Calyrex|Encore|p1b: Incineroar
|-start|p1b: Incineroar|Encore
|move|p2b: Koraidon|Flame Charge|p1a: Dragapult
|-resisted|p1a: Dragapult
|-crit|p1a: Dragapult
|-damage|p1a: Dragapult|92/100
|-boost|p2b: Koraidon|spe|1
|move|p1b: Incineroar|Flare Blitz|p2a: Calyrex
|-damage|p2a: Calyrex|0 fnt
|faint|p2a: Calyrex
|-damage|p1b: Incineroar|55/100|[from] Recoil
|
|-damage|p2b: Koraidon|71/100 brn|[from] brn
|upkeep
|
|t:|1750712517
|switch|p2a: Chi-Yu|Chi-Yu, L50|100/100
|-ability|p2a: Chi-Yu|Beads of Ruin
|turn|4
|inactive|sustickets has 30 seconds left.
|
|t:|1750712552
|switch|p1a: Terapagos|Terapagos-Stellar, L50, M, tera:Stellar|100/100
|move|p2b: Koraidon|Collision Course|p1b: Incineroar
|-supereffective|p1b: Incineroar
|-damage|p1b: Incineroar|0 fnt
|faint|p1b: Incineroar
|move|p2a: Chi-Yu|Dark Pulse|p1a: Terapagos
|-damage|p1a: Terapagos|64/100
|
|-heal|p1a: Terapagos|70/100|[from] item: Leftovers
|-damage|p2b: Koraidon|65/100 brn|[from] brn
|upkeep
|
|t:|1750712577
|switch|p1b: Miraidon|Miraidon, L50|100/100
|-fieldstart|move: Electric Terrain|[from] ability: Hadron Engine|[of] p1b: Miraidon
|turn|5
|
|t:|1750712600
|move|p1a: Terapagos|Protect|p1a: Terapagos
|-singleturn|p1a: Terapagos|Protect
|move|p1b: Miraidon|Draco Meteor|p2b: Koraidon
|-supereffective|p2b: Koraidon
|-damage|p2b: Koraidon|0 fnt
|-unboost|p1b: Miraidon|spa|2
|faint|p2b: Koraidon
|move|p2a: Chi-Yu|Dark Pulse|p1b: Miraidon
|-damage|p1b: Miraidon|54/100
|
|-heal|p1a: Terapagos|76/100|[from] item: Leftovers
|upkeep
|
|t:|1750712603
|switch|p2b: Weezing|Weezing-Galar, L50, F|100/100
|-ability|p2b: Weezing|Neutralizing Gas
|turn|6
|
|t:|1750712620
|switch|p1b: Dragapult|Dragapult, L50, F|92/100
|move|p2a: Chi-Yu|Dark Pulse|p1a: Terapagos
|-damage|p1a: Terapagos|47/100
|move|p1a: Terapagos|Earth Power|p2a: Chi-Yu
|-supereffective|p2a: Chi-Yu
|-damage|p2a: Chi-Yu|10/100
|move|p2b: Weezing|Strange Steam|p1a: Terapagos
|-damage|p1a: Terapagos|30/100
|
|-heal|p1a: Terapagos|36/100|[from] item: Leftovers
|upkeep
|turn|7
|
|t:|1750712634
|move|p2a: Chi-Yu|Dark Pulse|p1b: Dragapult
|-supereffective|p1b: Dragapult
|-damage|p1b: Dragapult|0 fnt
|faint|p1b: Dragapult
|move|p1a: Terapagos|Tera Starstorm|p2b: Weezing|[spread] p2a,p2b
|-damage|p2a: Chi-Yu|0 fnt
|-damage|p2b: Weezing|62/100
|faint|p2a: Chi-Yu
|move|p2b: Weezing|Strange Steam|p1a: Terapagos
|-damage|p1a: Terapagos|20/100
|
|-heal|p1a: Terapagos|26/100|[from] item: Leftovers
|upkeep
|
|t:|1750712639
|switch|p1b: Miraidon|Miraidon, L50|54/100
|turn|8
|
|t:|1750712648
|move|p2b: Weezing|Protect|p2b: Weezing
|-singleturn|p2b: Weezing|Protect
|move|p1b: Miraidon|Electro Drift|p2b: Weezing
|-activate|p2b: Weezing|move: Protect
|move|p1a: Terapagos|Earth Power|p2b: Weezing
|-activate|p2b: Weezing|move: Protect
|
|-heal|p1a: Terapagos|32/100|[from] item: Leftovers
|upkeep
|turn|9
|
|t:|1750712656
|move|p2b: Weezing|Protect||[still]
|-fail|p2b: Weezing
|move|p1b: Miraidon|Electro Drift|p2b: Weezing
|-damage|p2b: Weezing|0 fnt
|faint|p2b: Weezing
|-end|p2b: Weezing|ability: Neutralizing Gas
|-activate|p1b: Miraidon|ability: Hadron Engine
|
|win|sustickets
|raw|sustickets's rating: 1365 &rarr; <strong>1386</strong><br />(+21 for winning)
|raw|Pooooder34's rating: 1379 &rarr; <strong>1358</strong><br />(-21 for losing)
|l|☆Pooooder34
|player|p2|
|l|☆sustickets
|player|p1|
