|j|☆fntzz
|j|☆Sommyy
|t:|1750858060
|gametype|doubles
|player|p1|fntzz|clown|1075
|player|p2|Sommyy|palmer|1090
|teamsize|p1|6
|teamsize|p2|6
|gen|9
|tier|[Gen 9] VGC 2025 Reg I
|rated|
|rule|Species Clause: Limit one of each Pokémon
|rule|Item Clause: Limit 1 of each item
|clearpoke
|poke|p1|Koraidon, L50|
|poke|p1|Zamazenta-*, L50|
|poke|p1|Chi-Yu, L50|
|poke|p1|Whimsicott, L50, F|
|poke|p1|Raging Bolt, L50|
|poke|p1|Weezing-Galar, L50, F|
|poke|p2|Koraidon, L50|
|poke|p2|Flutter Mane, L50|
|poke|p2|Scream Tail, L50|
|poke|p2|Calyrex-Shadow, L50|
|poke|p2|Incineroar, L50, M|
|poke|p2|Lilligant-Hisui, L50, F|
|teampreview|4
|
|t:|1750858113
|start
|switch|p1a: Koraidon|Koraidon, L50|100/100
|switch|p1b: Whimsicott|Whimsicott, L50, F|100/100
|switch|p2a: Koraidon|Koraidon, L50|100/100
|switch|p2b: Incineroar|Incineroar, L50, M|100/100
|-weather|SunnyDay|[from] ability: Orichalcum Pulse|[of] p2a: Koraidon
|-activate|p2a: Koraidon|Orichalcum Pulse|[source]
|-activate|p1a: Koraidon|ability: Orichalcum Pulse
|-ability|p2b: Incineroar|Intimidate|boost
|-unboost|p1a: Koraidon|atk|1
|-unboost|p1b: Whimsicott|atk|1
|turn|1
|
|t:|1750858129
|move|p1a: Koraidon|Protect|p1a: Koraidon
|-singleturn|p1a: Koraidon|Protect
|move|p2b: Incineroar|Fake Out|p1a: Koraidon
|-activate|p1a: Koraidon|move: Protect
|move|p1b: Whimsicott|Tailwind|p1b: Whimsicott
|-sidestart|p1: fntzz|move: Tailwind
|move|p2a: Koraidon|Flare Blitz|p1b: Whimsicott
|-supereffective|p1b: Whimsicott
|-damage|p1b: Whimsicott|0 fnt
|faint|p1b: Whimsicott
|-damage|p2a: Koraidon|75/100|[from] Recoil
|
|-weather|SunnyDay|[upkeep]
|upkeep
|
|t:|1750858144
|switch|p1b: Chi-Yu|Chi-Yu, L50|100/100
|-ability|p1b: Chi-Yu|Beads of Ruin
|turn|2
|
|t:|1750858187
|move|p1b: Chi-Yu|Heat Wave|p2b: Incineroar|[spread] p2a,p2b
|-resisted|p2a: Koraidon
|-resisted|p2b: Incineroar
|-damage|p2a: Koraidon|34/100
|-damage|p2b: Incineroar|73/100
|move|p1a: Koraidon|Collision Course|p2a: Koraidon
|-damage|p2a: Koraidon|0 fnt
|faint|p2a: Koraidon
|move|p2b: Incineroar|Parting Shot|p1b: Chi-Yu
|-unboost|p1b: Chi-Yu|atk|1
|-unboost|p1b: Chi-Yu|spa|1
|
|t:|1750858200
|switch|p2b: Calyrex|Calyrex-Shadow, L50|100/100|[from] Parting Shot
|-ability|p2b: Calyrex|As One
|-ability|p2b: Calyrex|Unnerve
|
|-weather|SunnyDay|[upkeep]
|upkeep
|
|t:|1750858206
|switch|p2a: Incineroar|Incineroar, L50, M|73/100
|-ability|p2a: Incineroar|Intimidate|boost
|-unboost|p1a: Koraidon|atk|1
|-unboost|p1b: Chi-Yu|atk|1
|turn|3
|
|t:|1750858244
|switch|p1b: Zamazenta|Zamazenta-Crowned, L50|100/100
|-ability|p1b: Zamazenta|Dauntless Shield|boost
|-boost|p1b: Zamazenta|def|1
|-terastallize|p2b: Calyrex|Fairy
|move|p1a: Koraidon|Protect|p1a: Koraidon
|-singleturn|p1a: Koraidon|Protect
|move|p2a: Incineroar|Fake Out|p1b: Zamazenta
|-resisted|p1b: Zamazenta
|-damage|p1b: Zamazenta|98/100
|move|p2b: Calyrex|Tera Blast|p1a: Koraidon|[anim] Tera Blast Fairy
|-activate|p1a: Koraidon|move: Protect
|
|-weather|SunnyDay|[upkeep]
|-heal|p2a: Incineroar|79/100|[from] item: Leftovers
|upkeep
|turn|4
|
|t:|1750858282
|switch|p1a: Chi-Yu|Chi-Yu, L50|100/100
|-ability|p1a: Chi-Yu|Beads of Ruin
|move|p1b: Zamazenta|Wide Guard|p1b: Zamazenta
|-singleturn|p1b: Zamazenta|Wide Guard
|move|p2b: Calyrex|Astral Barrage|p1a: Chi-Yu|[spread] 
|-activate|p1a: Chi-Yu|move: Wide Guard
|-activate|p1b: Zamazenta|move: Wide Guard
|move|p2a: Incineroar|Knock Off|p1a: Chi-Yu
|-resisted|p1a: Chi-Yu
|-crit|p1a: Chi-Yu
|-damage|p1a: Chi-Yu|55/100
|-enditem|p1a: Chi-Yu|Choice Scarf|[from] move: Knock Off|[of] p2a: Incineroar
|
|-weather|SunnyDay|[upkeep]
|-heal|p2a: Incineroar|85/100|[from] item: Leftovers
|-sideend|p1: fntzz|move: Tailwind
|upkeep
|turn|5
|
|t:|1750858308
|move|p2b: Calyrex|Psychic|p1b: Zamazenta
|-damage|p1b: Zamazenta|35/100
|-damage|p2b: Calyrex|91/100|[from] item: Life Orb
|move|p1b: Zamazenta|Heavy Slam|p2b: Calyrex
|-supereffective|p2b: Calyrex
|-damage|p2b: Calyrex|0 fnt
|faint|p2b: Calyrex
|move|p1a: Chi-Yu|Heat Wave|p2a: Incineroar
|-resisted|p2a: Incineroar
|-crit|p2a: Incineroar
|-damage|p2a: Incineroar|28/100
|move|p2a: Incineroar|Parting Shot|p1a: Chi-Yu
|-unboost|p1a: Chi-Yu|atk|1
|-unboost|p1a: Chi-Yu|spa|1
|
|t:|1750858322
|switch|p2a: Scream Tail|Scream Tail, L50, shiny|100/100|[from] Parting Shot
|-activate|p2a: Scream Tail|ability: Protosynthesis
|-start|p2a: Scream Tail|protosynthesisspe
|
|-weather|none
|-end|p2a: Scream Tail|Protosynthesis
|upkeep
|
|t:|1750858329
|switch|p2b: Incineroar|Incineroar, L50, M|28/100
|-ability|p2b: Incineroar|Intimidate|boost
|-unboost|p1a: Chi-Yu|atk|1
|-unboost|p1b: Zamazenta|atk|1
|turn|6
|
|t:|1750858352
|move|p2b: Incineroar|Fake Out|p1a: Chi-Yu
|-damage|p1a: Chi-Yu|39/100
|move|p2a: Scream Tail|Imprison|p2a: Scream Tail
|-start|p2a: Scream Tail|move: Imprison
|move|p1b: Zamazenta|Heavy Slam|p2a: Scream Tail
|-supereffective|p2a: Scream Tail
|-damage|p2a: Scream Tail|46/100
|cant|p1a: Chi-Yu|flinch
|
|-heal|p2b: Incineroar|34/100|[from] item: Leftovers
|upkeep
|turn|7
|
|t:|1750858382
|move|p2a: Scream Tail|Protect|p2a: Scream Tail
|-singleturn|p2a: Scream Tail|Protect
|move|p1b: Zamazenta|Heavy Slam|p2a: Scream Tail
|-activate|p2a: Scream Tail|move: Protect
|move|p1a: Chi-Yu|Heat Wave|p2b: Incineroar|[spread] p2b
|-activate|p2a: Scream Tail|move: Protect
|-resisted|p2b: Incineroar
|-damage|p2b: Incineroar|22/100
|move|p2b: Incineroar|Knock Off|p1b: Zamazenta
|-resisted|p1b: Zamazenta
|-crit|p1b: Zamazenta
|-damage|p1b: Zamazenta|24/100
|
|-heal|p2b: Incineroar|28/100|[from] item: Leftovers
|upkeep
|turn|8
|
|t:|1750858412
|switch|p1a: Koraidon|Koraidon, L50|100/100
|-weather|SunnyDay|[from] ability: Orichalcum Pulse|[of] p1a: Koraidon
|-activate|p2a: Scream Tail|ability: Protosynthesis
|-start|p2a: Scream Tail|protosynthesisspe
|-activate|p1a: Koraidon|Orichalcum Pulse|[source]
|move|p2a: Scream Tail|Disable|p1b: Zamazenta
|-start|p1b: Zamazenta|Disable|Heavy Slam
|cant|p1b: Zamazenta|Disable|Heavy Slam
|move|p2b: Incineroar|Knock Off|p1a: Koraidon
|-resisted|p1a: Koraidon
|-damage|p1a: Koraidon|83/100
|-enditem|p1a: Koraidon|Ability Shield|[from] move: Knock Off|[of] p2b: Incineroar
|
|-weather|SunnyDay|[upkeep]
|-heal|p2b: Incineroar|34/100|[from] item: Leftovers
|upkeep
|turn|9
|
|t:|1750858447
|move|p2a: Scream Tail|Protect|p2a: Scream Tail
|-singleturn|p2a: Scream Tail|Protect
|move|p1a: Koraidon|Collision Course|p2b: Incineroar
|-supereffective|p2b: Incineroar
|-damage|p2b: Incineroar|0 fnt
|faint|p2b: Incineroar
|move|p1b: Zamazenta|Body Press|p2a: Scream Tail
|-activate|p2a: Scream Tail|move: Protect
|
|-weather|SunnyDay|[upkeep]
|upkeep
|turn|10
|-message|Sommyy forfeited.
|
|win|fntzz
|raw|fntzz's rating: 1075 &rarr; <strong>1105</strong><br />(+30 for winning)
|raw|Sommyy's rating: 1090 &rarr; <strong>1065</strong><br />(-25 for losing)
|l|☆Sommyy
|player|p2|
