|j|☆bonobobohemio
|j|☆132acb
|t:|1750838581
|gametype|doubles
|player|p1|bonobobohemio|drayden|1373
|player|p2|132acb|266|1480
|teamsize|p1|6
|teamsize|p2|6
|gen|9
|tier|[Gen 9] VGC 2025 Reg I
|rated|
|rule|Species Clause: Limit one of each Pokémon
|rule|Item Clause: Limit 1 of each item
|clearpoke
|poke|p1|Reshiram, L50|
|poke|p1|Miraidon, L50|
|poke|p1|Murkrow, L50, M|
|poke|p1|Farigiraf, L50, F|
|poke|p1|Urshifu-*, L50, F|
|poke|p1|Volcarona, L50, F|
|poke|p2|Calyrex-Shadow, L50|
|poke|p2|Zamazenta-*, L50|
|poke|p2|Urshifu-*, L50, M|
|poke|p2|Tornadus, L50, M|
|poke|p2|Rillaboom, L50, F|
|poke|p2|Chien-Pao, L50|
|teampreview|4
|inactive|Battle timer is ON: inactive players will automatically lose when time's up. (requested by bonobobohemio)
|
|t:|1750838608
|start
|switch|p1a: Murkrow|Murkrow, L50, M|100/100
|switch|p1b: Reshiram|Reshiram, L50, shiny|100/100
|switch|p2a: Zamazenta|Zamazenta-Crowned, L50|100/100
|switch|p2b: Chien-Pao|Chien-Pao, L50|100/100
|-ability|p2b: Chien-Pao|Sword of Ruin
|-ability|p2a: Zamazenta|Dauntless Shield|boost
|-boost|p2a: Zamazenta|def|1
|-ability|p1b: Reshiram|Turboblaze
|turn|1
|inactive|132acb has 30 seconds left.
|inactive|132acb has 20 seconds left.
|
|t:|1750838645
|move|p1a: Murkrow|Tailwind|p1a: Murkrow
|-sidestart|p1: bonobobohemio|move: Tailwind
|move|p1b: Reshiram|Heat Wave|p2b: Chien-Pao|[spread] p2a,p2b
|-supereffective|p2a: Zamazenta
|-supereffective|p2b: Chien-Pao
|-damage|p2a: Zamazenta|22/100
|-damage|p2b: Chien-Pao|0 fnt
|faint|p2b: Chien-Pao
|-damage|p1b: Reshiram|91/100|[from] item: Life Orb
|move|p2a: Zamazenta|Body Press|p1b: Reshiram
|-damage|p1b: Reshiram|21/100
|
|upkeep
|
|t:|1750838663
|switch|p2b: Urshifu|Urshifu-Rapid-Strike, L50, M|100/100
|turn|2
|
|t:|1750838673
|move|p2a: Zamazenta|Wide Guard|p2a: Zamazenta
|-singleturn|p2a: Zamazenta|Wide Guard
|move|p1a: Murkrow|Sunny Day|p1a: Murkrow
|-weather|SunnyDay
|move|p1b: Reshiram|Heat Wave|p2b: Urshifu|[spread] 
|-activate|p2a: Zamazenta|move: Wide Guard
|-activate|p2b: Urshifu|move: Wide Guard
|move|p2b: Urshifu|Surging Strikes|p1a: Murkrow
|-crit|p1a: Murkrow
|-damage|p1a: Murkrow|80/100
|-crit|p1a: Murkrow
|-damage|p1a: Murkrow|60/100
|-crit|p1a: Murkrow
|-damage|p1a: Murkrow|36/100
|-hitcount|p1a: Murkrow|3
|
|-weather|SunnyDay|[upkeep]
|upkeep
|turn|3
|inactive|132acb has 30 seconds left.
|inactive|132acb has 20 seconds left.
|inactive|132acb has 15 seconds left.
|
|t:|1750838716
|switch|p1a: Miraidon|Miraidon, L50|100/100
|-fieldstart|move: Electric Terrain|[from] ability: Hadron Engine|[of] p1a: Miraidon
|move|p2a: Zamazenta|Wide Guard|p2a: Zamazenta
|-singleturn|p2a: Zamazenta|Wide Guard
|move|p1b: Reshiram|Fusion Flare|p2a: Zamazenta
|-supereffective|p2a: Zamazenta
|-damage|p2a: Zamazenta|0 fnt
|faint|p2a: Zamazenta
|-damage|p1b: Reshiram|11/100|[from] item: Life Orb
|move|p2b: Urshifu|Surging Strikes|p1a: Miraidon
|-resisted|p1a: Miraidon
|-crit|p1a: Miraidon
|-damage|p1a: Miraidon|96/100
|-resisted|p1a: Miraidon
|-crit|p1a: Miraidon
|-damage|p1a: Miraidon|92/100
|-resisted|p1a: Miraidon
|-crit|p1a: Miraidon
|-damage|p1a: Miraidon|87/100
|-hitcount|p1a: Miraidon|3
|
|-weather|SunnyDay|[upkeep]
|upkeep
|
|t:|1750838735
|switch|p2a: Rillaboom|Rillaboom, L50, F|100/100
|-fieldstart|move: Grassy Terrain|[from] ability: Grassy Surge|[of] p2a: Rillaboom
|turn|4
|
|t:|1750838753
|-terastallize|p2b: Urshifu|Ground
|move|p2a: Rillaboom|Fake Out|p1b: Reshiram
|-damage|p1b: Reshiram|0 fnt
|faint|p1b: Reshiram
|move|p1a: Miraidon|Volt Switch|p2b: Urshifu
|-immune|p2b: Urshifu
|move|p2b: Urshifu|Surging Strikes|p1a: Miraidon
|-resisted|p1a: Miraidon
|-crit|p1a: Miraidon
|-damage|p1a: Miraidon|82/100
|-resisted|p1a: Miraidon
|-crit|p1a: Miraidon
|-damage|p1a: Miraidon|77/100
|-resisted|p1a: Miraidon
|-crit|p1a: Miraidon
|-damage|p1a: Miraidon|73/100
|-hitcount|p1a: Miraidon|3
|
|-weather|SunnyDay|[upkeep]
|-heal|p1a: Miraidon|79/100|[from] Grassy Terrain
|-sideend|p1: bonobobohemio|move: Tailwind
|upkeep
|
|t:|1750838757
|switch|p1b: Volcarona|Volcarona, L50, F|100/100
|turn|5
|inactive|132acb has 30 seconds left.
|
|t:|1750838789
|move|p2b: Urshifu|Surging Strikes|p1b: Volcarona
|-supereffective|p1b: Volcarona
|-crit|p1b: Volcarona
|-damage|p1b: Volcarona|81/100
|-supereffective|p1b: Volcarona
|-crit|p1b: Volcarona
|-damage|p1b: Volcarona|59/100
|-status|p2b: Urshifu|brn|[from] ability: Flame Body|[of] p1b: Volcarona
|-supereffective|p1b: Volcarona
|-crit|p1b: Volcarona
|-damage|p1b: Volcarona|49/100
|-hitcount|p1b: Volcarona|3
|move|p1a: Miraidon|Draco Meteor|p2b: Urshifu
|-damage|p2b: Urshifu|0 fnt
|-unboost|p1a: Miraidon|spa|2
|faint|p2b: Urshifu
|move|p1b: Volcarona|Fiery Dance|p2a: Rillaboom
|-supereffective|p2a: Rillaboom
|-damage|p2a: Rillaboom|15/100
|-boost|p1b: Volcarona|spa|1
|move|p2a: Rillaboom|Knock Off|p1b: Volcarona
|-damage|p1b: Volcarona|16/100
|-enditem|p1b: Volcarona|Electric Seed|[from] move: Knock Off|[of] p2a: Rillaboom
|
|-weather|SunnyDay|[upkeep]
|-heal|p1a: Miraidon|85/100|[from] Grassy Terrain
|-heal|p1b: Volcarona|22/100|[from] Grassy Terrain
|-heal|p2a: Rillaboom|21/100|[from] Grassy Terrain
|upkeep
|turn|6
|inactive|132acb has 30 seconds left.
|
|t:|1750838817
|move|p1a: Miraidon|Draco Meteor|p2a: Rillaboom
|-damage|p2a: Rillaboom|0 fnt
|-unboost|p1a: Miraidon|spa|2
|faint|p2a: Rillaboom
|
|win|bonobobohemio
|raw|bonobobohemio's rating: 1373 &rarr; <strong>1399</strong><br />(+26 for winning)
|raw|132acb's rating: 1480 &rarr; <strong>1454</strong><br />(-26 for losing)
|l|☆bonobobohemio
|player|p1|
|l|☆132acb
|player|p2|
