|j|☆gozerwijf
|j|☆kunna1
|t:|1750856927
|gametype|doubles
|player|p1|gozerwijf|richboy-gen4|1386
|player|p2|kunna1|1|1427
|teamsize|p1|6
|teamsize|p2|6
|gen|9
|tier|[Gen 9] VGC 2025 Reg I
|rated|
|rule|Species Clause: Limit one of each Pokémon
|rule|Item Clause: Limit 1 of each item
|clearpoke
|poke|p1|Iron Treads, L50|
|poke|p1|Calyrex-Shadow, L50|
|poke|p1|Tyranitar, L50, F|
|poke|p1|Murkrow, L50, M|
|poke|p1|Zacian-*, L50|
|poke|p1|Ursaluna-Bloodmoon, L50, M|
|poke|p2|Koraidon, L50|
|poke|p2|Scovillain, L50, M|
|poke|p2|Clefairy, L50, M|
|poke|p2|Indeedee-F, L50, F|
|poke|p2|Miraidon, L50|
|poke|p2|Chesnaught, L50, M|
|teampreview|4
|inactive|Battle timer is ON: inactive players will automatically lose when time's up. (requested by kunna1)
|inactive|kunna1 has 60 seconds left.
|
|t:|1750856963
|start
|switch|p1a: Calyrex|Calyrex-Shadow, L50|100/100
|switch|p1b: Tyranitar|Tyranitar, L50, F|100/100
|switch|p2a: Scovillain|Scovillain, L50, M|100/100
|switch|p2b: Koraidon|Koraidon, L50|100/100
|-ability|p1a: Calyrex|As One
|-ability|p1a: Calyrex|Unnerve
|-weather|SunnyDay|[from] ability: Orichalcum Pulse|[of] p2b: Koraidon
|-activate|p2b: Koraidon|Orichalcum Pulse|[source]
|-weather|Sandstorm|[from] ability: Sand Stream|[of] p1b: Tyranitar
|turn|1
|inactive|gozerwijf has 30 seconds left.
|inactive|kunna1 has 30 seconds left.
|inactive|gozerwijf has 20 seconds left.
|inactive|gozerwijf has 15 seconds left.
|inactive|gozerwijf has 10 seconds left.
|
|t:|1750857009
|-terastallize|p1a: Calyrex|Ghost
|move|p2a: Scovillain|Protect|p2a: Scovillain
|-singleturn|p2a: Scovillain|Protect
|move|p1a: Calyrex|Astral Barrage|p2b: Koraidon|[spread] p2b
|-activate|p2a: Scovillain|move: Protect
|-damage|p2b: Koraidon|23/100
|move|p2b: Koraidon|Collision Course|p1b: Tyranitar
|-supereffective|p1b: Tyranitar
|-damage|p1b: Tyranitar|0 fnt
|faint|p1b: Tyranitar
|
|-weather|Sandstorm|[upkeep]
|-damage|p2b: Koraidon|17/100|[from] Sandstorm
|-damage|p2a: Scovillain|95/100|[from] Sandstorm
|upkeep
|
|t:|1750857022
|switch|p1b: Iron Treads|Iron Treads, L50|100/100
|-enditem|p1b: Iron Treads|Booster Energy
|-activate|p1b: Iron Treads|ability: Quark Drive|[fromitem]
|-start|p1b: Iron Treads|quarkdrivespe
|turn|2
|
|t:|1750857041
|switch|p2b: Miraidon|Miraidon, L50|100/100
|-fieldstart|move: Electric Terrain|[from] ability: Hadron Engine|[of] p2b: Miraidon
|switch|p2a: Indeedee|Indeedee-F, L50, F|100/100
|-fieldstart|move: Psychic Terrain|[from] ability: Psychic Surge|[of] p2a: Indeedee
|-enditem|p2a: Indeedee|Psychic Seed
|-boost|p2a: Indeedee|spd|1|[from] item: Psychic Seed
|move|p1b: Iron Treads|High Horsepower|p2a: Indeedee
|-damage|p2a: Indeedee|54/100
|move|p1a: Calyrex|Astral Barrage|p2a: Indeedee|[spread] p2b
|-immune|p2a: Indeedee
|-damage|p2b: Miraidon|32/100
|
|-weather|Sandstorm|[upkeep]
|-damage|p2b: Miraidon|26/100|[from] Sandstorm
|-damage|p2a: Indeedee|48/100|[from] Sandstorm
|upkeep
|turn|3
|inactive|kunna1 has 30 seconds left.
|
|t:|1750857066
|move|p2b: Miraidon|Electro Drift|p1a: Calyrex
|-damage|p1a: Calyrex|46/100
|move|p1b: Iron Treads|Steel Roller|p2a: Indeedee
|-damage|p2a: Indeedee|0 fnt
|-fieldend|move: Psychic Terrain
|faint|p2a: Indeedee
|move|p1a: Calyrex|Astral Barrage|p2b: Miraidon
|-damage|p2b: Miraidon|0 fnt
|faint|p2b: Miraidon
|-ability|p1a: Calyrex|Grim Neigh|boost
|-boost|p1a: Calyrex|spa|1
|
|-weather|Sandstorm|[upkeep]
|upkeep
|
|t:|1750857078
|switch|p2b: Scovillain|Scovillain, L50, M|95/100
|switch|p2a: Koraidon|Koraidon, L50|17/100
|-weather|SunnyDay|[from] ability: Orichalcum Pulse|[of] p2a: Koraidon
|-activate|p2a: Koraidon|Orichalcum Pulse|[source]
|turn|4
|
|t:|1750857102
|move|p1a: Calyrex|Protect|p1a: Calyrex
|-singleturn|p1a: Calyrex|Protect
|move|p2a: Koraidon|Protect|p2a: Koraidon
|-singleturn|p2a: Koraidon|Protect
|move|p2b: Scovillain|Overheat|p1a: Calyrex
|-activate|p1a: Calyrex|move: Protect
|move|p1b: Iron Treads|Stone Edge|p2b: Scovillain
|-supereffective|p2b: Scovillain
|-damage|p2b: Scovillain|0 fnt
|faint|p2b: Scovillain
|
|-weather|SunnyDay|[upkeep]
|upkeep
|turn|5
|
|t:|1750857111
|move|p1b: Iron Treads|High Horsepower|p2a: Koraidon
|-crit|p2a: Koraidon
|-damage|p2a: Koraidon|0 fnt
|faint|p2a: Koraidon
|
|win|gozerwijf
|raw|gozerwijf's rating: 1386 &rarr; <strong>1408</strong><br />(+22 for winning)
|raw|kunna1's rating: 1427 &rarr; <strong>1405</strong><br />(-22 for losing)
|l|☆kunna1
|player|p2|
|l|☆gozerwijf
|player|p1|
