|j|☆xcfggvb
|j|☆akela420
|t:|1750834995
|gametype|doubles
|player|p1|xcfggvb|dawn|1157
|player|p2|akela420|giovanni|1060
|teamsize|p1|6
|teamsize|p2|6
|gen|9
|tier|[Gen 9] VGC 2025 Reg I
|rated|
|rule|Species Clause: Limit one of each Pokémon
|rule|Item Clause: Limit 1 of each item
|clearpoke
|poke|p1|Calyrex-Ice, L50|
|poke|p1|Ursaluna, L50, F|
|poke|p1|Clefairy, L50, M|
|poke|p1|Amoonguss, L50, F|
|poke|p1|Miraidon, L50|
|poke|p1|Farigiraf, L50, M|
|poke|p2|Dragapult, L50, F|
|poke|p2|Tsareena, L50, F|
|poke|p2|Charizard, L50, F|
|poke|p2|Chien-Pao, L50|
|poke|p2|Groudon, L50|
|poke|p2|Whimsicott, L50, F|
|teampreview|4
|inactive|Battle timer is ON: inactive players will automatically lose when time's up. (requested by xcfggvb)
|
|t:|1750835012
|start
|switch|p1a: Farigiraf|Farigiraf, L50, M, shiny|100/100
|switch|p1b: Calyrex|Calyrex-Ice, L50|100/100
|switch|p2a: Hodor|Groudon, L50, shiny|100/100
|switch|p2b: Drogon|Charizard, L50, F, shiny|100/100
|-ability|p1b: Calyrex|As One
|-ability|p1b: Calyrex|Unnerve
|-weather|SunnyDay|[from] ability: Drought|[of] p2a: Hodor
|turn|1
|inactive|xcfggvb has 30 seconds left.
|
|t:|1750835043
|-terastallize|p2b: Drogon|Fire
|move|p1b: Calyrex|Protect|p1b: Calyrex
|-singleturn|p1b: Calyrex|Protect
|move|p2b: Drogon|Heat Wave|p1a: Farigiraf|[spread] p1a
|-activate|p1b: Calyrex|move: Protect
|-damage|p1a: Farigiraf|0 fnt
|faint|p1a: Farigiraf
|move|p2a: Hodor|Rock Slide|p1b: Calyrex
|-activate|p1b: Calyrex|move: Protect
|
|-weather|SunnyDay|[upkeep]
|-damage|p2b: Drogon|88/100|[from] ability: Solar Power|[of] p2b: Drogon
|upkeep
|
|t:|1750835059
|switch|p1a: Ursaluna|Ursaluna, L50, F, shiny|100/100
|turn|2
|
|t:|1750835065
|-terastallize|p1b: Calyrex|Dragon
|move|p1a: Ursaluna|Protect|p1a: Ursaluna
|-singleturn|p1a: Ursaluna|Protect
|move|p2b: Drogon|Heat Wave|p1a: Ursaluna|[spread] p1b
|-activate|p1a: Ursaluna|move: Protect
|-resisted|p1b: Calyrex
|-damage|p1b: Calyrex|49/100
|-status|p1b: Calyrex|brn
|move|p2a: Hodor|Rock Slide|p1b: Calyrex|[spread] p1b
|-activate|p1a: Ursaluna|move: Protect
|-damage|p1b: Calyrex|36/100 brn
|move|p1b: Calyrex|Trick Room|p1b: Calyrex
|-fieldstart|move: Trick Room|[of] p1b: Calyrex
|
|-weather|SunnyDay|[upkeep]
|-damage|p2b: Drogon|76/100|[from] ability: Solar Power|[of] p2b: Drogon
|-damage|p1b: Calyrex|30/100 brn|[from] brn
|-status|p1a: Ursaluna|brn|[from] item: Flame Orb
|upkeep
|turn|3
|inactive|xcfggvb has 30 seconds left.
|
|t:|1750835092
|switch|p2b: ChenDeezNutz|Chien-Pao, L50|100/100
|-ability|p2b: ChenDeezNutz|Sword of Ruin
|move|p1b: Calyrex|Protect|p1b: Calyrex
|-singleturn|p1b: Calyrex|Protect
|move|p1a: Ursaluna|Earthquake|p2b: ChenDeezNutz|[spread] p2a,p2b
|-activate|p1b: Calyrex|move: Protect
|-damage|p2a: Hodor|34/100
|-damage|p2b: ChenDeezNutz|7/100
|move|p2a: Hodor|Precipice Blades|p1b: Calyrex|[spread] p1a
|-activate|p1b: Calyrex|move: Protect
|-damage|p1a: Ursaluna|52/100 brn
|
|-weather|SunnyDay|[upkeep]
|-damage|p1a: Ursaluna|46/100 brn|[from] brn
|-damage|p1b: Calyrex|25/100 brn|[from] brn
|upkeep
|turn|4
|inactive|xcfggvb has 30 seconds left.
|inactive|akela420 has 30 seconds left.
|
|t:|1750835122
|switch|p2a: Drogon|Charizard, L50, F, shiny, tera:Fire|76/100
|move|p1a: Ursaluna|Protect|p1a: Ursaluna
|-singleturn|p1a: Ursaluna|Protect
|move|p2b: ChenDeezNutz|Sucker Punch|p1b: Calyrex
|-damage|p1b: Calyrex|0 fnt
|faint|p1b: Calyrex
|
|-weather|SunnyDay|[upkeep]
|-damage|p2a: Drogon|63/100|[from] ability: Solar Power|[of] p2a: Drogon
|-damage|p1a: Ursaluna|40/100 brn|[from] brn
|upkeep
|
|t:|1750835137
|switch|p1b: Amoonguss|Amoonguss, L50, F, shiny|100/100
|turn|5
|
|t:|1750835148
|move|p1b: Amoonguss|Rage Powder|p1b: Amoonguss
|-singleturn|p1b: Amoonguss|move: Rage Powder
|move|p1a: Ursaluna|Earthquake|p2b: ChenDeezNutz|[spread] p1b,p2a,p2b
|-supereffective|p2a: Drogon
|-damage|p1b: Amoonguss|20/100
|-damage|p2a: Drogon|0 fnt
|-damage|p2b: ChenDeezNutz|0 fnt
|faint|p2a: Drogon
|faint|p2b: ChenDeezNutz
|
|-weather|none
|-damage|p1a: Ursaluna|34/100 brn|[from] brn
|upkeep
|
|t:|1750835159
|switch|p2a: Hodor|Groudon, L50, shiny|34/100
|switch|p2b: Dragoon|Dragapult, L50, F|100/100
|-weather|SunnyDay|[from] ability: Drought|[of] p2a: Hodor
|turn|6
|
|t:|1750835175
|move|p1b: Amoonguss|Pollen Puff|p1a: Ursaluna
|-heal|p1a: Ursaluna|84/100 brn
|move|p1a: Ursaluna|Earthquake|p2a: Hodor|[spread] p1b,p2a,p2b
|-damage|p1b: Amoonguss|0 fnt
|-damage|p2a: Hodor|0 fnt
|-damage|p2b: Dragoon|2/100
|faint|p1b: Amoonguss
|faint|p2a: Hodor
|move|p2b: Dragoon|Dragon Darts|p1a: Ursaluna
|-damage|p1a: Ursaluna|57/100 brn
|-anim|p2b: Dragoon|Dragon Darts|p1a: Ursaluna
|-damage|p1a: Ursaluna|32/100 brn
|
|-weather|SunnyDay|[upkeep]
|-damage|p1a: Ursaluna|26/100 brn|[from] brn
|-fieldend|move: Trick Room
|upkeep
|turn|7
|
|t:|1750835192
|move|p1a: Ursaluna|Protect|p1a: Ursaluna
|-singleturn|p1a: Ursaluna|Protect
|move|p2b: Dragoon|Dragon Darts|p1a: Ursaluna
|-activate|p1a: Ursaluna|move: Protect
|
|-weather|SunnyDay|[upkeep]
|-damage|p1a: Ursaluna|20/100 brn|[from] brn
|upkeep
|turn|8
|
|t:|1750835204
|move|p2b: Dragoon|Dragon Darts|p1a: Ursaluna
|-damage|p1a: Ursaluna|0 fnt
|faint|p1a: Ursaluna
|
|win|akela420
|raw|xcfggvb's rating: 1157 &rarr; <strong>1125</strong><br />(-32 for losing)
|raw|akela420's rating: 1060 &rarr; <strong>1099</strong><br />(+39 for winning)
|l|☆xcfggvb
|player|p1|
|l|☆akela420
|player|p2|
