|j|☆25th_mang
|j|☆Ricomam
|t:|1750735352
|gametype|doubles
|player|p1|25th_mang|ballguy|1377
|player|p2|Ricomam|guzma|1281
|teamsize|p1|6
|teamsize|p2|6
|gen|9
|tier|[Gen 9] VGC 2025 Reg I
|rated|
|rule|Species Clause: Limit one of each Pokémon
|rule|Item Clause: Limit 1 of each item
|clearpoke
|poke|p1|Tornadus, L50, M|
|poke|p1|Kyogre, L50|
|poke|p1|Urshifu-*, L50, M|
|poke|p1|Zacian-*, L50|
|poke|p1|Landorus, L50, M|
|poke|p1|Tsareena, L50, F|
|poke|p2|Koraidon, L50|
|poke|p2|Flutter Mane, L50|
|poke|p2|Raging Bolt, L50|
|poke|p2|Lunala, L50|
|poke|p2|Chi-Yu, L50|
|poke|p2|Amoonguss, L50, F|
|teampreview|4
|inactive|Battle timer is ON: inactive players will automatically lose when time's up. (requested by 25th_mang)
|inactive|Ricomam has 60 seconds left.
|
|t:|1750735406
|start
|switch|p1a: WET|Tornadus, L50, M|100/100
|switch|p1b: HER MAJESTY|Tsareena, L50, F, shiny|100/100
|switch|p2a: Lunala|Lunala, L50|100/100
|switch|p2b: Amoonguss|Amoonguss, L50, F|100/100
|turn|1
|
|t:|1750735425
|move|p2b: Amoonguss|Protect|p2b: Amoonguss
|-singleturn|p2b: Amoonguss|Protect
|move|p1a: WET|Taunt|p2b: Amoonguss
|-activate|p2b: Amoonguss|move: Protect
|move|p2a: Lunala|Meteor Beam||[still]
|-prepare|p2a: Lunala|Meteor Beam
|-boost|p2a: Lunala|spa|1
|-enditem|p2a: Lunala|Power Herb
|-anim|p2a: Lunala|Meteor Beam|p1a: WET
|-supereffective|p1a: WET
|-damage|p1a: WET|0 fnt
|faint|p1a: WET
|move|p1b: HER MAJESTY|Taunt|p2a: Lunala
|-start|p2a: Lunala|move: Taunt
|
|upkeep
|
|t:|1750735443
|switch|p1a: BORN TO WET|Kyogre, L50, shiny|100/100
|-weather|RainDance|[from] ability: Drizzle|[of] p1a: BORN TO WET
|turn|2
|inactive|25th_mang has 30 seconds left.
|inactive|25th_mang has 20 seconds left.
|
|t:|1750735483
|-terastallize|p1a: BORN TO WET|Grass
|move|p1a: BORN TO WET|Water Spout|p2a: Lunala|[spread] p2a,p2b
|-resisted|p2b: Amoonguss
|-damage|p2a: Lunala|69/100
|-damage|p2b: Amoonguss|50/100
|move|p2a: Lunala|Moongeist Beam|p1a: BORN TO WET
|-damage|p1a: BORN TO WET|43/100
|move|p1b: HER MAJESTY|Triple Axel|p2a: Lunala
|-damage|p2a: Lunala|62/100
|-damage|p2a: Lunala|51/100
|-damage|p2a: Lunala|34/100
|-hitcount|p2a: Lunala|3
|move|p2b: Amoonguss|Pollen Puff|p2a: Lunala
|-heal|p2a: Lunala|84/100
|
|-weather|RainDance|[upkeep]
|upkeep
|turn|3
|inactive|Ricomam has 30 seconds left.
|
|t:|1750735512
|switch|p1a: ALSO WET|Landorus, L50, M|100/100
|switch|p2b: Koraidon|Koraidon, L50|100/100
|-weather|SunnyDay|[from] ability: Orichalcum Pulse|[of] p2b: Koraidon
|-activate|p2b: Koraidon|Orichalcum Pulse|[source]
|move|p2a: Lunala|Moongeist Beam|p1a: ALSO WET
|-damage|p1a: ALSO WET|0 fnt
|faint|p1a: ALSO WET
|move|p1b: HER MAJESTY|Triple Axel|p2b: Koraidon
|-supereffective|p2b: Koraidon
|-damage|p2b: Koraidon|86/100
|-supereffective|p2b: Koraidon
|-damage|p2b: Koraidon|61/100
|-supereffective|p2b: Koraidon
|-damage|p2b: Koraidon|23/100
|-hitcount|p2b: Koraidon|3
|
|-weather|SunnyDay|[upkeep]
|upkeep
|
|t:|1750735531
|switch|p1a: BORN TO WET|Kyogre, L50, shiny, tera:Grass|43/100
|-weather|RainDance|[from] ability: Drizzle|[of] p1a: BORN TO WET
|turn|4
|
|t:|1750735549
|move|p1a: BORN TO WET|Origin Pulse|p2a: Lunala|[spread] p2a
|-miss|p1a: BORN TO WET|p2b: Koraidon
|-damage|p2a: Lunala|31/100
|move|p2b: Koraidon|Collision Course|p1b: HER MAJESTY
|-damage|p1b: HER MAJESTY|42/100
|move|p2a: Lunala|Moongeist Beam|p1a: BORN TO WET
|-damage|p1a: BORN TO WET|0 fnt
|faint|p1a: BORN TO WET
|move|p1b: HER MAJESTY|Power Whip|p2b: Koraidon
|-resisted|p2b: Koraidon
|-damage|p2b: Koraidon|0 fnt
|faint|p2b: Koraidon
|
|-weather|RainDance|[upkeep]
|-end|p2a: Lunala|move: Taunt
|upkeep
|
|t:|1750735561
|switch|p2b: Raging Bolt|Raging Bolt, L50|100/100
|turn|5
|
|t:|1750735567
|move|p2a: Lunala|Moongeist Beam|p1b: HER MAJESTY
|-damage|p1b: HER MAJESTY|0 fnt
|faint|p1b: HER MAJESTY
|
|win|Ricomam
|raw|25th_mang's rating: 1377 &rarr; <strong>1352</strong><br />(-25 for losing)
|raw|Ricomam's rating: 1281 &rarr; <strong>1313</strong><br />(+32 for winning)
