|j|☆Dialga0nmywrist
|j|☆h_dizzel37
|t:|1750869556
|gametype|doubles
|player|p1|Dialga0nmywrist|red|1217
|player|p2|h_dizzel37|2|1169
|teamsize|p1|6
|teamsize|p2|6
|gen|9
|tier|[Gen 9] VGC 2025 Reg I
|rated|
|rule|Species Clause: Limit one of each Pokémon
|rule|Item Clause: Limit 1 of each item
|clearpoke
|poke|p1|Koraidon, L50|
|poke|p1|Lunala, L50|
|poke|p1|Ursaluna, L50, M|
|poke|p1|Chi-Yu, L50|
|poke|p1|Flutter Mane, L50|
|poke|p1|Brute Bonnet, L50|
|poke|p2|Calyrex-Ice, L50|
|poke|p2|Glastrier, L50|
|poke|p2|Raichu, L50, F|
|poke|p2|Oranguru, L50, M|
|poke|p2|Zoroark-Hisui, L50, M|
|poke|p2|Necrozma-Dawn-Wings, L50|
|teampreview|4
|inactive|Battle timer is ON: inactive players will automatically lose when time's up. (requested by Dialga0nmywrist)
|
|t:|1750869602
|start
|switch|p1a: Koraidon|Koraidon, L50|100/100
|switch|p1b: Chi-Yu|Chi-Yu, L50|100/100
|switch|p2a: Calyrex|Calyrex-Ice, L50|100/100
|switch|p2b: Glastrier|Glastrier, L50|100/100
|-ability|p2a: Calyrex|As One
|-ability|p2a: Calyrex|Unnerve
|-ability|p1b: Chi-Yu|Beads of Ruin
|-weather|SunnyDay|[from] ability: Orichalcum Pulse|[of] p1a: Koraidon
|-activate|p1a: Koraidon|Orichalcum Pulse|[source]
|turn|1
|inactive|Dialga0nmywrist has 30 seconds left.
|inactive|h_dizzel37 has 30 seconds left.
|
|t:|1750869637
|-terastallize|p1a: Koraidon|Fire
|-terastallize|p2a: Calyrex|Water
|move|p2b: Glastrier|Trick|p1a: Koraidon
|-activate|p2b: Glastrier|move: Trick|[of] p1a: Koraidon
|-item|p1a: Koraidon|Choice Scarf|[from] move: Trick
|-item|p2b: Glastrier|Life Orb|[from] move: Trick
|move|p1a: Koraidon|Close Combat|p2a: Calyrex
|-damage|p2a: Calyrex|64/100
|-unboost|p1a: Koraidon|def|1
|-unboost|p1a: Koraidon|spd|1
|move|p1b: Chi-Yu|Heat Wave|p2a: Calyrex|[spread] p2a,p2b
|-resisted|p2a: Calyrex
|-damage|p2a: Calyrex|35/100
|-damage|p2b: Glastrier|0 fnt
|replace|p2b: Zoroark|Zoroark-Hisui, L50, M
|-end|p2b: Zoroark|Illusion
|faint|p2b: Zoroark
|move|p2a: Calyrex|Trick Room|p2a: Calyrex
|-fieldstart|move: Trick Room|[of] p2a: Calyrex
|
|-weather|SunnyDay|[upkeep]
|-heal|p2a: Calyrex|41/100|[from] item: Leftovers
|upkeep
|
|t:|1750869654
|switch|p2b: Necrozma|Necrozma-Dawn-Wings, L50|100/100
|turn|2
|
|t:|1750869675
|move|p2a: Calyrex|Glacial Lance|p1b: Chi-Yu|[spread] p1a,p1b
|-resisted|p1a: Koraidon
|-resisted|p1b: Chi-Yu
|-damage|p1a: Koraidon|69/100
|-damage|p1b: Chi-Yu|62/100
|move|p2b: Necrozma|Meteor Beam||[still]
|-prepare|p2b: Necrozma|Meteor Beam
|-boost|p2b: Necrozma|spa|1
|-enditem|p2b: Necrozma|Power Herb
|-anim|p2b: Necrozma|Meteor Beam|p1b: Chi-Yu
|-supereffective|p1b: Chi-Yu
|-damage|p1b: Chi-Yu|0 fnt
|faint|p1b: Chi-Yu
|move|p1a: Koraidon|Close Combat|p2a: Calyrex
|-damage|p2a: Calyrex|0 fnt
|-unboost|p1a: Koraidon|def|1
|-unboost|p1a: Koraidon|spd|1
|faint|p2a: Calyrex
|
|-weather|SunnyDay|[upkeep]
|upkeep
|inactive|Dialga0nmywrist has 30 seconds left.
|
|t:|1750869701
|switch|p2a: Glastrier|Glastrier, L50|100/100
|switch|p1b: Ursaluna|Ursaluna, L50, M|100/100
|turn|3
|
|t:|1750869719
|move|p1b: Ursaluna|Protect|p1b: Ursaluna
|-singleturn|p1b: Ursaluna|Protect
|move|p2a: Glastrier|Icicle Crash|p1b: Ursaluna
|-activate|p1b: Ursaluna|move: Protect
|move|p2b: Necrozma|Moongeist Beam|p1a: Koraidon
|-damage|p1a: Koraidon|0 fnt
|faint|p1a: Koraidon
|
|-weather|SunnyDay|[upkeep]
|-status|p1b: Ursaluna|brn|[from] item: Flame Orb
|upkeep
|
|t:|1750869730
|switch|p1a: Lunala|Lunala, L50|100/100
|turn|4
|
|t:|1750869754
|move|p2a: Glastrier|Icicle Crash|p1b: Ursaluna
|-supereffective|p1b: Ursaluna
|-damage|p1b: Ursaluna|30/100 brn
|move|p1b: Ursaluna|Facade|p2a: Glastrier
|-damage|p2a: Glastrier|10/100
|move|p2b: Necrozma|Moongeist Beam|p1a: Lunala
|-supereffective|p1a: Lunala
|-damage|p1a: Lunala|0 fnt
|faint|p1a: Lunala
|
|-weather|SunnyDay|[upkeep]
|-damage|p1b: Ursaluna|24/100 brn|[from] brn
|upkeep
|turn|5
|
|t:|1750869778
|move|p2a: Glastrier|Close Combat|p1b: Ursaluna
|-supereffective|p1b: Ursaluna
|-damage|p1b: Ursaluna|0 fnt
|-unboost|p2a: Glastrier|def|1
|-unboost|p2a: Glastrier|spd|1
|faint|p1b: Ursaluna
|
|win|h_dizzel37
|raw|Dialga0nmywrist's rating: 1217 &rarr; <strong>1189</strong><br />(-28 for losing)
|raw|h_dizzel37's rating: 1169 &rarr; <strong>1197</strong><br />(+28 for winning)
|l|☆Dialga0nmywrist
|player|p1|
|l|☆h_dizzel37
|player|p2|
