|j|☆Fuuravgc
|j|☆bananahammuck
|t:|1750746052
|gametype|doubles
|player|p1|Fuuravgc|169|1507
|player|p2|bananahammuck|266|1434
|teamsize|p1|6
|teamsize|p2|6
|gen|9
|tier|[Gen 9] VGC 2025 Reg I
|rated|
|rule|Species Clause: Limit one of each Pokémon
|rule|Item Clause: Limit 1 of each item
|clearpoke
|poke|p1|Miraidon, L50|
|poke|p1|Calyrex-Ice, L50|
|poke|p1|Iron Valiant, L50|
|poke|p1|Urshifu-*, L50, F|
|poke|p1|Ogerpon-Hearthflame, L50, F|
|poke|p1|Farigiraf, L50, M|
|poke|p2|Calyrex-Ice, L50|
|poke|p2|Miraidon, L50|
|poke|p2|Raichu-Alola, L50, M|
|poke|p2|Volcarona, L50, M|
|poke|p2|Scraggy, L50, F|
|poke|p2|Ogerpon-Cornerstone, L50, F|
|teampreview|4
|inactive|Battle timer is ON: inactive players will automatically lose when time's up. (requested by bananahammuck)
|
|t:|1750746085
|start
|switch|p1a: Miraidon|Miraidon, L50|100/100
|switch|p1b: Farigiraf|Farigiraf, L50, M|100/100
|switch|p2a: Miraidon|Miraidon, L50|100/100
|switch|p2b: Raichu|Raichu-Alola, L50, M|100/100
|-fieldstart|move: Electric Terrain|[from] ability: Hadron Engine|[of] p2a: Miraidon
|-enditem|p1b: Farigiraf|Electric Seed
|-boost|p1b: Farigiraf|def|1|[from] item: Electric Seed
|-activate|p1a: Miraidon|ability: Hadron Engine
|turn|1
|inactive|Fuuravgc has 30 seconds left.
|inactive|bananahammuck has 30 seconds left.
|inactive|Fuuravgc has 20 seconds left.
|inactive|Fuuravgc has 15 seconds left.
|inactive|bananahammuck has 20 seconds left.
|inactive|bananahammuck has 15 seconds left.
|inactive|bananahammuck has 10 seconds left.
|
|t:|1750746139
|-terastallize|p2a: Miraidon|Fairy
|-terastallize|p1a: Miraidon|Fairy
|move|p1b: Farigiraf|Helping Hand|p1a: Miraidon
|-singleturn|p1a: Miraidon|Helping Hand|[of] p1b: Farigiraf
|move|p2b: Raichu|Electroweb|p1b: Farigiraf|[spread] p1a,p1b
|-damage|p1a: Miraidon|81/100
|-damage|p1b: Farigiraf|82/100
|-unboost|p1a: Miraidon|spe|1
|-unboost|p1b: Farigiraf|spe|1
|move|p2a: Miraidon|Dazzling Gleam|p1b: Farigiraf|[spread] p1a,p1b
|-damage|p1a: Miraidon|29/100
|-damage|p1b: Farigiraf|24/100
|move|p1a: Miraidon|Dazzling Gleam|p2a: Miraidon|[spread] p2a,p2b
|-damage|p2a: Miraidon|15/100
|-enditem|p2b: Raichu|Focus Sash
|-damage|p2b: Raichu|1/100
|
|upkeep
|turn|2
|inactive|Fuuravgc has 30 seconds left.
|inactive|Fuuravgc has 20 seconds left.
|
|t:|1750746175
|move|p2b: Raichu|Electroweb|p1b: Farigiraf|[spread] p1a,p1b
|-damage|p1a: Miraidon|11/100
|-damage|p1b: Farigiraf|5/100
|-unboost|p1a: Miraidon|spe|1
|-unboost|p1b: Farigiraf|spe|1
|move|p2a: Miraidon|Dazzling Gleam|p1a: Miraidon|[spread] p1a,p1b
|-damage|p1a: Miraidon|0 fnt
|-damage|p1b: Farigiraf|0 fnt
|faint|p1a: Miraidon
|faint|p1b: Farigiraf
|
|upkeep
|
|t:|1750746186
|switch|p1a: Iron Valiant|Iron Valiant, L50|100/100
|switch|p1b: Calyrex|Calyrex-Ice, L50|100/100
|-ability|p1b: Calyrex|As One
|-ability|p1b: Calyrex|Unnerve
|-activate|p1a: Iron Valiant|ability: Quark Drive
|-start|p1a: Iron Valiant|quarkdrivespe
|turn|3
|inactive|bananahammuck has 30 seconds left.
|
|t:|1750746218
|switch|p2a: Volcarona|Volcarona, L50, M|100/100
|move|p1a: Iron Valiant|Wide Guard|p1a: Iron Valiant
|-singleturn|p1a: Iron Valiant|Wide Guard
|move|p2b: Raichu|Nuzzle|p1a: Iron Valiant
|-damage|p1a: Iron Valiant|92/100
|-status|p1a: Iron Valiant|par
|move|p1b: Calyrex|Glacial Lance|p2a: Volcarona|[spread] p2a,p2b
|-resisted|p2a: Volcarona
|-damage|p2a: Volcarona|67/100
|-damage|p2b: Raichu|0 fnt
|faint|p2b: Raichu
|-ability|p1b: Calyrex|Chilling Neigh|boost
|-boost|p1b: Calyrex|atk|1
|
|upkeep
|inactive|bananahammuck has 30 seconds left.
|
|t:|1750746245
|switch|p2b: Miraidon|Miraidon, L50, tera:Fairy|15/100
|-activate|p2b: Miraidon|ability: Hadron Engine
|turn|4
|inactive|bananahammuck has 30 seconds left.
|inactive|bananahammuck has 20 seconds left.
|
|t:|1750746284
|move|p2b: Miraidon|Electro Drift|p1a: Iron Valiant
|-damage|p1a: Iron Valiant|0 fnt
|faint|p1a: Iron Valiant
|-end|p1a: Iron Valiant|Quark Drive|[silent]
|move|p2a: Volcarona|Will-O-Wisp|p1b: Calyrex
|-status|p1b: Calyrex|brn
|move|p1b: Calyrex|Glacial Lance|p2b: Miraidon|[spread] p2a,p2b
|-resisted|p2a: Volcarona
|-crit|p2a: Volcarona
|-damage|p2a: Volcarona|27/100
|-damage|p2b: Miraidon|0 fnt
|faint|p2b: Miraidon
|-ability|p1b: Calyrex|Chilling Neigh|boost
|-boost|p1b: Calyrex|atk|1
|
|-damage|p1b: Calyrex|94/100 brn|[from] brn
|upkeep
|
|t:|1750746293
|switch|p2b: Calyrex|Calyrex-Ice, L50|100/100
|-ability|p2b: Calyrex|As One
|-ability|p2b: Calyrex|Unnerve
|turn|5
|
|t:|1750746307
|move|p2a: Volcarona|Protect|p2a: Volcarona
|-singleturn|p2a: Volcarona|Protect
|move|p2b: Calyrex|Protect|p2b: Calyrex
|-singleturn|p2b: Calyrex|Protect
|move|p1b: Calyrex|Glacial Lance|p2b: Calyrex|[spread] 
|-activate|p2a: Volcarona|move: Protect
|-activate|p2b: Calyrex|move: Protect
|
|-damage|p1b: Calyrex|88/100 brn|[from] brn
|-fieldend|move: Electric Terrain
|upkeep
|turn|6
|
|t:|1750746321
|move|p2a: Volcarona|Fiery Dance|p1b: Calyrex
|-supereffective|p1b: Calyrex
|-damage|p1b: Calyrex|51/100 brn
|move|p1b: Calyrex|High Horsepower|p2a: Volcarona
|-damage|p2a: Volcarona|0 fnt
|-damage|p1b: Calyrex|35/100 brn|[from] item: Rocky Helmet|[of] p2a: Volcarona
|faint|p2a: Volcarona
|-ability|p1b: Calyrex|Chilling Neigh|boost
|-boost|p1b: Calyrex|atk|1
|move|p2b: Calyrex|High Horsepower|p1b: Calyrex
|-damage|p1b: Calyrex|10/100 brn
|
|-damage|p1b: Calyrex|4/100 brn|[from] brn
|upkeep
|turn|7
|-message|Fuuravgc forfeited.
|
|win|bananahammuck
|raw|Fuuravgc's rating: 1507 &rarr; <strong>1483</strong><br />(-24 for losing)
|raw|bananahammuck's rating: 1434 &rarr; <strong>1458</strong><br />(+24 for winning)
|l|☆Fuuravgc
|player|p1|
|l|☆bananahammuck
|player|p2|
