|j|☆SpyTH
|j|‽Caller5
|t:|1750740791
|gametype|doubles
|player|p1|SpyTH|veteran|1174
|player|p2|Caller5|169|1166
|teamsize|p1|6
|teamsize|p2|6
|gen|9
|tier|[Gen 9] VGC 2025 Reg I
|rated|
|rule|Species Clause: Limit one of each Pokémon
|rule|Item Clause: Limit 1 of each item
|clearpoke
|poke|p1|Calyrex-Shadow, L50|
|poke|p1|Incineroar, L50, F|
|poke|p1|Chi-Yu, L50|
|poke|p1|Koraidon, L50|
|poke|p1|Venusaur, L50, M|
|poke|p1|Raging Bolt, L50|
|poke|p2|Incineroar, L50, M|
|poke|p2|Calyrex-Shadow, L50|
|poke|p2|Araquanid, L50, F|
|poke|p2|Rillaboom, L50, F|
|poke|p2|Dialga-Origin, L50|
|poke|p2|Porygon2, L50|
|teampreview|4
|inactive|Battle timer is ON: inactive players will automatically lose when time's up. (requested by SpyTH)
|
|t:|1750740821
|start
|switch|p1a: Chi-Yu|Chi-Yu, L50|100/100
|switch|p1b: Koraidon|Koraidon, L50|100/100
|switch|p2a: Araquanid|Araquanid, L50, F|100/100
|switch|p2b: Incineroar|Incineroar, L50, M|100/100
|-ability|p1a: Chi-Yu|Beads of Ruin
|-weather|SunnyDay|[from] ability: Orichalcum Pulse|[of] p1b: Koraidon
|-activate|p1b: Koraidon|Orichalcum Pulse|[source]
|-ability|p2b: Incineroar|Intimidate|boost
|-unboost|p1a: Chi-Yu|atk|1
|-fail|p1b: Koraidon|unboost|[from] item: Clear Amulet|[of] p1b: Koraidon
|turn|1
|inactive|Caller5 has 30 seconds left.
|
|t:|1750740852
|move|p2b: Incineroar|Fake Out|p1b: Koraidon
|-damage|p1b: Koraidon|89/100
|move|p2a: Araquanid|Wide Guard|p2a: Araquanid
|-singleturn|p2a: Araquanid|Wide Guard
|move|p1a: Chi-Yu|Overheat|p2a: Araquanid
|-damage|p2a: Araquanid|42/100
|-unboost|p1a: Chi-Yu|spa|2
|cant|p1b: Koraidon|flinch
|
|-weather|SunnyDay|[upkeep]
|upkeep
|turn|2
|inactive|Caller5 has 30 seconds left.
|
|t:|1750740884
|switch|p1a: Incineroar|Incineroar, L50, F|100/100
|-ability|p1a: Incineroar|Intimidate|boost
|-unboost|p2a: Araquanid|atk|1
|-unboost|p2b: Incineroar|atk|1
|-terastallize|p1b: Koraidon|Fire
|move|p1b: Koraidon|Flare Blitz|p2a: Araquanid
|-damage|p2a: Araquanid|0 fnt
|faint|p2a: Araquanid
|-damage|p1b: Koraidon|75/100|[from] Recoil
|move|p2b: Incineroar|Parting Shot|p1b: Koraidon
|-fail|p1b: Koraidon|unboost|[from] item: Clear Amulet|[of] p1b: Koraidon
|
|-weather|SunnyDay|[upkeep]
|upkeep
|
|t:|1750740904
|switch|p2a: Dialga|Dialga-Origin, L50|100/100
|-ability|p2a: Dialga|Pressure
|turn|3
|
|t:|1750740927
|move|p1b: Koraidon|Flare Blitz|p2a: Dialga
|-damage|p2a: Dialga|9/100
|-damage|p1b: Koraidon|40/100|[from] Recoil
|move|p2a: Dialga|Earth Power|p1b: Koraidon
|-supereffective|p1b: Koraidon
|-damage|p1b: Koraidon|0 fnt
|faint|p1b: Koraidon
|move|p1a: Incineroar|Parting Shot|p2a: Dialga
|-unboost|p2a: Dialga|atk|1
|-unboost|p2a: Dialga|spa|1
|
|t:|1750740933
|switch|p1a: Venusaur|Venusaur, L50, M|100/100|[from] Parting Shot
|move|p2b: Incineroar|Parting Shot|p1a: Venusaur
|-unboost|p1a: Venusaur|atk|1
|-unboost|p1a: Venusaur|spa|1
|
|t:|1750740944
|switch|p2b: Calyrex|Calyrex-Shadow, L50|100/100|[from] Parting Shot
|-ability|p2b: Calyrex|As One
|-ability|p2b: Calyrex|Unnerve
|
|-weather|SunnyDay|[upkeep]
|upkeep
|
|t:|1750740948
|switch|p1b: Chi-Yu|Chi-Yu, L50|100/100
|-ability|p1b: Chi-Yu|Beads of Ruin
|turn|4
|
|t:|1750740963
|move|p2a: Dialga|Protect|p2a: Dialga
|-singleturn|p2a: Dialga|Protect
|move|p1a: Venusaur|Weather Ball|p2b: Calyrex
|-damage|p2b: Calyrex|34/100
|move|p1b: Chi-Yu|Snarl|p2b: Calyrex|[spread] p2b
|-activate|p2a: Dialga|move: Protect
|-supereffective|p2b: Calyrex
|-damage|p2b: Calyrex|0 fnt
|faint|p2b: Calyrex
|
|-weather|SunnyDay|[upkeep]
|upkeep
|
|t:|1750740986
|switch|p2b: Incineroar|Incineroar, L50, M|100/100
|-ability|p2b: Incineroar|Intimidate|boost
|-unboost|p1a: Venusaur|atk|1
|-unboost|p1b: Chi-Yu|atk|1
|turn|5
|inactive|Caller5 has 30 seconds left.
|
|t:|1750741018
|switch|p1a: Incineroar|Incineroar, L50, F|100/100
|-ability|p1a: Incineroar|Intimidate|boost
|-unboost|p2a: Dialga|atk|1
|-unboost|p2b: Incineroar|atk|1
|move|p2b: Incineroar|Fake Out|p1b: Chi-Yu
|-damage|p1b: Chi-Yu|89/100
|cant|p1b: Chi-Yu|flinch
|move|p2a: Dialga|Earth Power|p1b: Chi-Yu
|-supereffective|p1b: Chi-Yu
|-damage|p1b: Chi-Yu|34/100
|
|-weather|none
|upkeep
|turn|6
|inactive|Caller5 has 30 seconds left.
|
|t:|1750741046
|switch|p1b: Venusaur|Venusaur, L50, M|100/100
|-terastallize|p2b: Incineroar|Water
|move|p2a: Dialga|Protect|p2a: Dialga
|-singleturn|p2a: Dialga|Protect
|move|p1a: Incineroar|Flare Blitz|p2a: Dialga
|-activate|p2a: Dialga|move: Protect
|move|p2b: Incineroar|Knock Off|p1a: Incineroar
|-resisted|p1a: Incineroar
|-damage|p1a: Incineroar|90/100
|-enditem|p1a: Incineroar|Sitrus Berry|[from] move: Knock Off|[of] p2b: Incineroar
|
|upkeep
|turn|7
|j| Soham79
|
|t:|1750741070
|move|p1b: Venusaur|Sludge Bomb|p2b: Incineroar
|-damage|p2b: Incineroar|46/100
|move|p2a: Dialga|Earth Power|p1a: Incineroar
|-supereffective|p1a: Incineroar
|-damage|p1a: Incineroar|42/100
|move|p1a: Incineroar|Flare Blitz|p2a: Dialga
|-damage|p2a: Dialga|0 fnt
|faint|p2a: Dialga
|-damage|p1a: Incineroar|39/100|[from] Recoil
|move|p2b: Incineroar|Flare Blitz|p1b: Venusaur
|-supereffective|p1b: Venusaur
|-damage|p1b: Venusaur|18/100
|-damage|p2b: Incineroar|23/100|[from] Recoil
|
|upkeep
|turn|8
|l| Soham79
|
|t:|1750741088
|move|p1b: Venusaur|Sludge Bomb|p2b: Incineroar
|-damage|p2b: Incineroar|0 fnt
|faint|p2b: Incineroar
|
|win|SpyTH
|raw|SpyTH's rating: 1174 &rarr; <strong>1198</strong><br />(+24 for winning)
|raw|Caller5's rating: 1166 &rarr; <strong>1142</strong><br />(-24 for losing)
|l|‽Caller5
|player|p2|
|l|☆SpyTH
|player|p1|
|j| Soham79
|l| Soham79
