|j|☆laid_ back17
|j|☆ihatetauros09
|t:|1750713507
|gametype|doubles
|player|p1|laid_ back17|silver|1237
|player|p2|ihatetauros09|cynthia|1313
|teamsize|p1|6
|teamsize|p2|6
|gen|9
|tier|[Gen 9] VGC 2025 Reg I
|rated|
|rule|Species Clause: Limit one of each Pokémon
|rule|Item Clause: Limit 1 of each item
|clearpoke
|poke|p1|Krookodile, L50, M|
|poke|p1|Miraidon, L50|
|poke|p1|Sneasler, L50, M|
|poke|p1|Iron Leaves, L50|
|poke|p1|Lunala, L50|
|poke|p1|Iron Hands, L50|
|poke|p2|Whimsicott, L50, F|
|poke|p2|Calyrex-Shadow, L50|
|poke|p2|Miraidon, L50|
|poke|p2|Incineroar, L50, M|
|poke|p2|Iron Hands, L50|
|poke|p2|Chi-Yu, L50|
|teampreview|4
|inactive|Battle timer is ON: inactive players will automatically lose when time's up. (requested by ihatetauros09)
|inactive|ihatetauros09 has 60 seconds left.
|
|t:|1750713539
|start
|switch|p1a: Sneasler|Sneasler, L50, M|100/100
|switch|p1b: Miraidon|Miraidon, L50|100/100
|switch|p2a: Whimsicott|Whimsicott, L50, F|100/100
|switch|p2b: Miraidon|Miraidon, L50|100/100
|-fieldstart|move: Electric Terrain|[from] ability: Hadron Engine|[of] p1b: Miraidon
|-enditem|p1a: Sneasler|Electric Seed
|-boost|p1a: Sneasler|def|1|[from] item: Electric Seed
|-activate|p2b: Miraidon|ability: Hadron Engine
|turn|1
|inactive|laid_ back17 has 30 seconds left.
|
|t:|1750713564
|move|p1a: Sneasler|Fake Out|p2b: Miraidon
|-damage|p2b: Miraidon|86/100
|move|p2a: Whimsicott|Tailwind|p2a: Whimsicott
|-sidestart|p2: ihatetauros09|move: Tailwind
|cant|p2b: Miraidon|flinch
|move|p1b: Miraidon|Dazzling Gleam|p2b: Miraidon|[spread] p2a,p2b
|-supereffective|p2b: Miraidon
|-damage|p2a: Whimsicott|62/100
|-damage|p2b: Miraidon|34/100
|
|upkeep
|turn|2
|inactive|laid_ back17 has 30 seconds left.
|
|t:|1750713591
|move|p1a: Sneasler|Protect|p1a: Sneasler
|-singleturn|p1a: Sneasler|Protect
|move|p2a: Whimsicott|Encore|p1a: Sneasler
|-activate|p1a: Sneasler|move: Protect
|move|p2b: Miraidon|Draco Meteor|p1b: Miraidon
|-supereffective|p1b: Miraidon
|-damage|p1b: Miraidon|0 fnt
|-unboost|p2b: Miraidon|spa|2
|faint|p1b: Miraidon
|
|upkeep
|
|t:|1750713603
|switch|p1b: Krookodile|Krookodile, L50, M, shiny|100/100
|-ability|p1b: Krookodile|Intimidate|boost
|-unboost|p2a: Whimsicott|atk|1
|-unboost|p2b: Miraidon|atk|1
|turn|3
|
|t:|1750713618
|switch|p2b: Incineroar|Incineroar, L50, M|100/100
|-ability|p2b: Incineroar|Intimidate|boost
|-unboost|p1a: Sneasler|atk|1
|-unboost|p1b: Krookodile|atk|1
|switch|p1a: Lunala|Lunala, L50|100/100
|-terastallize|p1b: Krookodile|Grass
|move|p2a: Whimsicott|Encore||[still]
|-fail|p2a: Whimsicott
|move|p1b: Krookodile|High Horsepower|p2b: Incineroar
|-supereffective|p2b: Incineroar
|-damage|p2b: Incineroar|38/100
|-damage|p1b: Krookodile|84/100|[from] item: Rocky Helmet|[of] p2b: Incineroar
|
|upkeep
|turn|4
|inactive|ihatetauros09 has 30 seconds left.
|
|t:|1750713646
|switch|p1b: Sneasler|Sneasler, L50, M|100/100
|move|p2a: Whimsicott|Fake Tears|p1a: Lunala
|-unboost|p1a: Lunala|spd|2
|move|p2b: Incineroar|Knock Off|p1a: Lunala
|-supereffective|p1a: Lunala
|-damage|p1a: Lunala|49/100
|-enditem|p1a: Lunala|Leftovers|[from] move: Knock Off|[of] p2b: Incineroar
|move|p1a: Lunala|Moonblast|p2a: Whimsicott
|-damage|p2a: Whimsicott|14/100
|
|-sideend|p2: ihatetauros09|move: Tailwind
|upkeep
|turn|5
|inactive|laid_ back17 has 30 seconds left.
|
|t:|1750713675
|switch|p1a: Krookodile|Krookodile, L50, M, shiny, tera:Grass|84/100
|-ability|p1a: Krookodile|Intimidate|boost
|-unboost|p2a: Whimsicott|atk|1
|-unboost|p2b: Incineroar|atk|1
|move|p2a: Whimsicott|Tailwind|p2a: Whimsicott
|-sidestart|p2: ihatetauros09|move: Tailwind
|move|p2b: Incineroar|Will-O-Wisp|p1b: Sneasler
|-status|p1b: Sneasler|brn
|move|p1b: Sneasler|Close Combat|p2b: Incineroar
|-supereffective|p2b: Incineroar
|-damage|p2b: Incineroar|0 fnt
|-unboost|p1b: Sneasler|def|1
|-unboost|p1b: Sneasler|spd|1
|-damage|p1b: Sneasler|84/100 brn|[from] item: Rocky Helmet|[of] p2b: Incineroar
|faint|p2b: Incineroar
|
|-damage|p1b: Sneasler|79/100 brn|[from] brn
|-fieldend|move: Electric Terrain
|upkeep
|inactive|ihatetauros09 has 30 seconds left.
|
|t:|1750713703
|switch|p2b: Calyrex|Calyrex-Shadow, L50|100/100
|-ability|p2b: Calyrex|As One
|-ability|p2b: Calyrex|Unnerve
|turn|6
|
|t:|1750713715
|move|p2a: Whimsicott|Fake Tears|p1a: Krookodile
|-unboost|p1a: Krookodile|spd|2
|move|p2b: Calyrex|Astral Barrage|p1a: Krookodile|[spread] p1a,p1b
|-crit|p1b: Sneasler
|-damage|p1a: Krookodile|12/100
|-damage|p1b: Sneasler|0 fnt
|faint|p1b: Sneasler
|-ability|p2b: Calyrex|Grim Neigh|boost
|-boost|p2b: Calyrex|spa|1
|move|p1a: Krookodile|Knock Off|p2b: Calyrex
|-supereffective|p2b: Calyrex
|-enditem|p2b: Calyrex|Focus Sash
|-damage|p2b: Calyrex|1/100
|
|upkeep
|-message|laid_ back17 forfeited.
|
|win|ihatetauros09
|raw|laid_ back17's rating: 1237 &rarr; <strong>1217</strong><br />(-20 for losing)
|raw|ihatetauros09's rating: 1313 &rarr; <strong>1329</strong><br />(+16 for winning)
|l|☆laid_ back17
|player|p1|
