|j|☆purplekisses
|j|☆xxf0rtn1teg0dxx
|t:|1750856069
|gametype|doubles
|player|p1|purplekisses|169|1255
|player|p2|xxf0rtn1teg0dxx|liko|1229
|teamsize|p1|6
|teamsize|p2|6
|gen|9
|tier|[Gen 9] VGC 2025 Reg I
|rated|
|rule|Species Clause: Limit one of each Pokémon
|rule|Item Clause: Limit 1 of each item
|clearpoke
|poke|p1|Kyogre, L50|
|poke|p1|Moltres-Galar, L50|
|poke|p1|Raichu, L50, M|
|poke|p1|Amoonguss, L50, F|
|poke|p1|Zacian-*, L50|
|poke|p1|Urshifu-*, L50, M|
|poke|p2|Koraidon, L50|
|poke|p2|Terapagos, L50, M|
|poke|p2|Flutter Mane, L50|
|poke|p2|Rillaboom, L50, M|
|poke|p2|Incineroar, L50, F|
|poke|p2|Volcarona, L50, M|
|teampreview|4
|inactive|Battle timer is ON: inactive players will automatically lose when time's up. (requested by purplekisses)
|
|t:|1750856111
|start
|switch|p1a: Moltres|Moltres-Galar, L50|100/100
|switch|p1b: Raichu|Raichu, L50, M|100/100
|switch|p2a: Koraidon|Koraidon, L50|100/100
|switch|p2b: Flutter Mane|Flutter Mane, L50|100/100
|-weather|SunnyDay|[from] ability: Orichalcum Pulse|[of] p2a: Koraidon
|-activate|p2b: Flutter Mane|ability: Protosynthesis
|-start|p2b: Flutter Mane|protosynthesisspe
|-activate|p2a: Koraidon|Orichalcum Pulse|[source]
|turn|1
|inactive|xxf0rtn1teg0dxx has 30 seconds left.
|
|t:|1750856139
|move|p2b: Flutter Mane|Protect|p2b: Flutter Mane
|-singleturn|p2b: Flutter Mane|Protect
|move|p2a: Koraidon|Protect|p2a: Koraidon
|-singleturn|p2a: Koraidon|Protect
|move|p1b: Raichu|Nuzzle|p2a: Koraidon
|-activate|p2a: Koraidon|move: Protect
|move|p1a: Moltres|Tailwind|p1a: Moltres
|-sidestart|p1: purplekisses|move: Tailwind
|
|-weather|SunnyDay|[upkeep]
|upkeep
|turn|2
|
|t:|1750856154
|-terastallize|p2a: Koraidon|Fire
|move|p1b: Raichu|Nuzzle|p2a: Koraidon
|-damage|p2a: Koraidon|92/100
|-status|p2a: Koraidon|par
|move|p2b: Flutter Mane|Icy Wind|p1a: Moltres|[spread] p1a,p1b
|-supereffective|p1a: Moltres
|-damage|p1a: Moltres|82/100
|-damage|p1b: Raichu|78/100
|-unboost|p1a: Moltres|spe|1
|-unboost|p1b: Raichu|spe|1
|move|p1a: Moltres|Fiery Wrath|p2a: Koraidon|[spread] p2a,p2b
|-crit|p2b: Flutter Mane
|-damage|p2a: Koraidon|64/100 par
|-damage|p2b: Flutter Mane|52/100
|move|p2a: Koraidon|Flare Blitz|p1a: Moltres
|-damage|p1a: Moltres|0 fnt
|faint|p1a: Moltres
|-damage|p2a: Koraidon|34/100 par|[from] Recoil
|-damage|p2a: Koraidon|24/100 par|[from] item: Life Orb
|
|-weather|SunnyDay|[upkeep]
|upkeep
|
|t:|1750856174
|switch|p1a: Kyogre|Kyogre, L50|100/100
|-weather|RainDance|[from] ability: Drizzle|[of] p1a: Kyogre
|-end|p2b: Flutter Mane|Protosynthesis
|turn|3
|inactive|xxf0rtn1teg0dxx has 30 seconds left.
|
|t:|1750856201
|switch|p2a: Terapagos|Terapagos, L50, M|100/100
|-activate|p2a: Terapagos|ability: Tera Shift
|detailschange|p2a: Terapagos|Terapagos-Terastal, L50, M
|-heal|p2a: Terapagos|100/100|[silent]
|move|p2b: Flutter Mane|Protect|p2b: Flutter Mane
|-singleturn|p2b: Flutter Mane|Protect
|move|p1a: Kyogre|Water Spout|p2a: Terapagos|[spread] p2a
|-activate|p2b: Flutter Mane|move: Protect
|-activate|p2a: Terapagos|ability: Tera Shell
|-resisted|p2a: Terapagos
|-damage|p2a: Terapagos|50/100
|move|p1b: Raichu|Nuzzle|p2a: Terapagos
|-crit|p2a: Terapagos
|-damage|p2a: Terapagos|41/100
|-status|p2a: Terapagos|par
|
|-weather|RainDance|[upkeep]
|-heal|p2a: Terapagos|47/100 par|[from] item: Leftovers
|upkeep
|turn|4
|
|t:|1750856225
|switch|p2a: Koraidon|Koraidon, L50, tera:Fire|24/100 par
|-weather|SunnyDay|[from] ability: Orichalcum Pulse|[of] p2a: Koraidon
|-activate|p2b: Flutter Mane|ability: Protosynthesis
|-start|p2b: Flutter Mane|protosynthesisspe
|-activate|p2a: Koraidon|Orichalcum Pulse|[source]
|move|p2b: Flutter Mane|Icy Wind|p1a: Kyogre|[spread] p1a
|-miss|p2b: Flutter Mane|p1b: Raichu
|-resisted|p1a: Kyogre
|-damage|p1a: Kyogre|95/100
|-unboost|p1a: Kyogre|spe|1
|move|p1b: Raichu|Nuzzle|p2b: Flutter Mane
|-damage|p2b: Flutter Mane|33/100
|-status|p2b: Flutter Mane|par
|move|p1a: Kyogre|Water Spout|p2a: Koraidon|[spread] p2a,p2b
|-supereffective|p2a: Koraidon
|-damage|p2a: Koraidon|0 fnt
|-damage|p2b: Flutter Mane|0 fnt
|faint|p2a: Koraidon
|faint|p2b: Flutter Mane
|-end|p2b: Flutter Mane|Protosynthesis|[silent]
|
|-weather|SunnyDay|[upkeep]
|-sideend|p1: purplekisses|move: Tailwind
|upkeep
|
|t:|1750856244
|switch|p2a: Rillaboom|Rillaboom, L50, M|100/100
|switch|p2b: Terapagos|Terapagos-Terastal, L50, M|47/100 par
|-fieldstart|move: Grassy Terrain|[from] ability: Grassy Surge|[of] p2a: Rillaboom
|turn|5
|
|t:|1750856265
|switch|p1a: Zacian|Zacian-Crowned, L50|100/100
|-ability|p1a: Zacian|Intrepid Sword|boost
|-boost|p1a: Zacian|atk|1
|move|p1b: Raichu|Upper Hand||[still]
|-fail|p1b: Raichu
|move|p2a: Rillaboom|Wood Hammer|p1b: Raichu
|-damage|p1b: Raichu|0 fnt
|faint|p1b: Raichu
|-damage|p2a: Rillaboom|84/100|[from] Recoil
|move|p2b: Terapagos|Calm Mind|p2b: Terapagos
|-boost|p2b: Terapagos|spa|1
|-boost|p2b: Terapagos|spd|1
|
|-weather|SunnyDay|[upkeep]
|-heal|p2a: Rillaboom|90/100|[from] Grassy Terrain
|-heal|p2b: Terapagos|54/100 par|[from] Grassy Terrain
|-heal|p2b: Terapagos|60/100 par|[from] item: Leftovers
|upkeep
|
|t:|1750856275
|switch|p1b: Kyogre|Kyogre, L50|95/100
|-weather|RainDance|[from] ability: Drizzle|[of] p1b: Kyogre
|turn|6
|
|t:|1750856288
|-terastallize|p1b: Kyogre|Grass
|move|p2b: Terapagos|Protect|p2b: Terapagos
|-singleturn|p2b: Terapagos|Protect
|move|p1a: Zacian|Sacred Sword|p2b: Terapagos
|-activate|p2b: Terapagos|move: Protect
|move|p1b: Kyogre|Water Spout|p2b: Terapagos|[spread] p2a
|-activate|p2b: Terapagos|move: Protect
|-resisted|p2a: Rillaboom
|-damage|p2a: Rillaboom|54/100
|move|p2a: Rillaboom|Wood Hammer|p1b: Kyogre
|-resisted|p1b: Kyogre
|-damage|p1b: Kyogre|57/100
|-damage|p2a: Rillaboom|42/100|[from] Recoil
|
|-weather|RainDance|[upkeep]
|-heal|p1b: Kyogre|63/100|[from] Grassy Terrain
|-heal|p2a: Rillaboom|47/100|[from] Grassy Terrain
|-heal|p2b: Terapagos|66/100 par|[from] Grassy Terrain
|-heal|p2b: Terapagos|72/100 par|[from] item: Leftovers
|upkeep
|turn|7
|inactive|xxf0rtn1teg0dxx has 30 seconds left.
|
|t:|1750856314
|move|p1a: Zacian|Sacred Sword|p2b: Terapagos
|-supereffective|p2b: Terapagos
|-crit|p2b: Terapagos
|-damage|p2b: Terapagos|0 fnt
|faint|p2b: Terapagos
|move|p1b: Kyogre|Origin Pulse|p2a: Rillaboom
|-resisted|p2a: Rillaboom
|-damage|p2a: Rillaboom|10/100
|move|p2a: Rillaboom|Wood Hammer|p1a: Zacian
|-resisted|p1a: Zacian
|-damage|p1a: Zacian|70/100
|-damage|p2a: Rillaboom|0 fnt|[from] Recoil
|faint|p2a: Rillaboom
|
|win|purplekisses
|raw|purplekisses's rating: 1255 &rarr; <strong>1278</strong><br />(+23 for winning)
|raw|xxf0rtn1teg0dxx's rating: 1229 &rarr; <strong>1206</strong><br />(-23 for losing)
|l|☆xxf0rtn1teg0dxx
|player|p2|
|l|☆purplekisses
|player|p1|
