|j|☆hoseph stalin
|j|☆yaasuto
|t:|1750730582
|gametype|doubles
|player|p1|hoseph stalin|266|1382
|player|p2|yaasuto|hilbert|1468
|teamsize|p1|6
|teamsize|p2|6
|gen|9
|tier|[Gen 9] VGC 2025 Reg I
|rated|
|rule|Species Clause: Limit one of each Pokémon
|rule|Item Clause: Limit 1 of each item
|clearpoke
|poke|p1|Calyrex-Shadow, L50|
|poke|p1|Iron Crown, L50|
|poke|p1|Indeedee-F, L50, F|
|poke|p1|Whimsicott, L50, F|
|poke|p1|Kyogre, L50|
|poke|p1|Regidrago, L50|
|poke|p2|Ho-Oh, L50|
|poke|p2|Eternatus, L50|
|poke|p2|Wo-Chien, L50|
|poke|p2|Incineroar, L50, F|
|poke|p2|Rillaboom, L50, F|
|poke|p2|Ting-Lu, L50|
|teampreview|4
|inactive|Battle timer is ON: inactive players will automatically lose when time's up. (requested by yaasuto)
|inactive|hoseph stalin has 60 seconds left.
|
|t:|1750730628
|start
|switch|p1a: Whimsicott|Whimsicott, L50, F|100/100
|switch|p1b: Regidrago|Regidrago, L50|100/100
|switch|p2a: Eternatus|Eternatus, L50|100/100
|switch|p2b: Ting-Lu|Ting-Lu, L50|100/100
|-ability|p2a: Eternatus|Pressure
|-ability|p2b: Ting-Lu|Vessel of Ruin
|turn|1
|
|t:|1750730637
|-terastallize|p1b: Regidrago|Dragon
|move|p2a: Eternatus|Protect|p2a: Eternatus
|-singleturn|p2a: Eternatus|Protect
|move|p1a: Whimsicott|Tailwind|p1a: Whimsicott
|-sidestart|p1: hoseph stalin|move: Tailwind
|move|p1b: Regidrago|Dragon Energy|p2b: Ting-Lu|[spread] p2b
|-activate|p2a: Eternatus|move: Protect
|-damage|p2b: Ting-Lu|48/100
|move|p2b: Ting-Lu|Snarl|p1a: Whimsicott|[spread] p1a,p1b
|-resisted|p1a: Whimsicott
|-damage|p1a: Whimsicott|93/100
|-damage|p1b: Regidrago|91/100
|-unboost|p1b: Regidrago|spa|1
|
|-heal|p2b: Ting-Lu|54/100|[from] item: Leftovers
|upkeep
|turn|2
|
|t:|1750730652
|switch|p2a: Ho-Oh|Ho-Oh, L50|100/100
|move|p1a: Whimsicott|Encore||[still]
|-fail|p1a: Whimsicott
|move|p1b: Regidrago|Draco Meteor|p2a: Ho-Oh
|-damage|p2a: Ho-Oh|55/100
|-unboost|p1b: Regidrago|spa|2
|move|p2b: Ting-Lu|Snarl|p1a: Whimsicott|[spread] p1a,p1b
|-resisted|p1a: Whimsicott
|-damage|p1a: Whimsicott|86/100
|-damage|p1b: Regidrago|82/100
|-unboost|p1b: Regidrago|spa|1
|
|-heal|p2b: Ting-Lu|60/100|[from] item: Leftovers
|upkeep
|turn|3
|
|t:|1750730666
|switch|p1b: Kyogre|Kyogre, L50|100/100
|-weather|RainDance|[from] ability: Drizzle|[of] p1b: Kyogre
|move|p1a: Whimsicott|Moonblast|p2b: Ting-Lu
|-supereffective|p2b: Ting-Lu
|-damage|p2b: Ting-Lu|34/100
|move|p2a: Ho-Oh|Life Dew|p2a: Ho-Oh|[spread] p2a,p2b
|-heal|p2a: Ho-Oh|80/100
|-heal|p2b: Ting-Lu|59/100
|move|p2b: Ting-Lu|Sand Tomb|p1b: Kyogre
|-damage|p1b: Kyogre|86/100
|-activate|p1b: Kyogre|move: Sand Tomb|[of] p2b: Ting-Lu
|
|-weather|RainDance|[upkeep]
|-heal|p2b: Ting-Lu|65/100|[from] item: Leftovers
|-damage|p1b: Kyogre|74/100|[from] move: Sand Tomb|[partiallytrapped]
|upkeep
|turn|4
|
|t:|1750730683
|switch|p2a: Rillaboom|Rillaboom, L50, F|100/100
|-fieldstart|move: Grassy Terrain|[from] ability: Grassy Surge|[of] p2a: Rillaboom
|-terastallize|p2b: Ting-Lu|Water
|move|p1a: Whimsicott|Helping Hand|p1b: Kyogre
|-singleturn|p1b: Kyogre|Helping Hand|[of] p1a: Whimsicott
|move|p1b: Kyogre|Water Spout|p2a: Rillaboom|[spread] p2a,p2b
|-resisted|p2a: Rillaboom
|-resisted|p2b: Ting-Lu
|-damage|p2a: Rillaboom|80/100
|-damage|p2b: Ting-Lu|41/100
|move|p2b: Ting-Lu|Snarl|p1b: Kyogre|[spread] p1a,p1b
|-resisted|p1a: Whimsicott
|-damage|p1a: Whimsicott|79/100
|-damage|p1b: Kyogre|66/100
|-unboost|p1b: Kyogre|spa|1
|
|-weather|RainDance|[upkeep]
|-heal|p1b: Kyogre|73/100|[from] Grassy Terrain
|-heal|p1a: Whimsicott|85/100|[from] Grassy Terrain
|-heal|p2a: Rillaboom|86/100|[from] Grassy Terrain
|-heal|p2b: Ting-Lu|47/100|[from] Grassy Terrain
|-heal|p2b: Ting-Lu|54/100|[from] item: Leftovers
|-damage|p1b: Kyogre|60/100|[from] move: Sand Tomb|[partiallytrapped]
|-sideend|p1: hoseph stalin|move: Tailwind
|upkeep
|turn|5
|inactive|hoseph stalin has 30 seconds left.
|
|t:|1750730713
|move|p2a: Rillaboom|Grassy Glide|p1b: Kyogre
|-supereffective|p1b: Kyogre
|-damage|p1b: Kyogre|0 fnt
|faint|p1b: Kyogre
|move|p1a: Whimsicott|Moonblast|p2b: Ting-Lu
|-damage|p2b: Ting-Lu|41/100
|-unboost|p2b: Ting-Lu|spa|1
|move|p2b: Ting-Lu|Sand Tomb|p1a: Whimsicott
|-resisted|p1a: Whimsicott
|-damage|p1a: Whimsicott|76/100
|-activate|p1a: Whimsicott|move: Sand Tomb|[of] p2b: Ting-Lu
|
|-weather|RainDance|[upkeep]
|-heal|p1a: Whimsicott|82/100|[from] Grassy Terrain
|-heal|p2a: Rillaboom|91/100|[from] Grassy Terrain
|-heal|p2b: Ting-Lu|47/100|[from] Grassy Terrain
|-heal|p2b: Ting-Lu|53/100|[from] item: Leftovers
|-damage|p1a: Whimsicott|70/100|[from] move: Sand Tomb|[partiallytrapped]
|upkeep
|
|t:|1750730721
|switch|p1b: Regidrago|Regidrago, L50, tera:Dragon|82/100
|turn|6
|
|t:|1750730735
|move|p1a: Whimsicott|Encore|p2b: Ting-Lu
|-start|p2b: Ting-Lu|Encore
|move|p2a: Rillaboom|Grassy Glide|p1b: Regidrago
|-resisted|p1b: Regidrago
|-damage|p1b: Regidrago|67/100
|move|p1b: Regidrago|Dragon Energy|p2b: Ting-Lu|[spread] p2a,p2b
|-damage|p2a: Rillaboom|57/100
|-damage|p2b: Ting-Lu|14/100
|move|p2b: Ting-Lu|Sand Tomb|p1b: Regidrago
|-damage|p1b: Regidrago|53/100
|-activate|p1b: Regidrago|move: Sand Tomb|[of] p2b: Ting-Lu
|
|-weather|RainDance|[upkeep]
|-heal|p1a: Whimsicott|76/100|[from] Grassy Terrain
|-heal|p1b: Regidrago|59/100|[from] Grassy Terrain
|-heal|p2a: Rillaboom|62/100|[from] Grassy Terrain
|-heal|p2b: Ting-Lu|20/100|[from] Grassy Terrain
|-heal|p2b: Ting-Lu|26/100|[from] item: Leftovers
|-damage|p1a: Whimsicott|64/100|[from] move: Sand Tomb|[partiallytrapped]
|-damage|p1b: Regidrago|47/100|[from] move: Sand Tomb|[partiallytrapped]
|upkeep
|turn|7
|
|t:|1750730755
|switch|p2b: Ho-Oh|Ho-Oh, L50|100/100
|move|p1a: Whimsicott|Moonblast|p2b: Ho-Oh
|-resisted|p2b: Ho-Oh
|-damage|p2b: Ho-Oh|91/100
|-unboost|p2b: Ho-Oh|spa|1
|move|p1b: Regidrago|Draco Meteor|p2a: Rillaboom
|-damage|p2a: Rillaboom|0 fnt
|-unboost|p1b: Regidrago|spa|2
|faint|p2a: Rillaboom
|
|-weather|none
|-heal|p1a: Whimsicott|70/100|[from] Grassy Terrain
|-heal|p1b: Regidrago|53/100|[from] Grassy Terrain
|-end|p1a: Whimsicott|Sand Tomb|[partiallytrapped]|[silent]
|-end|p1b: Regidrago|Sand Tomb|[partiallytrapped]|[silent]
|upkeep
|
|t:|1750730763
|switch|p2a: Ting-Lu|Ting-Lu, L50, tera:Water|26/100
|-ability|p2a: Ting-Lu|Vessel of Ruin
|turn|8
|
|t:|1750730771
|move|p1a: Whimsicott|Tailwind|p1a: Whimsicott
|-sidestart|p1: hoseph stalin|move: Tailwind
|move|p1b: Regidrago|Draco Meteor|p2a: Ting-Lu
|-damage|p2a: Ting-Lu|0 fnt
|-unboost|p1b: Regidrago|spa|2
|faint|p2a: Ting-Lu
|move|p2b: Ho-Oh|Life Dew|p2b: Ho-Oh
|-heal|p2b: Ho-Oh|100/100
|
|-heal|p1a: Whimsicott|76/100|[from] Grassy Terrain
|-heal|p1b: Regidrago|59/100|[from] Grassy Terrain
|-fieldend|move: Grassy Terrain
|upkeep
|
|t:|1750730775
|switch|p2a: Eternatus|Eternatus, L50|100/100
|-ability|p2a: Eternatus|Pressure
|turn|9
|
|t:|1750730783
|move|p1b: Regidrago|Protect|p1b: Regidrago
|-singleturn|p1b: Regidrago|Protect
|move|p1a: Whimsicott|Encore|p2b: Ho-Oh
|-start|p2b: Ho-Oh|Encore
|move|p2a: Eternatus|Substitute|p2a: Eternatus
|-start|p2a: Eternatus|Substitute
|-damage|p2a: Eternatus|76/100
|move|p2b: Ho-Oh|Life Dew||[still]|[spread] p2a,p2b
|-heal|p2a: Eternatus|100/100
|-fail|p2b: Ho-Oh|heal
|
|upkeep
|turn|10
|-message|yaasuto forfeited.
|
|win|hoseph stalin
|raw|hoseph stalin's rating: 1382 &rarr; <strong>1407</strong><br />(+25 for winning)
|raw|yaasuto's rating: 1468 &rarr; <strong>1443</strong><br />(-25 for losing)
|l|☆yaasuto
|player|p2|
|l|☆hoseph stalin
|player|p1|
