|j|☆PelegoVGC
|j|☆RattagOrda
|t:|1750776651
|gametype|doubles
|player|p1|PelegoVGC|pilot|1313
|player|p2|RattagOrda|lady-gen4|1315
|teamsize|p1|6
|teamsize|p2|6
|gen|9
|tier|[Gen 9] VGC 2025 Reg I
|rated|
|rule|Species Clause: Limit one of each Pokémon
|rule|Item Clause: Limit 1 of each item
|clearpoke
|poke|p1|Terapagos, L50, M|
|poke|p1|Grimmsnarl, L50, M|
|poke|p1|Ogerpon-Cornerstone, L50, F|
|poke|p1|Volcarona, L50, F|
|poke|p1|Calyrex-Shadow, L50|
|poke|p1|Iron Hands, L50|
|poke|p2|Miraidon, L50|
|poke|p2|Zamazenta-*, L50|
|poke|p2|Grimmsnarl, L50, M|
|poke|p2|Chien-Pao, L50|
|poke|p2|Volcarona, L50, M|
|poke|p2|Iron Hands, L50|
|teampreview|4
RattagOrda has agreed to open team sheets.
|
|t:|1750776716
|start
|switch|p1a: Bob Sapp|Iron Hands, L50|100/100
|switch|p1b: Calyrex|Calyrex-Shadow, L50|100/100
|switch|p2a: Chien-Pao|Chien-Pao, L50|100/100
|switch|p2b: Volcarona|Volcarona, L50, M|100/100
|-ability|p1b: Calyrex|As One
|-ability|p1b: Calyrex|Unnerve
|-ability|p2a: Chien-Pao|Sword of Ruin
|-enditem|p1a: Bob Sapp|Booster Energy
|-activate|p1a: Bob Sapp|ability: Quark Drive|[fromitem]
|-start|p1a: Bob Sapp|quarkdriveatk
|turn|1
|
|t:|1750776746
|switch|p1b: Grimmsnarl|Grimmsnarl, L50, M|100/100
|move|p2a: Chien-Pao|Protect|p2a: Chien-Pao
|-singleturn|p2a: Chien-Pao|Protect
|move|p2b: Volcarona|Protect|p2b: Volcarona
|-singleturn|p2b: Volcarona|Protect
|move|p1a: Bob Sapp|Fake Out|p2a: Chien-Pao
|-activate|p2a: Chien-Pao|move: Protect
|
|upkeep
|turn|2
|
|t:|1750776770
|switch|p2a: Zamazenta|Zamazenta-Crowned, L50|100/100
|-ability|p2a: Zamazenta|Dauntless Shield|boost
|-boost|p2a: Zamazenta|def|1
|-end|p1a: Bob Sapp|Quark Drive|[silent]
|switch|p1a: Terapagos|Terapagos, L50, M|100/100
|-activate|p1a: Terapagos|ability: Tera Shift
|detailschange|p1a: Terapagos|Terapagos-Terastal, L50, M
|-heal|p1a: Terapagos|100/100|[silent]
|move|p1b: Grimmsnarl|Reflect|p1b: Grimmsnarl
|-sidestart|p1: PelegoVGC|Reflect
|move|p2b: Volcarona|Quiver Dance|p2b: Volcarona
|-boost|p2b: Volcarona|spa|1
|-boost|p2b: Volcarona|spd|1
|-boost|p2b: Volcarona|spe|1
|
|upkeep
|turn|3
|
|t:|1750776796
|move|p1b: Grimmsnarl|Thunder Wave|p2b: Volcarona
|-status|p2b: Volcarona|par
|move|p2a: Zamazenta|Body Press|p1a: Terapagos
|-activate|p1a: Terapagos|ability: Tera Shell
|-resisted|p1a: Terapagos
|-damage|p1a: Terapagos|82/100
|move|p1a: Terapagos|Calm Mind|p1a: Terapagos
|-boost|p1a: Terapagos|spa|1
|-boost|p1a: Terapagos|spd|1
|cant|p2b: Volcarona|par
|
|-heal|p1a: Terapagos|88/100|[from] item: Leftovers
|upkeep
|turn|4
|
|t:|1750776816
|move|p1b: Grimmsnarl|Thunder Wave|p2a: Zamazenta|[miss]
|-miss|p1b: Grimmsnarl|p2a: Zamazenta
|move|p2a: Zamazenta|Body Press|p1a: Terapagos
|-supereffective|p1a: Terapagos
|-damage|p1a: Terapagos|15/100
|move|p1a: Terapagos|Earth Power|p2a: Zamazenta
|-supereffective|p2a: Zamazenta
|-damage|p2a: Zamazenta|47/100
|move|p2b: Volcarona|Struggle Bug|p1b: Grimmsnarl|[spread] p1a,p1b
|-damage|p1a: Terapagos|0 fnt
|-damage|p1b: Grimmsnarl|77/100
|-unboost|p1b: Grimmsnarl|spa|1
|faint|p1a: Terapagos
|
|upkeep
|
|t:|1750776834
|switch|p1a: Calyrex|Calyrex-Shadow, L50|100/100
|-ability|p1a: Calyrex|As One
|-ability|p1a: Calyrex|Unnerve
|turn|5
|
|t:|1750776890
|move|p2a: Zamazenta|Wide Guard|p2a: Zamazenta
|-singleturn|p2a: Zamazenta|Wide Guard
|move|p1b: Grimmsnarl|Light Screen|p1b: Grimmsnarl
|-sidestart|p1: PelegoVGC|move: Light Screen
|move|p1a: Calyrex|Psychic|p2a: Zamazenta
|-damage|p2a: Zamazenta|8/100
|move|p2b: Volcarona|Struggle Bug|p1b: Grimmsnarl|[spread] p1a,p1b
|-damage|p1a: Calyrex|83/100
|-damage|p1b: Grimmsnarl|62/100
|-unboost|p1a: Calyrex|spa|1
|-unboost|p1b: Grimmsnarl|spa|1
|
|upkeep
|turn|6
|
|t:|1750776909
|switch|p1a: Bob Sapp|Iron Hands, L50|100/100
|switch|p2a: Chien-Pao|Chien-Pao, L50|100/100
|-ability|p2a: Chien-Pao|Sword of Ruin
|move|p1b: Grimmsnarl|Thunder Wave|p2a: Chien-Pao
|-hint|Since gen 7, Dark is immune to Prankster moves.
|-immune|p2a: Chien-Pao
|move|p2b: Volcarona|Struggle Bug|p1b: Grimmsnarl|[spread] p1a,p1b
|-resisted|p1a: Bob Sapp
|-damage|p1a: Bob Sapp|93/100
|-damage|p1b: Grimmsnarl|47/100
|-unboost|p1a: Bob Sapp|spa|1
|-unboost|p1b: Grimmsnarl|spa|1
|
|upkeep
|turn|7
|
|t:|1750776935
|move|p2a: Chien-Pao|Protect|p2a: Chien-Pao
|-singleturn|p2a: Chien-Pao|Protect
|move|p2b: Volcarona|Quiver Dance|p2b: Volcarona
|-boost|p2b: Volcarona|spa|1
|-boost|p2b: Volcarona|spd|1
|-boost|p2b: Volcarona|spe|1
|move|p1b: Grimmsnarl|Foul Play|p2a: Chien-Pao
|-activate|p2a: Chien-Pao|move: Protect
|move|p1a: Bob Sapp|Low Kick|p2a: Chien-Pao
|-activate|p2a: Chien-Pao|move: Protect
|
|upkeep
|turn|8
|
|t:|1750776999
|move|p2a: Chien-Pao|Icicle Crash|p1b: Grimmsnarl
|-damage|p1b: Grimmsnarl|2/100
|move|p2b: Volcarona|Quiver Dance|p2b: Volcarona
|-boost|p2b: Volcarona|spa|1
|-boost|p2b: Volcarona|spd|1
|-boost|p2b: Volcarona|spe|1
|cant|p1b: Grimmsnarl|flinch
|move|p1a: Bob Sapp|Thunder Punch|p2a: Chien-Pao
|-damage|p2a: Chien-Pao|46/100
|
|upkeep
|turn|9
|
|t:|1750777022
|move|p2b: Volcarona|Flamethrower|p1a: Bob Sapp
|-damage|p1a: Bob Sapp|31/100
|move|p2a: Chien-Pao|Crunch|p1b: Grimmsnarl
|-resisted|p1b: Grimmsnarl
|-damage|p1b: Grimmsnarl|0 fnt
|faint|p1b: Grimmsnarl
|move|p1a: Bob Sapp|Thunder Punch|p2b: Volcarona
|-damage|p2b: Volcarona|33/100 par
|
|-heal|p2b: Volcarona|39/100 par|[from] item: Leftovers
|-sideend|p1: PelegoVGC|Reflect
|upkeep
|
|t:|1750777033
|switch|p1b: Calyrex|Calyrex-Shadow, L50|83/100
|-ability|p1b: Calyrex|As One
|-ability|p1b: Calyrex|Unnerve
|turn|10
|
|t:|1750777043
|move|p1b: Calyrex|Protect|p1b: Calyrex
|-singleturn|p1b: Calyrex|Protect
|move|p2a: Chien-Pao|Sucker Punch||[still]
|-fail|p2a: Chien-Pao
|cant|p2b: Volcarona|par
|move|p1a: Bob Sapp|Low Kick|p2a: Chien-Pao
|-supereffective|p2a: Chien-Pao
|-damage|p2a: Chien-Pao|0 fnt
|faint|p2a: Chien-Pao
|
|-heal|p2b: Volcarona|45/100 par|[from] item: Leftovers
|upkeep
|
|t:|1750777052
|switch|p2a: Zamazenta|Zamazenta-Crowned, L50|8/100
|turn|11
|
|t:|1750777071
|-terastallize|p2b: Volcarona|Dragon
|move|p2a: Zamazenta|Wide Guard|p2a: Zamazenta
|-singleturn|p2a: Zamazenta|Wide Guard
|move|p1b: Calyrex|Psychic|p2b: Volcarona
|-damage|p2b: Volcarona|26/100 par
|move|p2b: Volcarona|Struggle Bug|p1b: Calyrex|[spread] p1a,p1b
|-resisted|p1a: Bob Sapp
|-damage|p1a: Bob Sapp|19/100
|-damage|p1b: Calyrex|52/100
|-unboost|p1a: Bob Sapp|spa|1
|-unboost|p1b: Calyrex|spa|1
|move|p1a: Bob Sapp|Thunder Punch|p2b: Volcarona
|-resisted|p2b: Volcarona
|-damage|p2b: Volcarona|2/100 par
|-status|p1a: Bob Sapp|brn|[from] ability: Flame Body|[of] p2b: Volcarona
|
|-heal|p2b: Volcarona|8/100 par|[from] item: Leftovers
|-damage|p1a: Bob Sapp|12/100 brn|[from] brn
|upkeep
|turn|12
|
|t:|1750777106
|move|p1b: Calyrex|Psychic|p2b: Volcarona
|-damage|p2b: Volcarona|0 fnt
|faint|p2b: Volcarona
|-ability|p1b: Calyrex|Grim Neigh|boost
|-boost|p1b: Calyrex|spa|1
|move|p2a: Zamazenta|Heavy Slam|p1b: Calyrex
|-damage|p1b: Calyrex|0 fnt
|faint|p1b: Calyrex
|move|p1a: Bob Sapp|Thunder Punch|p2a: Zamazenta
|-damage|p2a: Zamazenta|0 fnt
|faint|p2a: Zamazenta
|
|-damage|p1a: Bob Sapp|6/100 brn|[from] brn
|-sideend|p1: PelegoVGC|move: Light Screen
|upkeep
|
|t:|1750777121
|switch|p2b: Miraidon|Miraidon, L50|100/100
|-fieldstart|move: Electric Terrain|[from] ability: Hadron Engine|[of] p2b: Miraidon
|-activate|p1a: Bob Sapp|ability: Quark Drive
|-start|p1a: Bob Sapp|quarkdriveatk
|turn|13
|
|t:|1750777138
|move|p2b: Miraidon|Dazzling Gleam|p1a: Bob Sapp
|-supereffective|p1a: Bob Sapp
|-damage|p1a: Bob Sapp|0 fnt
|faint|p1a: Bob Sapp
|-end|p1a: Bob Sapp|Quark Drive|[silent]
|
|win|RattagOrda
|raw|PelegoVGC's rating: 1313 &rarr; <strong>1293</strong><br />(-20 for losing)
|raw|RattagOrda's rating: 1315 &rarr; <strong>1335</strong><br />(+20 for winning)
|c|☆RattagOrda|gg
