|j|☆Brooklyn boy
|j|☆SnorlaxPikachu1
|t:|1750852439
|gametype|doubles
|player|p1|Brooklyn boy|266|
|player|p2|SnorlaxPikachu1|palmer|
|teamsize|p1|6
|teamsize|p2|6
|gen|9
|tier|[Gen 9] VGC 2025 Reg I
|rated|Tournament battle
|rule|Species Clause: Limit one of each Pokémon
|rule|Item Clause: Limit 1 of each item
|clearpoke
|poke|p1|Miraidon, L50|
|poke|p1|Calyrex-Ice, L50|
|poke|p1|Incineroar, L50, M|
|poke|p1|Urshifu-*, L50, F|
|poke|p1|Farigiraf, L50, F|
|poke|p1|Landorus, L50, M|
|poke|p2|Calyrex-Ice, L50|
|poke|p2|Smeargle, L50, M|
|poke|p2|Kyogre, L50|
|poke|p2|Flutter Mane, L50|
|poke|p2|Farigiraf, L50, F|
|poke|p2|Grimmsnarl, L50, M|
|teampreview|4
|c|☆SnorlaxPikachu1|glhf
|c|☆Brooklyn boy|u2
|
|t:|1750852485
|start
|switch|p1a: Miraidon|Miraidon, L50|100/100
|switch|p1b: Incineroar|Incineroar, L50, M|100/100
|switch|p2a: Smeargle|Smeargle, L50, M|100/100
|switch|p2b: Calyrex|Calyrex-Ice, L50|100/100
|-ability|p2b: Calyrex|As One
|-ability|p2b: Calyrex|Unnerve
|-fieldstart|move: Electric Terrain|[from] ability: Hadron Engine|[of] p1a: Miraidon
|-ability|p1b: Incineroar|Intimidate|boost
|-unboost|p2a: Smeargle|atk|1
|-unboost|p2b: Calyrex|atk|1
|turn|1
|
|t:|1750852506
|switch|p1b: Farigiraf|Farigiraf, L50, F|100/100
|-enditem|p1b: Farigiraf|Electric Seed
|-boost|p1b: Farigiraf|def|1|[from] item: Electric Seed
|move|p2a: Smeargle|Fake Out||[still]
|cant|p1b: Farigiraf|ability: Armor Tail|Fake Out|[of] p2a: Smeargle
|move|p1a: Miraidon|Volt Switch|p2a: Smeargle
|-enditem|p2a: Smeargle|Focus Sash
|-damage|p2a: Smeargle|1/100
|
|t:|1750852512
|switch|p1a: Calyrex|Calyrex-Ice, L50|100/100|[from] Volt Switch
|-ability|p1a: Calyrex|As One
|-ability|p1a: Calyrex|Unnerve
|move|p2b: Calyrex|Glacial Lance|p1a: Calyrex|[spread] p1a,p1b
|-resisted|p1a: Calyrex
|-damage|p1a: Calyrex|89/100
|-damage|p1b: Farigiraf|81/100
|
|-heal|p1a: Calyrex|95/100|[from] item: Leftovers
|-ability|p2a: Smeargle|Moody|boost
|-boost|p2a: Smeargle|spd|2
|-unboost|p2a: Smeargle|def|1
|upkeep
|turn|2
|
|t:|1750852521
|move|p2a: Smeargle|Decorate|p2b: Calyrex
|-boost|p2b: Calyrex|atk|2
|-boost|p2b: Calyrex|spa|2
|move|p1b: Farigiraf|Foul Play|p2b: Calyrex
|-supereffective|p2b: Calyrex
|-damage|p2b: Calyrex|29/100
|move|p2b: Calyrex|Glacial Lance|p1a: Calyrex|[spread] p1a,p1b
|-resisted|p1a: Calyrex
|-damage|p1a: Calyrex|69/100
|-damage|p1b: Farigiraf|33/100
|move|p1a: Calyrex|Glacial Lance|p2a: Smeargle|[spread] p2a,p2b
|-resisted|p2b: Calyrex
|-damage|p2a: Smeargle|0 fnt
|-damage|p2b: Calyrex|11/100
|faint|p2a: Smeargle
|-ability|p1a: Calyrex|Chilling Neigh|boost
|-boost|p1a: Calyrex|atk|1
|
|-heal|p1a: Calyrex|75/100|[from] item: Leftovers
|upkeep
|
|t:|1750852533
|switch|p2a: Kyogre|Kyogre, L50|100/100
|-weather|RainDance|[from] ability: Drizzle|[of] p2a: Kyogre
|turn|3
|
|t:|1750852546
|-terastallize|p1a: Calyrex|Water
|move|p1b: Farigiraf|Helping Hand|p1a: Calyrex
|-singleturn|p1a: Calyrex|Helping Hand|[of] p1b: Farigiraf
|move|p2a: Kyogre|Water Spout|p1a: Calyrex|[spread] p1a,p1b
|-resisted|p1a: Calyrex
|-damage|p1a: Calyrex|34/100
|-damage|p1b: Farigiraf|0 fnt
|faint|p1b: Farigiraf
|move|p2b: Calyrex|Glacial Lance|p1a: Calyrex
|-resisted|p1a: Calyrex
|-damage|p1a: Calyrex|0 fnt
|faint|p1a: Calyrex
|-ability|p2b: Calyrex|Chilling Neigh|boost
|-boost|p2b: Calyrex|atk|1
|
|-weather|RainDance|[upkeep]
|upkeep
|
|t:|1750852557
|switch|p1b: Miraidon|Miraidon, L50|100/100
|switch|p1a: Incineroar|Incineroar, L50, M|100/100
|-activate|p1b: Miraidon|ability: Hadron Engine
|-ability|p1a: Incineroar|Intimidate|boost
|-unboost|p2a: Kyogre|atk|1
|-unboost|p2b: Calyrex|atk|1
|turn|4
|j| vc_573
|
|t:|1750852570
|move|p2a: Kyogre|Protect|p2a: Kyogre
|-singleturn|p2a: Kyogre|Protect
|move|p1b: Miraidon|Draco Meteor|p2a: Kyogre
|-activate|p2a: Kyogre|move: Protect
|move|p1a: Incineroar|Knock Off|p2b: Calyrex
|-supereffective|p2b: Calyrex
|-damage|p2b: Calyrex|0 fnt
|-enditem|p2b: Calyrex|Assault Vest|[from] move: Knock Off|[of] p1a: Incineroar
|faint|p2b: Calyrex
|
|-weather|RainDance|[upkeep]
|upkeep
|
|t:|1750852575
|switch|p2b: Farigiraf|Farigiraf, L50, F|100/100
|turn|5
|
|t:|1750852583
|-terastallize|p2b: Farigiraf|Fairy
|move|p1b: Miraidon|Draco Meteor|p2a: Kyogre
|-damage|p2a: Kyogre|14/100
|-unboost|p1b: Miraidon|spa|2
|move|p2a: Kyogre|Origin Pulse|p1b: Miraidon|[spread] p1a,p1b
|-supereffective|p1a: Incineroar
|-resisted|p1b: Miraidon
|-damage|p1a: Incineroar|0 fnt
|-damage|p1b: Miraidon|66/100
|faint|p1a: Incineroar
|move|p2b: Farigiraf|Hyper Voice|p1b: Miraidon
|-damage|p1b: Miraidon|32/100
|-enditem|p2b: Farigiraf|Throat Spray
|-boost|p2b: Farigiraf|spa|1|[from] item: Throat Spray
|
|-weather|RainDance|[upkeep]
|-fieldend|move: Electric Terrain
|upkeep
|turn|6
|-message|Brooklyn boy forfeited.
|
|win|SnorlaxPikachu1
|n|☆Brooklyn boy|brooklynboy
|n|☆SnorlaxPikachu1|snorlaxpikachu1
|n| vc_573|vc573
