|j|☆dirt_goop
|j|☆Prometheus756
|t:|1750741069
|gametype|doubles
|player|p1|dirt_goop|169|1426
|player|p2|Prometheus756|gentleman-gen4dp|1478
|teamsize|p1|6
|teamsize|p2|6
|gen|9
|tier|[Gen 9] VGC 2025 Reg I
|rated|
|rule|Species Clause: Limit one of each Pokémon
|rule|Item Clause: Limit 1 of each item
|clearpoke
|poke|p1|Calyrex-Shadow, L50|
|poke|p1|Zamazenta-*, L50|
|poke|p1|Indeedee-F, L50, F|
|poke|p1|Incineroar, L50, M|
|poke|p1|Chi-Yu, L50|
|poke|p1|Whimsicott, L50, F|
|poke|p2|Calyrex-Ice, L50|
|poke|p2|Incineroar, L50, F|
|poke|p2|Smeargle, L50, F|
|poke|p2|Entei, L50|
|poke|p2|Raging Bolt, L50|
|poke|p2|Miraidon, L50|
|teampreview|4
|inactive|Battle timer is ON: inactive players will automatically lose when time's up. (requested by Prometheus756)
|inactive|dirt_goop also wants the timer to be on.
|inactive|dirt_goop has 60 seconds left.
|inactive|Prometheus756 has 60 seconds left.
|
|t:|1750741118
|start
|switch|p1a: Calyrex|Calyrex-Shadow, L50|100/100
|switch|p1b: Whimsicott|Whimsicott, L50, F|100/100
|switch|p2a: Entei|Entei, L50|100/100
|switch|p2b: Smeargle|Smeargle, L50, F|100/100
|-ability|p1a: Calyrex|As One
|-ability|p1a: Calyrex|Unnerve
|turn|1
|
|t:|1750741142
|-terastallize|p2a: Entei|Normal
|move|p2b: Smeargle|Fake Out|p1b: Whimsicott
|-damage|p1b: Whimsicott|94/100
|move|p1b: Whimsicott|Taunt|p2b: Smeargle
|-start|p2b: Smeargle|move: Taunt
|move|p1a: Calyrex|Nasty Plot|p1a: Calyrex
|-boost|p1a: Calyrex|spa|2
|move|p2a: Entei|Crunch|p1a: Calyrex
|-supereffective|p1a: Calyrex
|-enditem|p1a: Calyrex|Focus Sash
|-damage|p1a: Calyrex|1/100
|
|-ability|p2b: Smeargle|Moody|boost
|-boost|p2b: Smeargle|spa|2
|-unboost|p2b: Smeargle|def|1
|upkeep
|turn|2
|inactive|dirt_goop has 30 seconds left.
|inactive|Prometheus756 has 30 seconds left.
|
|t:|1750741172
|switch|p1b: Chi-Yu|Chi-Yu, L50|100/100
|-ability|p1b: Chi-Yu|Beads of Ruin
|switch|p2b: Miraidon|Miraidon, L50|100/100
|-fieldstart|move: Electric Terrain|[from] ability: Hadron Engine|[of] p2b: Miraidon
|move|p1a: Calyrex|Expanding Force|p2a: Entei
|-damage|p2a: Entei|0 fnt
|faint|p2a: Entei
|-ability|p1a: Calyrex|Grim Neigh|boost
|-boost|p1a: Calyrex|spa|1
|
|upkeep
|
|t:|1750741183
|switch|p2a: Smeargle|Smeargle, L50, F|100/100
|turn|3
|inactive|Prometheus756 has 30 seconds left.
|
|t:|1750741210
|move|p2a: Smeargle|Wide Guard|p2a: Smeargle
|-singleturn|p2a: Smeargle|Wide Guard
|move|p1a: Calyrex|Astral Barrage|p2b: Miraidon|[spread] 
|-activate|p2a: Smeargle|move: Wide Guard
|-activate|p2b: Miraidon|move: Wide Guard
|move|p2b: Miraidon|Dazzling Gleam|p1a: Calyrex|[spread] p1a,p1b
|-damage|p1a: Calyrex|0 fnt
|-damage|p1b: Chi-Yu|51/100
|faint|p1a: Calyrex
|move|p1b: Chi-Yu|Heat Wave|p2a: Smeargle|[spread] 
|-activate|p2a: Smeargle|move: Wide Guard
|-activate|p2b: Miraidon|move: Wide Guard
|
|-ability|p2a: Smeargle|Moody|boost
|-boost|p2a: Smeargle|atk|2
|-unboost|p2a: Smeargle|spe|1
|upkeep
|
|t:|1750741229
|switch|p1a: Zamazenta|Zamazenta-Crowned, L50|100/100
|-ability|p1a: Zamazenta|Dauntless Shield|boost
|-boost|p1a: Zamazenta|def|1
|turn|4
|inactive|Prometheus756 has 30 seconds left.
|
|t:|1750741260
|switch|p2b: Calyrex|Calyrex-Ice, L50|100/100
|-ability|p2b: Calyrex|As One
|-ability|p2b: Calyrex|Unnerve
|move|p2a: Smeargle|Wide Guard|p2a: Smeargle
|-singleturn|p2a: Smeargle|Wide Guard
|move|p1a: Zamazenta|Body Press|p2a: Smeargle
|-supereffective|p2a: Smeargle
|-enditem|p2a: Smeargle|Focus Sash
|-damage|p2a: Smeargle|1/100
|move|p1b: Chi-Yu|Ruination|p2b: Calyrex
|-damage|p2b: Calyrex|51/100
|-damage|p1b: Chi-Yu|41/100|[from] item: Life Orb
|
|-ability|p2a: Smeargle|Moody|boost
|-boost|p2a: Smeargle|def|2
|-unboost|p2a: Smeargle|atk|1
|upkeep
|turn|5
|inactive|dirt_goop has 30 seconds left.
|inactive|Prometheus756 has 30 seconds left.
|inactive|dirt_goop has 20 seconds left.
|inactive|Prometheus756 has 20 seconds left.
|inactive|Prometheus756 has 15 seconds left.
|inactive|Prometheus756 has 10 seconds left.
|
|t:|1750741307
|move|p2a: Smeargle|Wide Guard|p2a: Smeargle
|-singleturn|p2a: Smeargle|Wide Guard
|move|p1a: Zamazenta|Body Press|p2b: Calyrex
|-damage|p2b: Calyrex|13/100
|move|p1b: Chi-Yu|Dark Pulse|p2b: Calyrex
|-supereffective|p2b: Calyrex
|-damage|p2b: Calyrex|0 fnt
|faint|p2b: Calyrex
|-damage|p1b: Chi-Yu|31/100|[from] item: Life Orb
|
|-ability|p2a: Smeargle|Moody|boost
|-boost|p2a: Smeargle|atk|2
|-unboost|p2a: Smeargle|def|1
|upkeep
|
|t:|1750741314
|switch|p2b: Miraidon|Miraidon, L50|100/100
|-activate|p2b: Miraidon|ability: Hadron Engine
|turn|6
|inactive|dirt_goop has 30 seconds left.
|
|t:|1750741340
|move|p1a: Zamazenta|Protect|p1a: Zamazenta
|-singleturn|p1a: Zamazenta|Protect
|move|p2a: Smeargle|Follow Me|p2a: Smeargle
|-singleturn|p2a: Smeargle|move: Follow Me
|move|p2b: Miraidon|Volt Switch|p1a: Zamazenta
|-activate|p1a: Zamazenta|move: Protect
|move|p1b: Chi-Yu|Ruination|p2a: Smeargle
|-damage|p2a: Smeargle|0 fnt
|faint|p2a: Smeargle
|-damage|p1b: Chi-Yu|21/100|[from] item: Life Orb
|
|-fieldend|move: Electric Terrain
|upkeep
|turn|7
|
|t:|1750741360
|switch|p1a: Whimsicott|Whimsicott, L50, F|94/100
|move|p2b: Miraidon|Volt Switch|p1a: Whimsicott
|-resisted|p1a: Whimsicott
|-damage|p1a: Whimsicott|44/100
|move|p1b: Chi-Yu|Ruination|p2b: Miraidon
|-damage|p2b: Miraidon|51/100
|-damage|p1b: Chi-Yu|11/100|[from] item: Life Orb
|
|upkeep
|turn|8
|
|t:|1750741379
|move|p1a: Whimsicott|Tailwind|p1a: Whimsicott
|-sidestart|p1: dirt_goop|move: Tailwind
|move|p1b: Chi-Yu|Ruination|p2b: Miraidon
|-damage|p2b: Miraidon|26/100
|-damage|p1b: Chi-Yu|1/100|[from] item: Life Orb
|move|p2b: Miraidon|Volt Switch|p1a: Whimsicott
|-resisted|p1a: Whimsicott
|-damage|p1a: Whimsicott|0 fnt
|faint|p1a: Whimsicott
|
|upkeep
|-message|Prometheus756 forfeited.
|
|win|dirt_goop
|raw|dirt_goop's rating: 1426 &rarr; <strong>1449</strong><br />(+23 for winning)
|raw|Prometheus756's rating: 1478 &rarr; <strong>1455</strong><br />(-23 for losing)
|l|☆Prometheus756
|player|p2|
|l|☆dirt_goop
|player|p1|
