|j|☆AsukaHikaru
|j|☆It'sJustKen VGC
|t:|1750817964
|gametype|doubles
|player|p1|AsukaHikaru|102|1741
|player|p2|It'sJustKen VGC|caitlin|1632
|teamsize|p1|6
|teamsize|p2|6
|gen|9
|tier|[Gen 9] VGC 2025 Reg I
|rated|
|rule|Species Clause: Limit one of each Pokémon
|rule|Item Clause: Limit 1 of each item
|clearpoke
|poke|p1|Calyrex-Ice, L50|
|poke|p1|Whimsicott, L50, F|
|poke|p1|Urshifu-*, L50, M|
|poke|p1|Landorus, L50, M|
|poke|p1|Incineroar, L50, M|
|poke|p1|Miraidon, L50|
|poke|p2|Incineroar, L50, M|
|poke|p2|Urshifu-*, L50, F|
|poke|p2|Amoonguss, L50, F|
|poke|p2|Calyrex-Shadow, L50|
|poke|p2|Tornadus, L50, M|
|poke|p2|Terapagos, L50, M|
|teampreview|4
|inactive|Battle timer is ON: inactive players will automatically lose when time's up. (requested by It'sJustKen VGC)
|l|☆It'sJustKen VGC
|inactive|It'sJustKen VGC disconnected and has a minute to reconnect!
|player|p2|
|inactive|It'sJustKen VGC has 30 seconds to reconnect!
|inactive|It'sJustKen VGC has 20 seconds to reconnect!
|inactive|It'sJustKen VGC has 15 seconds to reconnect!
|j|☆It'sJustKen VGC
|inactive|It'sJustKen VGC reconnected and has 25 seconds left.
|player|p2|It'sJustKen VGC|caitlin|
|inactive|It'sJustKen VGC has 20 seconds left.
|inactive|It'sJustKen VGC has 15 seconds left.
|
|t:|1750818041
|start
|switch|p1a: Incineroar|Incineroar, L50, M|100/100
|switch|p1b: Miraidon|Miraidon, L50|100/100
|switch|p2a: @Not Wolfe Glick|Incineroar, L50, M|100/100
|switch|p2b: Chicken Jockey|Calyrex-Shadow, L50|100/100
|-ability|p2b: Chicken Jockey|As One
|-ability|p2b: Chicken Jockey|Unnerve
|-fieldstart|move: Electric Terrain|[from] ability: Hadron Engine|[of] p1b: Miraidon
|-ability|p2a: @Not Wolfe Glick|Intimidate|boost
|-unboost|p1a: Incineroar|atk|1
|-unboost|p1b: Miraidon|atk|1
|-ability|p1a: Incineroar|Intimidate|boost
|-unboost|p2a: @Not Wolfe Glick|atk|1
|-unboost|p2b: Chicken Jockey|atk|1
|turn|1
|inactive|AsukaHikaru has 30 seconds left.
|inactive|It'sJustKen VGC has 30 seconds left.
|inactive|It'sJustKen VGC has 20 seconds left.
|inactive|It'sJustKen VGC has 15 seconds left.
|
|t:|1750818083
|-terastallize|p2b: Chicken Jockey|Ghost
|move|p2a: @Not Wolfe Glick|Fake Out|p1b: Miraidon
|-damage|p1b: Miraidon|94/100
|move|p2b: Chicken Jockey|Astral Barrage|p1b: Miraidon|[spread] p1a,p1b
|-resisted|p1a: Incineroar
|-damage|p1a: Incineroar|68/100
|-damage|p1b: Miraidon|22/100
|-damage|p2b: Chicken Jockey|91/100|[from] item: Life Orb
|cant|p1b: Miraidon|flinch
|move|p1a: Incineroar|Knock Off|p2b: Chicken Jockey
|-supereffective|p2b: Chicken Jockey
|-crit|p2b: Chicken Jockey
|-damage|p2b: Chicken Jockey|0 fnt
|-enditem|p2b: Chicken Jockey|Life Orb|[from] move: Knock Off|[of] p1a: Incineroar
|faint|p2b: Chicken Jockey
|
|upkeep
|
|t:|1750818092
|switch|p2b: Steven He|Urshifu-Rapid-Strike, L50, F|100/100
|turn|2
|
|t:|1750818112
|switch|p1b: Calyrex|Calyrex-Ice, L50|100/100
|-ability|p1b: Calyrex|As One
|-ability|p1b: Calyrex|Unnerve
|switch|p1a: Whimsicott|Whimsicott, L50, F|100/100
|move|p2b: Steven He|Surging Strikes|p1b: Calyrex
|-crit|p1b: Calyrex
|-damage|p1b: Calyrex|87/100
|-crit|p1b: Calyrex
|-damage|p1b: Calyrex|75/100
|-crit|p1b: Calyrex
|-damage|p1b: Calyrex|60/100
|-hitcount|p1b: Calyrex|3
|move|p2a: @Not Wolfe Glick|Knock Off|p1a: Whimsicott
|-resisted|p1a: Whimsicott
|-damage|p1a: Whimsicott|87/100
|-enditem|p1a: Whimsicott|Covert Cloak|[from] move: Knock Off|[of] p2a: @Not Wolfe Glick
|
|-heal|p1b: Calyrex|66/100|[from] item: Leftovers
|upkeep
|turn|3
|inactive|AsukaHikaru has 30 seconds left.
|
|t:|1750818141
|-terastallize|p1b: Calyrex|Fairy
|move|p1a: Whimsicott|Tailwind|p1a: Whimsicott
|-sidestart|p1: AsukaHikaru|move: Tailwind
|move|p2b: Steven He|Surging Strikes|p1b: Calyrex
|-crit|p1b: Calyrex
|-damage|p1b: Calyrex|53/100
|-crit|p1b: Calyrex
|-damage|p1b: Calyrex|39/100
|-crit|p1b: Calyrex
|-damage|p1b: Calyrex|26/100
|-hitcount|p1b: Calyrex|3
|move|p1b: Calyrex|Leech Seed|p2b: Steven He
|-start|p2b: Steven He|move: Leech Seed
|move|p2a: @Not Wolfe Glick|U-turn|p1b: Calyrex
|-resisted|p1b: Calyrex
|-damage|p1b: Calyrex|21/100
|inactive|It'sJustKen VGC has 30 seconds left.
|inactive|It'sJustKen VGC has 20 seconds left.
|inactive|It'sJustKen VGC has 15 seconds left.
|inactive|It'sJustKen VGC has 10 seconds left.
|inactive|It'sJustKen VGC has 5 seconds left.
|
|t:|1750818196
|switch|p2a: PTSD Mushroom|Amoonguss, L50, F|100/100|[from] U-turn
|
|-heal|p1b: Calyrex|27/100|[from] item: Leftovers
|-damage|p2b: Steven He|88/100|[from] Leech Seed|[of] p1b: Calyrex
|-heal|p1b: Calyrex|38/100|[silent]
|upkeep
|turn|4
|
|t:|1750818208
|switch|p2b: @Not Wolfe Glick|Incineroar, L50, M|100/100
|-ability|p2b: @Not Wolfe Glick|Intimidate|boost
|-unboost|p1a: Whimsicott|atk|1
|-unboost|p1b: Calyrex|atk|1
|move|p1a: Whimsicott|Moonblast|p2b: @Not Wolfe Glick
|-damage|p2b: @Not Wolfe Glick|83/100
|move|p1b: Calyrex|Glacial Lance|p2b: @Not Wolfe Glick|[spread] p2a,p2b
|-supereffective|p2a: PTSD Mushroom
|-resisted|p2b: @Not Wolfe Glick
|-damage|p2a: PTSD Mushroom|40/100
|-damage|p2b: @Not Wolfe Glick|63/100
|move|p2a: PTSD Mushroom|Sludge Bomb|p1a: Whimsicott
|-supereffective|p1a: Whimsicott
|-damage|p1a: Whimsicott|0 fnt
|faint|p1a: Whimsicott
|
|-heal|p1b: Calyrex|43/100|[from] item: Leftovers
|upkeep
|
|t:|1750818229
|switch|p1a: Incineroar|Incineroar, L50, M|68/100
|-ability|p1a: Incineroar|Intimidate|boost
|-unboost|p2a: PTSD Mushroom|atk|1
|-unboost|p2b: @Not Wolfe Glick|atk|1
|turn|5
|inactive|It'sJustKen VGC has 30 seconds left.
|
|t:|1750818259
|switch|p2a: Steven He|Urshifu-Rapid-Strike, L50, F|88/100
|move|p2b: @Not Wolfe Glick|Fake Out|p1a: Incineroar
|-damage|p1a: Incineroar|61/100
|cant|p1a: Incineroar|flinch
|move|p1b: Calyrex|Glacial Lance|p2a: Steven He|[spread] p2a,p2b
|-resisted|p2a: Steven He
|-resisted|p2b: @Not Wolfe Glick
|-damage|p2a: Steven He|69/100
|-damage|p2b: @Not Wolfe Glick|45/100
|
|-heal|p1b: Calyrex|49/100|[from] item: Leftovers
|-fieldend|move: Electric Terrain
|upkeep
|turn|6
|
|t:|1750818281
|move|p2a: Steven He|Surging Strikes|p1a: Incineroar
|-supereffective|p1a: Incineroar
|-crit|p1a: Incineroar
|-damage|p1a: Incineroar|15/100
|-supereffective|p1a: Incineroar
|-crit|p1a: Incineroar
|-damage|p1a: Incineroar|0 fnt
|faint|p1a: Incineroar
|-hitcount|p1: Incineroar|2
|move|p1b: Calyrex|Glacial Lance|p2b: @Not Wolfe Glick|[spread] p2a,p2b
|-resisted|p2a: Steven He
|-resisted|p2b: @Not Wolfe Glick
|-damage|p2a: Steven He|52/100
|-damage|p2b: @Not Wolfe Glick|27/100
|move|p2b: @Not Wolfe Glick|U-turn|p1b: Calyrex
|-resisted|p1b: Calyrex
|-damage|p1b: Calyrex|45/100
|inactive|It'sJustKen VGC has 30 seconds left.
|
|t:|1750818307
|switch|p2b: PTSD Mushroom|Amoonguss, L50, F|73/100|[from] U-turn
|
|-heal|p1b: Calyrex|51/100|[from] item: Leftovers
|-sideend|p1: AsukaHikaru|move: Tailwind
|upkeep
|
|t:|1750818309
|switch|p1a: Miraidon|Miraidon, L50|22/100
|-fieldstart|move: Electric Terrain|[from] ability: Hadron Engine|[of] p1a: Miraidon
|turn|7
|
|t:|1750818313
|switch|p2b: @Not Wolfe Glick|Incineroar, L50, M|27/100
|-ability|p2b: @Not Wolfe Glick|Intimidate|boost
|-unboost|p1a: Miraidon|atk|1
|-unboost|p1b: Calyrex|atk|1
|move|p2a: Steven He|Surging Strikes|p1a: Miraidon
|-resisted|p1a: Miraidon
|-crit|p1a: Miraidon
|-damage|p1a: Miraidon|13/100
|-resisted|p1a: Miraidon
|-crit|p1a: Miraidon
|-damage|p1a: Miraidon|4/100
|-resisted|p1a: Miraidon
|-crit|p1a: Miraidon
|-damage|p1a: Miraidon|0 fnt
|faint|p1a: Miraidon
|-hitcount|p1: Miraidon|3
|move|p1b: Calyrex|Glacial Lance|p2b: @Not Wolfe Glick|[spread] p2a,p2b
|-resisted|p2a: Steven He
|-resisted|p2b: @Not Wolfe Glick
|-damage|p2a: Steven He|39/100
|-damage|p2b: @Not Wolfe Glick|14/100
|
|-heal|p1b: Calyrex|57/100|[from] item: Leftovers
|upkeep
|turn|8
|
|t:|1750818323
|move|p2b: @Not Wolfe Glick|Fake Out|p1b: Calyrex
|-damage|p1b: Calyrex|48/100
|move|p2a: Steven He|Surging Strikes|p1b: Calyrex
|-crit|p1b: Calyrex
|-damage|p1b: Calyrex|35/100
|-crit|p1b: Calyrex
|-damage|p1b: Calyrex|21/100
|-crit|p1b: Calyrex
|-damage|p1b: Calyrex|9/100
|-hitcount|p1b: Calyrex|3
|cant|p1b: Calyrex|flinch
|
|-heal|p1b: Calyrex|15/100|[from] item: Leftovers
|upkeep
|turn|9
|-message|AsukaHikaru forfeited.
|
|win|It'sJustKen VGC
|raw|AsukaHikaru's rating: 1741 &rarr; <strong>1715</strong><br />(-26 for losing)
|raw|It&apos;sJustKen VGC's rating: 1633 &rarr; <strong>1659</strong><br />(+26 for winning)
|l|☆AsukaHikaru
|player|p1|
|l|☆It'sJustKen VGC
|player|p2|
