|j|☆Isegrimm
|j|☆WideDogOfficial
|t:|1750834526
|gametype|doubles
|player|p1|Isegrimm|gambler|1140
|player|p2|WideDogOfficial|169|1201
|teamsize|p1|6
|teamsize|p2|6
|gen|9
|tier|[Gen 9] VGC 2025 Reg I
|rated|
|rule|Species Clause: Limit one of each Pokémon
|rule|Item Clause: Limit 1 of each item
|clearpoke
|poke|p1|Ceruledge, L50, M|
|poke|p1|Zebstrika, L50, F|
|poke|p1|Kyogre, L50|
|poke|p1|Iron Jugulis, L50|
|poke|p1|Amoonguss, L50, M|
|poke|p1|Zamazenta-*, L50|
|poke|p2|Calyrex-Ice, L50|
|poke|p2|Indeedee-F, L50, F|
|poke|p2|Incineroar, L50, M|
|poke|p2|Hatterene, L50, F|
|poke|p2|Zacian-*, L50|
|poke|p2|Amoonguss, L50, F|
|teampreview|4
|inactive|Battle timer is ON: inactive players will automatically lose when time's up. (requested by Isegrimm)
|
|t:|1750834569
|start
|switch|p1a: Amoonguss|Amoonguss, L50, M, shiny|100/100
|switch|p1b: Ceruledge|Ceruledge, L50, M, shiny|100/100
|switch|p2a: Calyrex|Calyrex-Ice, L50|100/100
|switch|p2b: Indeedee|Indeedee-F, L50, F|100/100
|-ability|p2a: Calyrex|As One
|-ability|p2a: Calyrex|Unnerve
|-fieldstart|move: Psychic Terrain|[from] ability: Psychic Surge|[of] p2b: Indeedee
|turn|1
|inactive|WideDogOfficial also wants the timer to be on.
|inactive|WideDogOfficial has 30 seconds left.
|
|t:|1750834600
|-terastallize|p2a: Calyrex|Water
|-terastallize|p1a: Amoonguss|Water
|move|p2b: Indeedee|Helping Hand|p2a: Calyrex
|-singleturn|p2a: Calyrex|Helping Hand|[of] p2b: Indeedee
|move|p1b: Ceruledge|Bitter Blade|p2a: Calyrex
|-resisted|p2a: Calyrex
|-damage|p2a: Calyrex|82/100
|-damage|p1b: Ceruledge|91/100|[from] item: Life Orb
|move|p2a: Calyrex|Glacial Lance|p1a: Amoonguss|[spread] p1a,p1b
|-resisted|p1a: Amoonguss
|-resisted|p1b: Ceruledge
|-damage|p1a: Amoonguss|59/100
|-damage|p1b: Ceruledge|34/100
|move|p1a: Amoonguss|Spore|p2a: Calyrex
|-status|p2a: Calyrex|slp|[from] move: Spore
|
|upkeep
|turn|2
|inactive|Isegrimm has 30 seconds left.
|inactive|WideDogOfficial has 30 seconds left.
|inactive|WideDogOfficial has 20 seconds left.
|inactive|WideDogOfficial has 15 seconds left.
|
|t:|1750834642
|cant|p2a: Calyrex|slp
|move|p1b: Ceruledge|Bitter Blade|p2b: Indeedee
|-damage|p2b: Indeedee|37/100
|-heal|p1b: Ceruledge|67/100|[from] drain|[of] p2b: Indeedee
|-enditem|p2b: Indeedee|Sitrus Berry|[eat]
|-heal|p2b: Indeedee|62/100|[from] item: Sitrus Berry
|-damage|p1b: Ceruledge|57/100|[from] item: Life Orb
|move|p1a: Amoonguss|Spore|p2b: Indeedee
|-status|p2b: Indeedee|slp|[from] move: Spore
|cant|p2b: Indeedee|slp
|
|upkeep
|turn|3
|inactive|WideDogOfficial has 30 seconds left.
|inactive|Isegrimm has 30 seconds left.
|
|t:|1750834675
|move|p1b: Ceruledge|Bitter Blade|p2b: Indeedee
|-crit|p2b: Indeedee
|-damage|p2b: Indeedee|0 fnt
|-heal|p1b: Ceruledge|88/100|[from] drain|[of] p2b: Indeedee
|faint|p2b: Indeedee
|-damage|p1b: Ceruledge|78/100|[from] item: Life Orb
|move|p1a: Amoonguss|Pollen Puff|p1b: Ceruledge
|-heal|p1b: Ceruledge|100/100
|cant|p2a: Calyrex|slp
|
|upkeep
|
|t:|1750834694
|switch|p2b: Amoonguss|Amoonguss, L50, F|100/100
|turn|4
|
|t:|1750834704
|move|p1b: Ceruledge|Bitter Blade|p2b: Amoonguss
|-supereffective|p2b: Amoonguss
|-damage|p2b: Amoonguss|0 fnt
|-damage|p1b: Ceruledge|84/100|[from] item: Rocky Helmet|[of] p2b: Amoonguss
|faint|p2b: Amoonguss
|-damage|p1b: Ceruledge|74/100|[from] item: Life Orb
|move|p1a: Amoonguss|Spore|p2a: Calyrex
|-fail|p2a: Calyrex|slp
|cant|p2a: Calyrex|slp
|
|upkeep
|
|t:|1750834715
|switch|p2b: Hatterene|Hatterene, L50, F|100/100
|turn|5
|-message|WideDogOfficial forfeited.
|
|win|Isegrimm
|raw|Isegrimm's rating: 1140 &rarr; <strong>1169</strong><br />(+29 for winning)
|raw|WideDogOfficial's rating: 1201 &rarr; <strong>1172</strong><br />(-29 for losing)
|l|☆WideDogOfficial
|player|p2|
|l|☆Isegrimm
|player|p1|
