|j|☆hdhsjsko
|j|☆Jakobwsmurfing
|t:|1750709971
|gametype|doubles
|player|p1|hdhsjsko|265|1343
|player|p2|Jakobwsmurfing|1|1335
|teamsize|p1|6
|teamsize|p2|6
|gen|9
|tier|[Gen 9] VGC 2025 Reg I
|rated|
|rule|Species Clause: Limit one of each Pokémon
|rule|Item Clause: Limit 1 of each item
|clearpoke
|poke|p1|Calyrex-Ice, L50|
|poke|p1|Lunala, L50|
|poke|p1|Indeedee-F, L50, F|
|poke|p1|Ursaluna-Bloodmoon, L50, M|
|poke|p1|Ogerpon-Cornerstone, L50, F|
|poke|p1|Amoonguss, L50, M|
|poke|p2|Snorlax, L50, F|
|poke|p2|Gallade, L50, M|
|poke|p2|Calyrex-Ice, L50|
|poke|p2|Kyogre, L50|
|poke|p2|Tornadus, L50, M|
|poke|p2|Rillaboom, L50, M|
|teampreview|4
|inactive|Battle timer is ON: inactive players will automatically lose when time's up. (requested by hdhsjsko)
|
|t:|1750710000
|start
|switch|p1a: Lunala|Lunala, L50|100/100
|switch|p1b: Indeedee|Indeedee-F, L50, F|100/100
|switch|p2a: Rillaboom|Rillaboom, L50, M|100/100
|switch|p2b: Kyogre|Kyogre, L50|100/100
|-weather|RainDance|[from] ability: Drizzle|[of] p2b: Kyogre
|-fieldstart|move: Grassy Terrain|[from] ability: Grassy Surge|[of] p2a: Rillaboom
|-fieldstart|move: Psychic Terrain|[from] ability: Psychic Surge|[of] p1b: Indeedee
|turn|1
|
|t:|1750710013
|move|p1a: Lunala|Wide Guard|p1a: Lunala
|-singleturn|p1a: Lunala|Wide Guard
|move|p2b: Kyogre|Hydro Pump|p1b: Indeedee
|-damage|p1b: Indeedee|0 fnt
|faint|p1b: Indeedee
|move|p2a: Rillaboom|U-turn|p1a: Lunala
|-damage|p1a: Lunala|92/100
|
|t:|1750710026
|switch|p2a: Snorlax|Snorlax, L50, F|100/100|[from] U-turn
|
|-weather|RainDance|[upkeep]
|upkeep
|
|t:|1750710028
|switch|p1b: Ogerpon|Ogerpon-Cornerstone, L50, F|100/100
|turn|2
|
|t:|1750710036
|switch|p2b: Rillaboom|Rillaboom, L50, M|100/100
|-fieldstart|move: Grassy Terrain|[from] ability: Grassy Surge|[of] p2b: Rillaboom
|move|p1b: Ogerpon|Horn Leech|p2b: Rillaboom
|-resisted|p2b: Rillaboom
|-damage|p2b: Rillaboom|70/100
|move|p1a: Lunala|Meteor Beam||[still]
|-prepare|p1a: Lunala|Meteor Beam
|-boost|p1a: Lunala|spa|1
|-enditem|p1a: Lunala|Power Herb
|-anim|p1a: Lunala|Meteor Beam|p2b: Rillaboom
|-damage|p2b: Rillaboom|27/100
|move|p2a: Snorlax|Yawn|p1a: Lunala
|-start|p1a: Lunala|move: Yawn|[of] p2a: Snorlax
|
|-weather|RainDance|[upkeep]
|-heal|p2b: Rillaboom|33/100|[from] Grassy Terrain
|-heal|p1a: Lunala|98/100|[from] Grassy Terrain
|upkeep
|turn|3
|inactive|Jakobwsmurfing has 30 seconds left.
|inactive|Jakobwsmurfing has 20 seconds left.
|
|t:|1750710074
|move|p2b: Rillaboom|Fake Out|p1b: Ogerpon
|-resisted|p1b: Ogerpon
|-damage|p1b: Ogerpon|94/100
|cant|p1b: Ogerpon|flinch
|move|p1a: Lunala|Moongeist Beam|p2b: Rillaboom
|-damage|p2b: Rillaboom|0 fnt
|faint|p2b: Rillaboom
|move|p2a: Snorlax|Crunch|p1a: Lunala
|-supereffective|p1a: Lunala
|-damage|p1a: Lunala|28/100
|-unboost|p1a: Lunala|def|1
|
|-weather|RainDance|[upkeep]
|-heal|p1b: Ogerpon|99/100|[from] Grassy Terrain
|-heal|p1a: Lunala|34/100|[from] Grassy Terrain
|-end|p1a: Lunala|move: Yawn|[silent]
|-status|p1a: Lunala|slp
|upkeep
|
|t:|1750710095
|switch|p2b: Calyrex|Calyrex-Ice, L50|100/100
|-ability|p2b: Calyrex|As One
|-ability|p2b: Calyrex|Unnerve
|turn|4
|
|t:|1750710111
|-terastallize|p1b: Ogerpon|Rock
|detailschange|p1b: Ogerpon|Ogerpon-Cornerstone-Tera, L50, F, tera:Rock
|-ability|p1b: Ogerpon|Embody Aspect (Cornerstone)|boost
|-boost|p1b: Ogerpon|def|1
|move|p1b: Ogerpon|Ivy Cudgel|p2b: Calyrex|[anim] Ivy Cudgel Rock
|-supereffective|p2b: Calyrex
|-damage|p2b: Calyrex|0 fnt
|faint|p2b: Calyrex
|cant|p1a: Lunala|slp
|move|p2a: Snorlax|Crunch|p1b: Ogerpon
|-damage|p1b: Ogerpon|83/100
|
|-weather|RainDance|[upkeep]
|-heal|p1b: Ogerpon|89/100|[from] Grassy Terrain
|-heal|p1a: Lunala|40/100 slp|[from] Grassy Terrain
|upkeep
|
|t:|1750710127
|switch|p2b: Kyogre|Kyogre, L50|100/100
|turn|5
|
|t:|1750710140
|-terastallize|p2b: Kyogre|Water
|cant|p1a: Lunala|slp
|move|p1b: Ogerpon|Horn Leech|p2b: Kyogre
|-supereffective|p2b: Kyogre
|-damage|p2b: Kyogre|18/100
|-heal|p1b: Ogerpon|100/100|[from] drain|[of] p2b: Kyogre
|move|p2b: Kyogre|Origin Pulse|p1b: Ogerpon|[spread] p1a,p1b
|-supereffective|p1b: Ogerpon
|-damage|p1a: Lunala|0 fnt
|-damage|p1b: Ogerpon|0 fnt
|faint|p1a: Lunala
|faint|p1b: Ogerpon
|detailschange|p1: Ogerpon|Ogerpon-Cornerstone, L50, F|[silent]
|move|p2a: Snorlax|Yawn|p1: Lunala|[notarget]
|-fail|p2a: Snorlax
|
|-weather|none
|-heal|p2b: Kyogre|23/100|[from] Grassy Terrain
|upkeep
|
|t:|1750710148
|switch|p1b: Calyrex|Calyrex-Ice, L50|100/100
|-ability|p1b: Calyrex|As One
|-ability|p1b: Calyrex|Unnerve
|turn|6
|
|t:|1750710152
|move|p2b: Kyogre|Origin Pulse|p1b: Calyrex
|-damage|p1b: Calyrex|28/100
|move|p1b: Calyrex|Glacial Lance|p2a: Snorlax|[spread] p2a,p2b
|-resisted|p2b: Kyogre
|-damage|p2a: Snorlax|80/100
|-damage|p2b: Kyogre|3/100
|move|p2a: Snorlax|Yawn|p1b: Calyrex
|-start|p1b: Calyrex|move: Yawn|[of] p2a: Snorlax
|
|-heal|p2b: Kyogre|9/100|[from] Grassy Terrain
|-heal|p1b: Calyrex|34/100|[from] Grassy Terrain
|-heal|p2a: Snorlax|86/100|[from] Grassy Terrain
|-fieldend|move: Grassy Terrain
|upkeep
|turn|7
|
|t:|1750710160
|move|p2a: Snorlax|Protect|p2a: Snorlax
|-singleturn|p2a: Snorlax|Protect
|move|p2b: Kyogre|Origin Pulse|p1b: Calyrex|[miss]
|-miss|p2b: Kyogre|p1b: Calyrex
|move|p1b: Calyrex|Glacial Lance|p2a: Snorlax|[spread] p2b
|-activate|p2a: Snorlax|move: Protect
|-resisted|p2b: Kyogre
|-damage|p2b: Kyogre|0 fnt
|faint|p2b: Kyogre
|-ability|p1b: Calyrex|Chilling Neigh|boost
|-boost|p1b: Calyrex|atk|1
|
|-end|p1b: Calyrex|move: Yawn|[silent]
|-status|p1b: Calyrex|slp
|upkeep
|turn|8
|
|t:|1750710166
|cant|p1b: Calyrex|slp
|move|p2a: Snorlax|Crunch|p1b: Calyrex
|-supereffective|p1b: Calyrex
|-damage|p1b: Calyrex|4/100 slp
|
|upkeep
|turn|9
|
|t:|1750710170
|-curestatus|p1b: Calyrex|slp|[msg]
|move|p1b: Calyrex|Glacial Lance|p2a: Snorlax
|-damage|p2a: Snorlax|42/100
|move|p2a: Snorlax|Crunch|p1b: Calyrex
|-supereffective|p1b: Calyrex
|-damage|p1b: Calyrex|0 fnt
|-enditem|p2a: Snorlax|Sitrus Berry|[eat]
|-heal|p2a: Snorlax|66/100|[from] item: Sitrus Berry
|faint|p1b: Calyrex
|
|win|Jakobwsmurfing
|raw|hdhsjsko's rating: 1343 &rarr; <strong>1323</strong><br />(-20 for losing)
|raw|Jakobwsmurfing's rating: 1335 &rarr; <strong>1355</strong><br />(+20 for winning)
|l|☆hdhsjsko
|player|p1|
|l|☆Jakobwsmurfing
|player|p2|
