|j|☆TuffTrash
|j|☆fntzz
|t:|1750857129
|gametype|doubles
|player|p1|TuffTrash|266|1074
|player|p2|fntzz|clown|1085
|teamsize|p1|6
|teamsize|p2|6
|gen|9
|tier|[Gen 9] VGC 2025 Reg I
|rated|
|rule|Species Clause: Limit one of each Pokémon
|rule|Item Clause: Limit 1 of each item
|clearpoke
|poke|p1|Incineroar, L50, M|
|poke|p1|Scream Tail, L50|
|poke|p1|Koraidon, L50|
|poke|p1|Gothitelle, L50, F|
|poke|p1|Flutter Mane, L50|
|poke|p1|Amoonguss, L50, F|
|poke|p2|Koraidon, L50|
|poke|p2|Zamazenta-*, L50|
|poke|p2|Chi-Yu, L50|
|poke|p2|Whimsicott, L50, F|
|poke|p2|Raging Bolt, L50|
|poke|p2|Weezing-Galar, L50, F|
|teampreview|4
|
|t:|1750857164
|start
|switch|p1a: Scream Tail|Scream Tail, L50|100/100
|switch|p1b: Flutter Mane|Flutter Mane, L50|100/100
|switch|p2a: Koraidon|Koraidon, L50|100/100
|switch|p2b: Weezing|Weezing-Galar, L50, F|100/100
|-ability|p2b: Weezing|Neutralizing Gas
|-block|p2a: Koraidon|item: Ability Shield
|-weather|SunnyDay|[from] ability: Orichalcum Pulse|[of] p2a: Koraidon
|-activate|p2a: Koraidon|Orichalcum Pulse|[source]
|turn|1
|
|t:|1750857183
|-terastallize|p2a: Koraidon|Fire
|move|p2a: Koraidon|Flare Blitz|p1b: Flutter Mane
|-enditem|p1b: Flutter Mane|Focus Sash
|-damage|p1b: Flutter Mane|1/100
|-damage|p2a: Koraidon|76/100|[from] Recoil
|move|p1b: Flutter Mane|Moonblast|p2a: Koraidon
|-resisted|p2a: Koraidon
|-damage|p2a: Koraidon|49/100
|move|p1a: Scream Tail|Perish Song|p1a: Scream Tail
|-start|p1a: Scream Tail|perish3|[silent]
|-start|p1b: Flutter Mane|perish3|[silent]
|-start|p2a: Koraidon|perish3|[silent]
|-start|p2b: Weezing|perish3|[silent]
|-fieldactivate|move: Perish Song
|move|p2b: Weezing|Taunt|p1a: Scream Tail
|-start|p1a: Scream Tail|move: Taunt
|
|-weather|SunnyDay|[upkeep]
|-start|p1b: Flutter Mane|perish3
|-start|p2a: Koraidon|perish3
|-start|p1a: Scream Tail|perish3
|-start|p2b: Weezing|perish3
|upkeep
|turn|2
|
|t:|1750857253
|-end|p1a: Scream Tail|Protosynthesis|[silent]
|switch|p1a: Gothitelle|Gothitelle, L50, F|100/100
|move|p1b: Flutter Mane|Protect|p1b: Flutter Mane
|-singleturn|p1b: Flutter Mane|Protect
|move|p2a: Koraidon|Flame Charge|p1b: Flutter Mane
|-activate|p1b: Flutter Mane|move: Protect
|move|p2b: Weezing|Dazzling Gleam|p1b: Flutter Mane|[spread] p1a
|-activate|p1b: Flutter Mane|move: Protect
|-damage|p1a: Gothitelle|87/100
|
|-weather|SunnyDay|[upkeep]
|-heal|p1a: Gothitelle|93/100|[from] item: Leftovers
|-start|p2a: Koraidon|perish2
|-start|p1b: Flutter Mane|perish2
|-start|p2b: Weezing|perish2
|upkeep
|turn|3
|
|t:|1750857285
|move|p1a: Gothitelle|Fake Out|p2a: Koraidon
|-damage|p2a: Koraidon|44/100
|move|p1b: Flutter Mane|Shadow Ball|p2a: Koraidon
|-damage|p2a: Koraidon|0 fnt
|faint|p2a: Koraidon
|move|p2b: Weezing|Taunt|p1a: Gothitelle
|-start|p1a: Gothitelle|move: Taunt
|
|-weather|SunnyDay|[upkeep]
|-heal|p1a: Gothitelle|99/100|[from] item: Leftovers
|-start|p1b: Flutter Mane|perish1
|-start|p2b: Weezing|perish1
|upkeep
|
|t:|1750857300
|switch|p2a: Chi-Yu|Chi-Yu, L50|100/100
|turn|4
|
|t:|1750857325
|switch|p1a: Scream Tail|Scream Tail, L50|100/100
|-end|p2b: Weezing|ability: Neutralizing Gas
|-ability|p2a: Chi-Yu|Beads of Ruin
|-activate|p1b: Flutter Mane|ability: Protosynthesis
|-start|p1b: Flutter Mane|protosynthesisspe
|-activate|p1a: Scream Tail|ability: Protosynthesis
|-start|p1a: Scream Tail|protosynthesisspe
|switch|p2b: Raging Bolt|Raging Bolt, L50|100/100
|-activate|p2b: Raging Bolt|ability: Protosynthesis
|-start|p2b: Raging Bolt|protosynthesisspa
|move|p1b: Flutter Mane|Moonblast|p2a: Chi-Yu
|-damage|p2a: Chi-Yu|36/100
|move|p2a: Chi-Yu|Heat Wave|p1b: Flutter Mane|[spread] p1a
|-miss|p2a: Chi-Yu|p1b: Flutter Mane
|-damage|p1a: Scream Tail|37/100
|
|-weather|SunnyDay|[upkeep]
|-start|p1b: Flutter Mane|perish0
|upkeep
|faint|p1b: Flutter Mane
|-end|p1b: Flutter Mane|Protosynthesis|[silent]
|
|t:|1750857345
|switch|p1b: Koraidon|Koraidon, L50|100/100
|-activate|p1b: Koraidon|ability: Orichalcum Pulse
|turn|5
|
|t:|1750857373
|move|p1a: Scream Tail|Perish Song|p1a: Scream Tail
|-start|p1a: Scream Tail|perish3|[silent]
|-start|p1b: Koraidon|perish3|[silent]
|-start|p2a: Chi-Yu|perish3|[silent]
|-start|p2b: Raging Bolt|perish3|[silent]
|-fieldactivate|move: Perish Song
|move|p2a: Chi-Yu|Heat Wave|p1b: Koraidon|[spread] p1a,p1b
|-resisted|p1b: Koraidon
|-damage|p1a: Scream Tail|0 fnt
|-damage|p1b: Koraidon|57/100
|faint|p1a: Scream Tail
|-end|p1a: Scream Tail|Protosynthesis|[silent]
|move|p1b: Koraidon|Close Combat|p2b: Raging Bolt
|-damage|p2b: Raging Bolt|19/100
|-unboost|p1b: Koraidon|def|1
|-unboost|p1b: Koraidon|spd|1
|-damage|p1b: Koraidon|47/100|[from] item: Life Orb
|move|p2b: Raging Bolt|Draco Meteor|p1b: Koraidon
|-supereffective|p1b: Koraidon
|-damage|p1b: Koraidon|0 fnt
|-unboost|p2b: Raging Bolt|spa|2
|faint|p1b: Koraidon
|
|-weather|none
|-end|p2b: Raging Bolt|Protosynthesis
|-start|p2a: Chi-Yu|perish3
|-start|p2b: Raging Bolt|perish3
|upkeep
|
|t:|1750857383
|switch|p1b: Gothitelle|Gothitelle, L50, F|99/100
|turn|6
|
|t:|1750857408
|move|p1b: Gothitelle|Fake Out|p2a: Chi-Yu
|-damage|p2a: Chi-Yu|26/100
|move|p2b: Raging Bolt|Thunderclap||[still]
|-fail|p2b: Raging Bolt
|cant|p2a: Chi-Yu|flinch
|
|-heal|p1b: Gothitelle|100/100|[from] item: Leftovers
|-start|p2a: Chi-Yu|perish2
|-start|p2b: Raging Bolt|perish2
|upkeep
|turn|7
|
|t:|1750857433
|move|p1b: Gothitelle|Protect|p1b: Gothitelle
|-singleturn|p1b: Gothitelle|Protect
|move|p2b: Raging Bolt|Thunderclap||[still]
|-fail|p2b: Raging Bolt
|move|p2a: Chi-Yu|Heat Wave|p1b: Gothitelle
|-activate|p1b: Gothitelle|move: Protect
|
|-start|p2a: Chi-Yu|perish1
|-start|p2b: Raging Bolt|perish1
|upkeep
|turn|8
|
|t:|1750857468
|-terastallize|p1b: Gothitelle|Water
|move|p1b: Gothitelle|Protect||[still]
|-fail|p1b: Gothitelle
|move|p2a: Chi-Yu|Heat Wave|p1b: Gothitelle
|-resisted|p1b: Gothitelle
|-damage|p1b: Gothitelle|73/100
|-status|p1b: Gothitelle|brn
|move|p2b: Raging Bolt|Draco Meteor|p1b: Gothitelle
|-damage|p1b: Gothitelle|46/100 brn
|-unboost|p2b: Raging Bolt|spa|2
|
|-heal|p1b: Gothitelle|52/100 brn|[from] item: Leftovers
|-damage|p1b: Gothitelle|46/100 brn|[from] brn
|-start|p2a: Chi-Yu|perish0
|-start|p2b: Raging Bolt|perish0
|upkeep
|faint|p2a: Chi-Yu
|faint|p2b: Raging Bolt
|-end|p2b: Raging Bolt|Protosynthesis|[silent]
|
|t:|1750857487
|switch|p2a: Weezing|Weezing-Galar, L50, F|100/100
|-ability|p2a: Weezing|Neutralizing Gas
|turn|9
|
|t:|1750857510
|move|p1b: Gothitelle|Psychic|p2a: Weezing
|-supereffective|p2a: Weezing
|-damage|p2a: Weezing|34/100
|move|p2a: Weezing|Dazzling Gleam|p1b: Gothitelle
|-damage|p1b: Gothitelle|30/100 brn
|
|-heal|p1b: Gothitelle|37/100 brn|[from] item: Leftovers
|-damage|p1b: Gothitelle|30/100 brn|[from] brn
|upkeep
|turn|10
|
|t:|1750857519
|move|p2a: Weezing|Protect|p2a: Weezing
|-singleturn|p2a: Weezing|Protect
|move|p1b: Gothitelle|Psychic|p2a: Weezing
|-activate|p2a: Weezing|move: Protect
|
|-heal|p1b: Gothitelle|37/100 brn|[from] item: Leftovers
|-damage|p1b: Gothitelle|30/100 brn|[from] brn
|upkeep
|turn|11
|
|t:|1750857534
|move|p1b: Gothitelle|Psychic|p2a: Weezing
|-supereffective|p2a: Weezing
|-damage|p2a: Weezing|0 fnt
|faint|p2a: Weezing
|-end|p2a: Weezing|ability: Neutralizing Gas
|
|win|TuffTrash
|raw|TuffTrash's rating: 1074 &rarr; <strong>1104</strong><br />(+30 for winning)
|raw|fntzz's rating: 1085 &rarr; <strong>1062</strong><br />(-23 for losing)
