|j|☆k1lerium
|j|☆BenAnimates
|t:|1750775912
|gametype|doubles
|player|p1|k1lerium|265|1085
|player|p2|BenAnimates|cameraman|1064
|teamsize|p1|6
|teamsize|p2|6
|gen|9
|tier|[Gen 9] VGC 2025 Reg I
|rated|
|rule|Species Clause: Limit one of each Pokémon
|rule|Item Clause: Limit 1 of each item
|clearpoke
|poke|p1|Koraidon, L50|
|poke|p1|Lunala, L50|
|poke|p1|Incineroar, L50, F|
|poke|p1|Amoonguss, L50, M|
|poke|p1|Raichu, L50, F|
|poke|p1|Urshifu-*, L50, F|
|poke|p2|Calyrex-Shadow, L50|
|poke|p2|Indeedee, L50, M|
|poke|p2|Eternatus, L50|
|poke|p2|Grimmsnarl, L50, M|
|poke|p2|Tornadus, L50, M|
|poke|p2|Alcremie, L50, F|
|teampreview|4
|inactive|Battle timer is ON: inactive players will automatically lose when time's up. (requested by BenAnimates)
|inactive|k1lerium has 60 seconds left.
|inactive|BenAnimates has 60 seconds left.
BenAnimates rejected open team sheets.
|c|☆BenAnimates|Glhf
|
|t:|1750775956
|start
|switch|p1a: Koraidon|Koraidon, L50|100/100
|switch|p1b: Lunala|Lunala, L50|100/100
|switch|p2a: Eternatus|Eternatus, L50|100/100
|switch|p2b: Grimmsnarl|Grimmsnarl, L50, M, shiny|100/100
|-weather|SunnyDay|[from] ability: Orichalcum Pulse|[of] p1a: Koraidon
|-activate|p1a: Koraidon|Orichalcum Pulse|[source]
|-ability|p2a: Eternatus|Pressure
|turn|1
|
|t:|1750775974
|move|p2b: Grimmsnarl|Reflect|p2b: Grimmsnarl
|-sidestart|p2: BenAnimates|Reflect
|move|p1a: Koraidon|Close Combat|p2b: Grimmsnarl
|-damage|p2b: Grimmsnarl|7/100
|-unboost|p1a: Koraidon|def|1
|-unboost|p1a: Koraidon|spd|1
|-damage|p1a: Koraidon|91/100|[from] item: Life Orb
|move|p2a: Eternatus|Cosmic Power|p2a: Eternatus
|-boost|p2a: Eternatus|def|1
|-boost|p2a: Eternatus|spd|1
|move|p1b: Lunala|Moonblast|p2a: Eternatus
|-damage|p2a: Eternatus|87/100
|
|-weather|SunnyDay|[upkeep]
|-heal|p2a: Eternatus|93/100|[from] item: Leftovers
|upkeep
|turn|2
|inactive|k1lerium has 30 seconds left.
|
|t:|1750776002
|move|p1a: Koraidon|Protect|p1a: Koraidon
|-singleturn|p1a: Koraidon|Protect
|move|p2b: Grimmsnarl|Light Screen|p2b: Grimmsnarl
|-sidestart|p2: BenAnimates|move: Light Screen
|move|p2a: Eternatus|Cosmic Power|p2a: Eternatus
|-boost|p2a: Eternatus|def|1
|-boost|p2a: Eternatus|spd|1
|move|p1b: Lunala|Moonblast|p2b: Grimmsnarl
|-supereffective|p2b: Grimmsnarl
|-damage|p2b: Grimmsnarl|0 fnt
|faint|p2b: Grimmsnarl
|
|-weather|SunnyDay|[upkeep]
|-heal|p2a: Eternatus|99/100|[from] item: Leftovers
|upkeep
|
|t:|1750776016
|switch|p2b: Alcremie|Alcremie, L50, F, shiny|100/100
|turn|3
|
|t:|1750776029
|switch|p1a: Urshifu|Urshifu-Rapid-Strike, L50, F|100/100
|move|p2b: Alcremie|Decorate|p2a: Eternatus
|-boost|p2a: Eternatus|atk|2
|-boost|p2a: Eternatus|spa|2
|move|p2a: Eternatus|Cosmic Power|p2a: Eternatus
|-boost|p2a: Eternatus|def|1
|-boost|p2a: Eternatus|spd|1
|move|p1b: Lunala|Moongeist Beam|p2b: Alcremie
|-damage|p2b: Alcremie|69/100
|
|-weather|SunnyDay|[upkeep]
|-heal|p2a: Eternatus|100/100|[from] item: Leftovers
|upkeep
|turn|4
|inactive|k1lerium has 30 seconds left.
|
|t:|1750776062
|move|p2b: Alcremie|Decorate|p2a: Eternatus
|-boost|p2a: Eternatus|atk|2
|-boost|p2a: Eternatus|spa|2
|move|p2a: Eternatus|Flamethrower|p1b: Lunala
|-damage|p1b: Lunala|49/100
|move|p1a: Urshifu|Surging Strikes|p2b: Alcremie
|-crit|p2b: Alcremie
|-damage|p2b: Alcremie|56/100
|-crit|p2b: Alcremie
|-damage|p2b: Alcremie|41/100
|-crit|p2b: Alcremie
|-damage|p2b: Alcremie|26/100
|-hitcount|p2b: Alcremie|3
|move|p1b: Lunala|Moonblast|p2a: Eternatus
|-damage|p2a: Eternatus|94/100
|
|-weather|SunnyDay|[upkeep]
|-heal|p2a: Eternatus|100/100|[from] item: Leftovers
|-heal|p1b: Lunala|55/100|[from] item: Leftovers
|upkeep
|turn|5
|
|t:|1750776086
|move|p1b: Lunala|Protect|p1b: Lunala
|-singleturn|p1b: Lunala|Protect
|move|p2b: Alcremie|Decorate|p2a: Eternatus
|-boost|p2a: Eternatus|atk|2
|-boost|p2a: Eternatus|spa|2
|move|p2a: Eternatus|Flamethrower|p1b: Lunala
|-activate|p1b: Lunala|move: Protect
|move|p1a: Urshifu|Surging Strikes|p2b: Alcremie
|-crit|p2b: Alcremie
|-damage|p2b: Alcremie|11/100
|-crit|p2b: Alcremie
|-damage|p2b: Alcremie|0 fnt
|faint|p2b: Alcremie
|-hitcount|p2: Alcremie|2
|
|-weather|none
|-heal|p1b: Lunala|62/100|[from] item: Leftovers
|upkeep
|
|t:|1750776106
|switch|p2b: Calyrex|Calyrex-Shadow, L50|100/100
|-ability|p2b: Calyrex|As One
|-ability|p2b: Calyrex|Unnerve
|turn|6
|
|t:|1750776120
|switch|p1b: Incineroar|Incineroar, L50, F|100/100
|-ability|p1b: Incineroar|Intimidate|boost
|-unboost|p2a: Eternatus|atk|1
|-unboost|p2b: Calyrex|atk|1
|move|p1a: Urshifu|Detect|p1a: Urshifu
|-singleturn|p1a: Urshifu|Protect
|move|p2b: Calyrex|Astral Barrage|p1a: Urshifu|[spread] p1b
|-activate|p1a: Urshifu|move: Protect
|-resisted|p1b: Incineroar
|-damage|p1b: Incineroar|59/100
|move|p2a: Eternatus|Flash Cannon|p1a: Urshifu
|-activate|p1a: Urshifu|move: Protect
|
|upkeep
|turn|7
|inactive|k1lerium has 30 seconds left.
|
|t:|1750776153
|move|p1a: Urshifu|Aqua Jet|p2b: Calyrex
|-damage|p2b: Calyrex|83/100
|move|p2b: Calyrex|Astral Barrage|p1a: Urshifu|[spread] p1a,p1b
|-resisted|p1b: Incineroar
|-damage|p1a: Urshifu|0 fnt
|-damage|p1b: Incineroar|21/100
|faint|p1a: Urshifu
|-ability|p2b: Calyrex|Grim Neigh|boost
|-boost|p2b: Calyrex|spa|1
|move|p2a: Eternatus|Flash Cannon|p1b: Incineroar
|-resisted|p1b: Incineroar
|-damage|p1b: Incineroar|0 fnt
|faint|p1b: Incineroar
|
|upkeep
|
|t:|1750776166
|switch|p1a: Lunala|Lunala, L50|62/100
|switch|p1b: Koraidon|Koraidon, L50|91/100
|-weather|SunnyDay|[from] ability: Orichalcum Pulse|[of] p1b: Koraidon
|-activate|p1b: Koraidon|Orichalcum Pulse|[source]
|turn|8
|
|t:|1750776187
|-terastallize|p1b: Koraidon|Fire
|move|p1a: Lunala|Wide Guard|p1a: Lunala
|-singleturn|p1a: Lunala|Wide Guard
|move|p2b: Calyrex|Astral Barrage|p1a: Lunala|[spread] 
|-activate|p1a: Lunala|move: Wide Guard
|-activate|p1b: Koraidon|move: Wide Guard
|move|p1b: Koraidon|Flare Blitz|p2b: Calyrex
|-crit|p2b: Calyrex
|-damage|p2b: Calyrex|0 fnt
|faint|p2b: Calyrex
|-damage|p1b: Koraidon|63/100|[from] Recoil
|-damage|p1b: Koraidon|54/100|[from] item: Life Orb
|move|p2a: Eternatus|Flash Cannon|p1a: Lunala
|-damage|p1a: Lunala|0 fnt
|faint|p1a: Lunala
|
|-weather|SunnyDay|[upkeep]
|-sideend|p2: BenAnimates|Reflect
|upkeep
|turn|9
|
|t:|1750776210
|move|p1b: Koraidon|Flame Charge|p2a: Eternatus
|-resisted|p2a: Eternatus
|-damage|p2a: Eternatus|87/100
|-boost|p1b: Koraidon|spe|1
|-damage|p1b: Koraidon|44/100|[from] item: Life Orb
|move|p2a: Eternatus|Flash Cannon|p1b: Koraidon
|-resisted|p1b: Koraidon
|-damage|p1b: Koraidon|0 fnt
|faint|p1b: Koraidon
|
|win|BenAnimates
|raw|k1lerium's rating: 1085 &rarr; <strong>1061</strong><br />(-24 for losing)
|raw|BenAnimates's rating: 1064 &rarr; <strong>1096</strong><br />(+32 for winning)
|c|☆k1lerium|gg
|l|☆k1lerium
|player|p1|
|l|☆BenAnimates
|player|p2|
