|j|☆Switum
|j|☆vuolod
|t:|1750845683
|gametype|doubles
|player|p1|Switum|170|1101
|player|p2|vuolod|veteran|1064
|teamsize|p1|6
|teamsize|p2|6
|gen|9
|tier|[Gen 9] VGC 2025 Reg I
|rated|
|rule|Species Clause: Limit one of each Pokémon
|rule|Item Clause: Limit 1 of each item
|clearpoke
|poke|p1|Calyrex-Shadow, L50|
|poke|p1|Indeedee-F, L50, F|
|poke|p1|Tornadus, L50, M|
|poke|p1|Annihilape, L50, F|
|poke|p1|Clefairy, L50, F|
|poke|p1|Miraidon, L50|
|poke|p2|Lycanroc, L50, F|
|poke|p2|Tyranitar, L50, F|
|poke|p2|Arbok, L50, F|
|poke|p2|Sawsbuck, L50, M|
|poke|p2|Pikachu, L50, F|
|poke|p2|Kyogre, L50|
|teampreview|4
|
|t:|1750845728
|start
|switch|p1a: Calyrex|Calyrex-Shadow, L50|100/100
|switch|p1b: Indeedee|Indeedee-F, L50, F|100/100
|switch|p2a: Arbok|Arbok, L50, F|100/100
|switch|p2b: Pikachu|Pikachu, L50, F|100/100
|-ability|p1a: Calyrex|As One
|-ability|p1a: Calyrex|Unnerve
|-ability|p2a: Arbok|Intimidate|boost
|-unboost|p1a: Calyrex|atk|1
|-unboost|p1b: Indeedee|atk|1
|-fieldstart|move: Psychic Terrain|[from] ability: Psychic Surge|[of] p1b: Indeedee
|turn|1
|
|t:|1750845756
|move|p1b: Indeedee|Helping Hand|p1a: Calyrex
|-singleturn|p1a: Calyrex|Helping Hand|[of] p1b: Indeedee
|move|p1a: Calyrex|Expanding Force|p2a: Arbok|[spread] p2a,p2b
|-supereffective|p2a: Arbok
|-enditem|p2a: Arbok|Focus Sash
|-damage|p2a: Arbok|1/100
|-damage|p2b: Pikachu|0 fnt
|faint|p2b: Pikachu
|-ability|p1a: Calyrex|Grim Neigh|boost
|-boost|p1a: Calyrex|spa|1
|-damage|p1a: Calyrex|91/100|[from] item: Life Orb
|move|p2a: Arbok|Glare|p1a: Calyrex
|-status|p1a: Calyrex|par
|
|upkeep
|
|t:|1750845774
|switch|p2b: Lycanroc|Lycanroc, L50, F|100/100
|turn|2
|
|t:|1750845785
|switch|p2a: Tyranitar|Tyranitar, L50, F|100/100
|-weather|Sandstorm|[from] ability: Sand Stream|[of] p2a: Tyranitar
|-terastallize|p2b: Lycanroc|Rock
|move|p1b: Indeedee|Helping Hand|p1a: Calyrex
|-singleturn|p1a: Calyrex|Helping Hand|[of] p1b: Indeedee
|move|p2b: Lycanroc|Rock Slide|p1b: Indeedee|[spread] p1a
|-miss|p2b: Lycanroc|p1b: Indeedee
|-damage|p1a: Calyrex|26/100 par
|-damage|p2b: Lycanroc|90/100|[from] item: Life Orb
|cant|p1a: Calyrex|flinch
|
|-weather|Sandstorm|[upkeep]
|-damage|p1a: Calyrex|20/100 par|[from] Sandstorm
|upkeep
|turn|3
|
|t:|1750845813
|move|p1b: Indeedee|Helping Hand|p1a: Calyrex
|-singleturn|p1a: Calyrex|Helping Hand|[of] p1b: Indeedee
|move|p2b: Lycanroc|Rock Slide|p1b: Indeedee|[spread] p1a
|-miss|p2b: Lycanroc|p1b: Indeedee
|-damage|p1a: Calyrex|0 fnt
|faint|p1a: Calyrex
|-damage|p2b: Lycanroc|80/100|[from] item: Life Orb
|move|p2a: Tyranitar|Rock Slide|p1b: Indeedee
|-damage|p1b: Indeedee|58/100
|
|-weather|Sandstorm|[upkeep]
|upkeep
|
|t:|1750845827
|switch|p1a: Annihilape|Annihilape, L50, F|100/100
|turn|4
|
|t:|1750845855
|switch|p2a: Arbok|Arbok, L50, F|1/100
|-ability|p2a: Arbok|Intimidate|boost
|-unboost|p1a: Annihilape|atk|1
|-ability|p1a: Annihilape|Defiant|boost
|-boost|p1a: Annihilape|atk|2
|-unboost|p1b: Indeedee|atk|1
|move|p1b: Indeedee|Follow Me|p1b: Indeedee
|-singleturn|p1b: Indeedee|move: Follow Me
|move|p2b: Lycanroc|Rock Slide|p1b: Indeedee|[spread] p1b
|-miss|p2b: Lycanroc|p1a: Annihilape
|-damage|p1b: Indeedee|11/100
|-damage|p2b: Lycanroc|70/100|[from] item: Life Orb
|move|p1a: Annihilape|Final Gambit|p2a: Arbok
|-damage|p2a: Arbok|0 fnt
|faint|p1a: Annihilape
|faint|p2a: Arbok
|
|-weather|Sandstorm|[upkeep]
|upkeep
|
|t:|1750845873
|switch|p1a: Miraidon|Miraidon, L50|100/100
|switch|p2a: Tyranitar|Tyranitar, L50, F|100/100
|-fieldstart|move: Electric Terrain|[from] ability: Hadron Engine|[of] p1a: Miraidon
|turn|5
|
|t:|1750845894
|-terastallize|p1a: Miraidon|Electric
|move|p1b: Indeedee|Follow Me|p1b: Indeedee
|-singleturn|p1b: Indeedee|move: Follow Me
|move|p2b: Lycanroc|Rock Slide|p1b: Indeedee|[spread] p1b
|-miss|p2b: Lycanroc|p1a: Miraidon
|-crit|p1b: Indeedee
|-damage|p1b: Indeedee|0 fnt
|faint|p1b: Indeedee
|-damage|p2b: Lycanroc|60/100|[from] item: Life Orb
|move|p1a: Miraidon|Electro Drift|p2a: Tyranitar
|-damage|p2a: Tyranitar|0 fnt
|faint|p2a: Tyranitar
|
|-weather|Sandstorm|[upkeep]
|-damage|p1a: Miraidon|95/100|[from] Sandstorm
|upkeep
|turn|6
|
|t:|1750845915
|move|p2b: Lycanroc|Rock Slide|p1a: Miraidon
|-damage|p1a: Miraidon|22/100
|-damage|p2b: Lycanroc|50/100|[from] item: Life Orb
|move|p1a: Miraidon|Electro Drift|p2b: Lycanroc
|-damage|p2b: Lycanroc|0 fnt
|faint|p2b: Lycanroc
|
|win|Switum
|raw|Switum's rating: 1101 &rarr; <strong>1123</strong><br />(+22 for winning)
|raw|vuolod's rating: 1064 &rarr; <strong>1046</strong><br />(-18 for losing)
|l|☆vuolod
|player|p2|
|l|☆Switum
|player|p1|
