|j|☆owgirly
|j|☆DiDiancie
|t:|1750868715
|gametype|doubles
|player|p1|owgirly|caitlin|1416
|player|p2|DiDiancie|caitlin|1418
|teamsize|p1|6
|teamsize|p2|6
|gen|9
|tier|[Gen 9] VGC 2025 Reg I
|rated|
|rule|Species Clause: Limit one of each Pokémon
|rule|Item Clause: Limit 1 of each item
|clearpoke
|poke|p1|Groudon, L50|
|poke|p1|Gothitelle, L50, M|
|poke|p1|Altaria, L50, M|
|poke|p1|Reshiram, L50|
|poke|p1|Incineroar, L50, M|
|poke|p1|Sableye, L50, M|
|poke|p2|Palafin, L50, F|
|poke|p2|Miraidon, L50|
|poke|p2|Rayquaza, L50|
|poke|p2|Sneasler, L50, F|
|poke|p2|Iron Jugulis, L50|
|poke|p2|Avalugg-Hisui, L50, F|
|teampreview|4
|inactive|Battle timer is ON: inactive players will automatically lose when time's up. (requested by DiDiancie)
|inactive|owgirly also wants the timer to be on.
|c|☆DiDiancie|woooo avatar mirror
|inactive|owgirly has 60 seconds left.
|inactive|DiDiancie has 60 seconds left.
|
|t:|1750868750
|start
|switch|p1a: Sableye|Sableye, L50, M|100/100
|switch|p1b: Groudon|Groudon, L50|100/100
|switch|p2a: Palafin|Palafin, L50, F|100/100
|switch|p2b: Iron Jugulis|Iron Jugulis, L50|100/100
|-weather|SunnyDay|[from] ability: Drought|[of] p1b: Groudon
|turn|1
|inactive|owgirly has 30 seconds left.
|inactive|owgirly has 20 seconds left.
|inactive|owgirly has 15 seconds left.
|inactive|owgirly has 10 seconds left.
|
|t:|1750868797
|move|p1a: Sableye|Gravity|p1a: Sableye
|-fieldstart|move: Gravity
|move|p2b: Iron Jugulis|Taunt|p1a: Sableye
|-start|p1a: Sableye|move: Taunt
|move|p2a: Palafin|Flip Turn|p1b: Groudon
|-supereffective|p1b: Groudon
|-damage|p1b: Groudon|79/100
|
|t:|1750868807
|detailschange|p2a: Palafin|Palafin-Hero, L50, F
|switch|p2a: Rayquaza|Rayquaza, L50|100/100|[from] Flip Turn
|-ability|p2a: Rayquaza|Air Lock
|move|p1b: Groudon|Precipice Blades|p2b: Iron Jugulis|[spread] p2a,p2b
|-damage|p2a: Rayquaza|40/100
|-damage|p2b: Iron Jugulis|35/100
|
|-weather|SunnyDay|[upkeep]
|upkeep
|turn|2
|j| tyleah
|
|t:|1750868826
|switch|p1a: Incineroar|Incineroar, L50, M|100/100
|-ability|p1a: Incineroar|Intimidate|boost
|-unboost|p2a: Rayquaza|atk|1
|-unboost|p2b: Iron Jugulis|atk|1
|move|p2a: Rayquaza|Protect|p2a: Rayquaza
|-singleturn|p2a: Rayquaza|Protect
|move|p1b: Groudon|Protect|p1b: Groudon
|-singleturn|p1b: Groudon|Protect
|move|p2b: Iron Jugulis|Air Slash|p1a: Incineroar
|-damage|p1a: Incineroar|74/100
|
|-weather|SunnyDay|[upkeep]
|upkeep
|turn|3
|inactive|DiDiancie has 30 seconds left.
|
|t:|1750868854
|switch|p2a: Palafin|Palafin-Hero, L50, F|100/100
|-activate|p2a: Palafin|ability: Zero to Hero
|move|p1a: Incineroar|Fake Out|p2a: Palafin
|-damage|p2a: Palafin|89/100
|move|p2b: Iron Jugulis|Tailwind|p2b: Iron Jugulis
|-sidestart|p2: DiDiancie|move: Tailwind
|move|p1b: Groudon|Precipice Blades|p2a: Palafin|[spread] p2a,p2b
|-damage|p2a: Palafin|35/100
|-damage|p2b: Iron Jugulis|0 fnt
|faint|p2b: Iron Jugulis
|-end|p2b: Iron Jugulis|Quark Drive|[silent]
|
|-weather|SunnyDay|[upkeep]
|upkeep
|
|t:|1750868857
|switch|p2b: Rayquaza|Rayquaza, L50|40/100
|-ability|p2b: Rayquaza|Air Lock
|turn|4
|l| tyleah
|
|t:|1750868874
|move|p1b: Groudon|Protect|p1b: Groudon
|-singleturn|p1b: Groudon|Protect
|move|p2a: Palafin|Wave Crash|p1a: Incineroar
|-supereffective|p1a: Incineroar
|-damage|p1a: Incineroar|0 fnt
|faint|p1a: Incineroar
|-damage|p2a: Palafin|7/100|[from] Recoil
|move|p2b: Rayquaza|Dragon Ascent|p1b: Groudon
|-activate|p1b: Groudon|move: Protect
|
|-weather|SunnyDay|[upkeep]
|upkeep
|
|t:|1750868880
|switch|p1a: Sableye|Sableye, L50, M|100/100
|turn|5
|
|t:|1750868886
|move|p1a: Sableye|Quash|p2a: Palafin
|-activate|p2a: Palafin|move: Quash
|move|p2b: Rayquaza|Dragon Ascent|p1b: Groudon
|-damage|p1b: Groudon|22/100
|-unboost|p2b: Rayquaza|def|1
|-unboost|p2b: Rayquaza|spd|1
|-damage|p2b: Rayquaza|30/100|[from] item: Life Orb
|move|p1b: Groudon|Precipice Blades|p2b: Rayquaza|[spread] p2a,p2b
|-damage|p2a: Palafin|0 fnt
|-damage|p2b: Rayquaza|0 fnt
|faint|p2a: Palafin
|faint|p2b: Rayquaza
|
|-weather|none
|-fieldend|move: Gravity
|upkeep
|
|t:|1750868891
|switch|p2b: Miraidon|Miraidon, L50|100/100
|-fieldstart|move: Electric Terrain|[from] ability: Hadron Engine|[of] p2b: Miraidon
|turn|6
|
|t:|1750868902
|-terastallize|p2b: Miraidon|Fairy
|move|p1a: Sableye|Quash|p2b: Miraidon
|-activate|p2b: Miraidon|move: Quash
|move|p1b: Groudon|Precipice Blades|p2b: Miraidon
|-damage|p2b: Miraidon|34/100
|move|p2b: Miraidon|Dazzling Gleam|p1b: Groudon|[spread] p1a,p1b
|-supereffective|p1a: Sableye
|-enditem|p1a: Sableye|Focus Sash
|-damage|p1a: Sableye|1/100
|-damage|p1b: Groudon|0 fnt
|faint|p1b: Groudon
|
|-sideend|p2: DiDiancie|move: Tailwind
|upkeep
|
|t:|1750868905
|switch|p1b: Reshiram|Reshiram, L50|100/100
|-ability|p1b: Reshiram|Turboblaze
|turn|7
|
|t:|1750868911
|-terastallize|p1b: Reshiram|Fire
|move|p1a: Sableye|Disable|p2b: Miraidon
|-start|p2b: Miraidon|Disable|Dazzling Gleam
|cant|p2b: Miraidon|Disable|Dazzling Gleam
|move|p1b: Reshiram|Fusion Flare|p2b: Miraidon
|-damage|p2b: Miraidon|0 fnt
|faint|p2b: Miraidon
|
|win|owgirly
|raw|owgirly's rating: 1416 &rarr; <strong>1436</strong><br />(+20 for winning)
|raw|DiDiancie's rating: 1418 &rarr; <strong>1398</strong><br />(-20 for losing)
|l|☆DiDiancie
|player|p2|
|l|☆owgirly
|player|p1|
