|j|☆fskhan
|j|‽Shrekers13
|t:|1750873990
|gametype|doubles
|player|p1|fskhan|2|1406
|player|p2|Shrekers13|266|1508
|teamsize|p1|6
|teamsize|p2|6
|gen|9
|tier|[Gen 9] VGC 2025 Reg I
|rated|
|rule|Species Clause: Limit one of each Pokémon
|rule|Item Clause: Limit 1 of each item
|clearpoke
|poke|p1|Calyrex-Ice, L50|
|poke|p1|Iron Valiant, L50|
|poke|p1|Miraidon, L50|
|poke|p1|Ninetales-Alola, L50, F|
|poke|p1|Incineroar, L50, F|
|poke|p1|Farigiraf, L50, M|
|poke|p2|Calyrex-Ice, L50|
|poke|p2|Miraidon, L50|
|poke|p2|Iron Hands, L50|
|poke|p2|Iron Bundle, L50|
|poke|p2|Ogerpon-Hearthflame, L50, F|
|poke|p2|Farigiraf, L50, F|
|teampreview|4
|inactive|Battle timer is ON: inactive players will automatically lose when time's up. (requested by fskhan)
|
|t:|1750874017
|start
|switch|p1a: Calyrex|Calyrex-Ice, L50|100/100
|switch|p1b: Incineroar|Incineroar, L50, F|100/100
|switch|p2a: Miraidon|Miraidon, L50|100/100
|switch|p2b: Iron Bundle|Iron Bundle, L50, shiny|100/100
|-ability|p1a: Calyrex|As One
|-ability|p1a: Calyrex|Unnerve
|-fieldstart|move: Electric Terrain|[from] ability: Hadron Engine|[of] p2a: Miraidon
|-activate|p2b: Iron Bundle|ability: Quark Drive
|-start|p2b: Iron Bundle|quarkdrivespe
|-ability|p1b: Incineroar|Intimidate|boost
|-unboost|p2a: Miraidon|atk|1
|-unboost|p2b: Iron Bundle|atk|1
|turn|1
|
|t:|1750874040
|switch|p2a: Calyrex|Calyrex-Ice, L50|100/100
|-ability|p2a: Calyrex|As One
|-ability|p2a: Calyrex|Unnerve
|move|p1b: Incineroar|Fake Out|p2a: Calyrex
|-damage|p2a: Calyrex|93/100
|move|p2b: Iron Bundle|Taunt|p1a: Calyrex
|-start|p1a: Calyrex|move: Taunt
|move|p1a: Calyrex|Glacial Lance|p2a: Calyrex|[spread] p2a,p2b
|-resisted|p2a: Calyrex
|-resisted|p2b: Iron Bundle
|-damage|p2a: Calyrex|77/100
|-damage|p2b: Iron Bundle|86/100
|
|upkeep
|turn|2
|
|t:|1750874057
|-terastallize|p2a: Calyrex|Fire
|move|p2b: Iron Bundle|Icy Wind|p1a: Calyrex|[spread] p1a,p1b
|-resisted|p1a: Calyrex
|-resisted|p1b: Incineroar
|-damage|p1a: Calyrex|95/100
|-damage|p1b: Incineroar|90/100
|-unboost|p1a: Calyrex|spe|1
|-unboost|p1b: Incineroar|spe|1
|move|p1b: Incineroar|Knock Off|p2a: Calyrex
|-damage|p2a: Calyrex|51/100
|-enditem|p2a: Calyrex|Clear Amulet|[from] move: Knock Off|[of] p1b: Incineroar
|move|p2a: Calyrex|High Horsepower|p1b: Incineroar
|-supereffective|p1b: Incineroar
|-damage|p1b: Incineroar|16/100
|move|p1a: Calyrex|Body Press|p2b: Iron Bundle
|-supereffective|p2b: Iron Bundle
|-damage|p2b: Iron Bundle|21/100
|
|-heal|p1a: Calyrex|100/100|[from] item: Leftovers
|upkeep
|turn|3
|
|t:|1750874081
|switch|p1b: Ninetales|Ninetales-Alola, L50, F|100/100
|-weather|Snowscape|[from] ability: Snow Warning|[of] p1b: Ninetales
|move|p2b: Iron Bundle|Hydro Pump|p1b: Ninetales
|-damage|p1b: Ninetales|36/100
|move|p2a: Calyrex|High Horsepower|p1b: Ninetales|[miss]
|-miss|p2a: Calyrex|p1b: Ninetales
|move|p1a: Calyrex|Body Press|p2a: Calyrex
|-damage|p2a: Calyrex|34/100
|
|-weather|Snowscape|[upkeep]
|-end|p1a: Calyrex|move: Taunt
|upkeep
|turn|4
|
|t:|1750874102
|move|p2b: Iron Bundle|Hydro Pump|p1b: Ninetales|[miss]
|-miss|p2b: Iron Bundle|p1b: Ninetales
|move|p1b: Ninetales|Moonblast|p2b: Iron Bundle
|-damage|p2b: Iron Bundle|0 fnt
|faint|p2b: Iron Bundle
|-end|p2b: Iron Bundle|Quark Drive|[silent]
|move|p2a: Calyrex|High Horsepower|p1b: Ninetales
|-damage|p1b: Ninetales|0 fnt
|faint|p1b: Ninetales
|-ability|p2a: Calyrex|Chilling Neigh|boost
|-boost|p2a: Calyrex|atk|1
|move|p1a: Calyrex|Leech Seed|p2a: Calyrex
|-start|p2a: Calyrex|move: Leech Seed
|
|-weather|Snowscape|[upkeep]
|-damage|p2a: Calyrex|22/100|[from] Leech Seed|[of] p1a: Calyrex
|upkeep
|
|t:|1750874119
|switch|p2b: Iron Hands|Iron Hands, L50, shiny|100/100
|switch|p1b: Incineroar|Incineroar, L50, F|16/100
|-ability|p1b: Incineroar|Intimidate|boost
|-unboost|p2a: Calyrex|atk|1
|-unboost|p2b: Iron Hands|atk|1
|-activate|p2b: Iron Hands|ability: Quark Drive
|-start|p2b: Iron Hands|quarkdriveatk
|turn|5
|
|t:|1750874129
|move|p1b: Incineroar|Fake Out|p2a: Calyrex
|-damage|p2a: Calyrex|15/100
|cant|p2a: Calyrex|flinch
|move|p2b: Iron Hands|Drain Punch|p1b: Incineroar
|-supereffective|p1b: Incineroar
|-damage|p1b: Incineroar|0 fnt
|faint|p1b: Incineroar
|move|p1a: Calyrex|Leech Seed|p2b: Iron Hands
|-start|p2b: Iron Hands|move: Leech Seed
|
|-weather|Snowscape|[upkeep]
|-damage|p2a: Calyrex|3/100|[from] Leech Seed|[of] p1a: Calyrex
|-damage|p2b: Iron Hands|88/100|[from] Leech Seed|[of] p1a: Calyrex
|-fieldend|move: Electric Terrain
|-end|p2b: Iron Hands|Quark Drive
|upkeep
|
|t:|1750874142
|switch|p1b: Miraidon|Miraidon, L50|100/100
|-fieldstart|move: Electric Terrain|[from] ability: Hadron Engine|[of] p1b: Miraidon
|-activate|p2b: Iron Hands|ability: Quark Drive
|-start|p2b: Iron Hands|quarkdriveatk
|turn|6
|inactive|Shrekers13 has 30 seconds left.
|inactive|Shrekers13 has 20 seconds left.
|
|t:|1750874179
|move|p2a: Calyrex|Protect|p2a: Calyrex
|-singleturn|p2a: Calyrex|Protect
|move|p1b: Miraidon|Dazzling Gleam|p2a: Calyrex|[spread] p2b
|-activate|p2a: Calyrex|move: Protect
|-supereffective|p2b: Iron Hands
|-damage|p2b: Iron Hands|60/100
|move|p2b: Iron Hands|Drain Punch|p1b: Miraidon
|-damage|p1b: Miraidon|61/100
|-heal|p2b: Iron Hands|75/100|[from] drain|[of] p1b: Miraidon
|move|p1a: Calyrex|Leech Seed||[still]
|-fail|p1a: Calyrex
|
|-weather|Snowscape|[upkeep]
|-damage|p2a: Calyrex|0 fnt|[from] Leech Seed|[of] p1a: Calyrex
|faint|p2a: Calyrex
|-damage|p2b: Iron Hands|62/100|[from] Leech Seed|[of] p1a: Calyrex
|upkeep
|
|t:|1750874194
|switch|p2a: Miraidon|Miraidon, L50|100/100
|-activate|p2a: Miraidon|ability: Hadron Engine
|turn|7
|
|t:|1750874218
|-terastallize|p1a: Calyrex|Grass
|move|p2a: Miraidon|Electro Drift|p1b: Miraidon
|-resisted|p1b: Miraidon
|-damage|p1b: Miraidon|32/100
|move|p1b: Miraidon|Dazzling Gleam|p2a: Miraidon|[spread] p2a,p2b
|-supereffective|p2a: Miraidon
|-supereffective|p2b: Iron Hands
|-damage|p2a: Miraidon|46/100
|-damage|p2b: Iron Hands|31/100
|move|p2b: Iron Hands|Drain Punch|p1b: Miraidon
|-damage|p1b: Miraidon|0 fnt
|-heal|p2b: Iron Hands|43/100|[from] drain|[of] p1b: Miraidon
|faint|p1b: Miraidon
|move|p1a: Calyrex|Leech Seed|p2a: Miraidon
|-start|p2a: Miraidon|move: Leech Seed
|
|-weather|none
|-damage|p2a: Miraidon|33/100|[from] Leech Seed|[of] p1a: Calyrex
|-damage|p2b: Iron Hands|31/100|[from] Leech Seed|[of] p1a: Calyrex
|upkeep
|turn|8
|
|t:|1750874238
|move|p1a: Calyrex|Protect|p1a: Calyrex
|-singleturn|p1a: Calyrex|Protect
|move|p2a: Miraidon|Electro Drift|p1a: Calyrex
|-activate|p1a: Calyrex|move: Protect
|move|p2b: Iron Hands|Drain Punch|p1a: Calyrex
|-activate|p1a: Calyrex|move: Protect
|
|-damage|p2a: Miraidon|21/100|[from] Leech Seed|[of] p1a: Calyrex
|-damage|p2b: Iron Hands|19/100|[from] Leech Seed|[of] p1a: Calyrex
|upkeep
|turn|9
|
|t:|1750874256
|move|p2a: Miraidon|Electro Drift|p1a: Calyrex
|-resisted|p1a: Calyrex
|-crit|p1a: Calyrex
|-damage|p1a: Calyrex|49/100
|move|p2b: Iron Hands|Drain Punch|p1a: Calyrex
|-damage|p1a: Calyrex|26/100
|-heal|p2b: Iron Hands|29/100|[from] drain|[of] p1a: Calyrex
|move|p1a: Calyrex|Glacial Lance|p2b: Iron Hands|[spread] p2a,p2b
|-supereffective|p2a: Miraidon
|-damage|p2a: Miraidon|0 fnt
|-damage|p2b: Iron Hands|0 fnt
|faint|p2a: Miraidon
|faint|p2b: Iron Hands
|-end|p2b: Iron Hands|Quark Drive|[silent]
|
|win|fskhan
|raw|fskhan's rating: 1406 &rarr; <strong>1432</strong><br />(+26 for winning)
|raw|Shrekers13's rating: 1508 &rarr; <strong>1482</strong><br />(-26 for losing)
|l|‽Shrekers13
|player|p2|
