|j|‽Shrekers13
|j|☆Slowpoke Well YT
|t:|1750874267
|gametype|doubles
|player|p1|Shrekers13|266|1482
|player|p2|Slowpoke Well YT|ethan|1466
|teamsize|p1|6
|teamsize|p2|6
|gen|9
|tier|[Gen 9] VGC 2025 Reg I
|rated|
|rule|Species Clause: Limit one of each Pokémon
|rule|Item Clause: Limit 1 of each item
|clearpoke
|poke|p1|Calyrex-Ice, L50|
|poke|p1|Miraidon, L50|
|poke|p1|Iron Hands, L50|
|poke|p1|Iron Bundle, L50|
|poke|p1|Ogerpon-Hearthflame, L50, F|
|poke|p1|Farigiraf, L50, F|
|poke|p2|Swanna, L50, M|
|poke|p2|Kyogre, L50|
|poke|p2|Zacian-*, L50|
|poke|p2|Landorus, L50, M|
|poke|p2|Urshifu-*, L50, F|
|poke|p2|Raging Bolt, L50|
|teampreview|4
|inactive|Battle timer is ON: inactive players will automatically lose when time's up. (requested by Slowpoke Well YT)
|inactive|Shrekers13 has 60 seconds left.
|j| Im999
|
|t:|1750874315
|start
|switch|p1a: Miraidon|Miraidon, L50|100/100
|switch|p1b: Iron Bundle|Iron Bundle, L50, shiny|100/100
|switch|p2a: Kyogre|Kyogre, L50|100/100
|switch|p2b: Landorus|Landorus, L50, M|100/100
|-fieldstart|move: Electric Terrain|[from] ability: Hadron Engine|[of] p1a: Miraidon
|-activate|p1b: Iron Bundle|ability: Quark Drive
|-start|p1b: Iron Bundle|quarkdrivespe
|-weather|RainDance|[from] ability: Drizzle|[of] p2a: Kyogre
|turn|1
|l| Im999
|
|t:|1750874337
|-terastallize|p2a: Kyogre|Grass
|move|p1b: Iron Bundle|Icy Wind|p2a: Kyogre|[spread] p2a,p2b
|-supereffective|p2a: Kyogre
|-supereffective|p2b: Landorus
|-damage|p2a: Kyogre|79/100
|-damage|p2b: Landorus|0 fnt
|-unboost|p2a: Kyogre|spe|1
|faint|p2b: Landorus
|move|p1a: Miraidon|Volt Switch|p2a: Kyogre
|-resisted|p2a: Kyogre
|-damage|p2a: Kyogre|54/100
|
|t:|1750874346
|switch|p1a: Iron Hands|Iron Hands, L50, shiny|100/100|[from] Volt Switch
|-activate|p1a: Iron Hands|ability: Quark Drive
|-start|p1a: Iron Hands|quarkdriveatk
|move|p2a: Kyogre|Origin Pulse|p1a: Iron Hands|[spread] p1a,p1b
|-resisted|p1b: Iron Bundle
|-damage|p1a: Iron Hands|62/100
|-damage|p1b: Iron Bundle|16/100
|
|-weather|RainDance|[upkeep]
|upkeep
|
|t:|1750874357
|switch|p2b: Zacian|Zacian-Crowned, L50|100/100
|-ability|p2b: Zacian|Intrepid Sword|boost
|-boost|p2b: Zacian|atk|1
|turn|2
|
|t:|1750874373
|-terastallize|p1a: Iron Hands|Water
|move|p1b: Iron Bundle|Protect|p1b: Iron Bundle
|-singleturn|p1b: Iron Bundle|Protect
|move|p2b: Zacian|Protect|p2b: Zacian
|-singleturn|p2b: Zacian|Protect
|move|p2a: Kyogre|Origin Pulse|p1a: Iron Hands|[spread] p1a
|-activate|p1b: Iron Bundle|move: Protect
|-resisted|p1a: Iron Hands
|-damage|p1a: Iron Hands|41/100
|move|p1a: Iron Hands|Drain Punch|p2a: Kyogre
|-damage|p2a: Kyogre|0 fnt
|-heal|p1a: Iron Hands|61/100|[from] drain|[of] p2a: Kyogre
|faint|p2a: Kyogre
|
|-weather|RainDance|[upkeep]
|upkeep
|
|t:|1750874388
|switch|p2a: Swanna|Swanna, L50, M, shiny|100/100
|turn|3
|
|t:|1750874396
|move|p1b: Iron Bundle|Icy Wind|p2a: Swanna|[spread] p2a,p2b
|-resisted|p2b: Zacian
|-damage|p2a: Swanna|62/100
|-damage|p2b: Zacian|90/100
|-unboost|p2a: Swanna|spe|1
|-unboost|p2b: Zacian|spe|1
|move|p2b: Zacian|Play Rough|p1a: Iron Hands
|-damage|p1a: Iron Hands|4/100
|move|p2a: Swanna|Tailwind|p2a: Swanna
|-sidestart|p2: Slowpoke Well YT|move: Tailwind
|move|p1a: Iron Hands|Wild Charge|p2b: Zacian
|-damage|p2b: Zacian|12/100
|-damage|p1a: Iron Hands|0 fnt|[from] Recoil
|faint|p1a: Iron Hands
|-end|p1a: Iron Hands|Quark Drive|[silent]
|
|-weather|RainDance|[upkeep]
|upkeep
|
|t:|1750874417
|switch|p1a: Ogerpon|Ogerpon-Hearthflame, L50, F|100/100
|-ability|p1a: Ogerpon|Mold Breaker
|turn|4
|
|t:|1750874428
|move|p1b: Iron Bundle|Protect|p1b: Iron Bundle
|-singleturn|p1b: Iron Bundle|Protect
|move|p2b: Zacian|Protect|p2b: Zacian
|-singleturn|p2b: Zacian|Protect
|move|p1a: Ogerpon|Spiky Shield|p1a: Ogerpon
|-singleturn|p1a: Ogerpon|move: Protect
|move|p2a: Swanna|Hurricane|p1a: Ogerpon
|-activate|p1a: Ogerpon|move: Protect
|
|-weather|RainDance|[upkeep]
|upkeep
|turn|5
|inactive|Shrekers13 has 30 seconds left.
|
|t:|1750874455
|move|p1b: Iron Bundle|Icy Wind|p2a: Swanna|[spread] p2a,p2b
|-resisted|p2b: Zacian
|-damage|p2a: Swanna|26/100
|-damage|p2b: Zacian|2/100
|-unboost|p2a: Swanna|spe|1
|-unboost|p2b: Zacian|spe|1
|move|p2b: Zacian|Sacred Sword|p1b: Iron Bundle
|-supereffective|p1b: Iron Bundle
|-damage|p1b: Iron Bundle|0 fnt
|faint|p1b: Iron Bundle
|-end|p1b: Iron Bundle|Quark Drive|[silent]
|move|p1a: Ogerpon|Ivy Cudgel|p2b: Zacian|[anim] Ivy Cudgel Fire
|-supereffective|p2b: Zacian
|-crit|p2b: Zacian
|-damage|p2b: Zacian|0 fnt
|faint|p2b: Zacian
|move|p2a: Swanna|Hurricane|p1a: Ogerpon
|-supereffective|p1a: Ogerpon
|-damage|p1a: Ogerpon|0 fnt
|faint|p1a: Ogerpon
|
|-weather|none
|-fieldend|move: Electric Terrain
|upkeep
|
|t:|1750874473
|switch|p1b: Miraidon|Miraidon, L50|100/100
|-fieldstart|move: Electric Terrain|[from] ability: Hadron Engine|[of] p1b: Miraidon
|turn|6
|
|t:|1750874478
|move|p1b: Miraidon|Electro Drift|p2a: Swanna
|-supereffective|p2a: Swanna
|-damage|p2a: Swanna|0 fnt
|faint|p2a: Swanna
|
|win|Shrekers13
|raw|Shrekers13's rating: 1482 &rarr; <strong>1501</strong><br />(+19 for winning)
|raw|Slowpoke Well YT's rating: 1466 &rarr; <strong>1447</strong><br />(-19 for losing)
|l|☆Slowpoke Well YT
|player|p2|
|l|‽Shrekers13
|player|p1|
