|j|☆eliott.pawsey
|j|☆jaimed189295
|t:|1750710337
|gametype|doubles
|player|p1|eliott.pawsey|fisherman-gen4|1112
|player|p2|jaimed189295|1|1121
|teamsize|p1|6
|teamsize|p2|6
|gen|9
|tier|[Gen 9] VGC 2025 Reg I
|rated|
|rule|Species Clause: Limit one of each Pokémon
|rule|Item Clause: Limit 1 of each item
|clearpoke
|poke|p1|Clawitzer, L50, M|
|poke|p1|Baxcalibur, L50, F|
|poke|p1|Lunala, L50|
|poke|p1|Magmar, L50, M|
|poke|p1|Gardevoir, L50, F|
|poke|p1|Zacian-*, L50|
|poke|p2|Miraidon, L50|
|poke|p2|Koraidon, L50|
|poke|p2|Grimmsnarl, L50, M|
|poke|p2|Volcarona, L50, M|
|poke|p2|Incineroar, L50, F|
|poke|p2|Flutter Mane, L50|
|teampreview|4
|inactive|Battle timer is ON: inactive players will automatically lose when time's up. (requested by eliott.pawsey)
|inactive|eliott.pawsey has 60 seconds left.
|inactive|jaimed189295 has 60 seconds left.
|
|t:|1750710389
|start
|switch|p1a: Lunala|Lunala, L50|100/100
|switch|p1b: Gardevoir|Gardevoir, L50, F, shiny|100/100
|switch|p2a: Miraidon|Miraidon, L50|100/100
|switch|p2b: Incineroar|Incineroar, L50, F|100/100
|-fieldstart|move: Electric Terrain|[from] ability: Hadron Engine|[of] p2a: Miraidon
|-ability|p2b: Incineroar|Intimidate|boost
|-unboost|p1a: Lunala|atk|1
|-unboost|p1b: Gardevoir|atk|1
|turn|1
|inactive|jaimed189295 has 30 seconds left.
|inactive|jaimed189295 has 20 seconds left.
|
|t:|1750710426
|move|p2b: Incineroar|Fake Out|p1b: Gardevoir
|-damage|p1b: Gardevoir|84/100
|move|p2a: Miraidon|Electro Drift|p1a: Lunala
|-damage|p1a: Lunala|45/100
|cant|p1b: Gardevoir|flinch
|move|p1a: Lunala|Tailwind|p1a: Lunala
|-sidestart|p1: eliott.pawsey|move: Tailwind
|
|-heal|p1a: Lunala|50/100|[from] item: Leftovers
|upkeep
|turn|2
|inactive|jaimed189295 has 30 seconds left.
|
|t:|1750710460
|move|p1b: Gardevoir|Moonblast|p2a: Miraidon
|-supereffective|p2a: Miraidon
|-damage|p2a: Miraidon|29/100
|move|p1a: Lunala|Moongeist Beam|p2a: Miraidon
|-damage|p2a: Miraidon|0 fnt
|faint|p2a: Miraidon
|move|p2b: Incineroar|Knock Off|p1b: Gardevoir
|-damage|p1b: Gardevoir|20/100
|-enditem|p1b: Gardevoir|Choice Scarf|[from] move: Knock Off|[of] p2b: Incineroar
|
|-heal|p1a: Lunala|56/100|[from] item: Leftovers
|upkeep
|
|t:|1750710477
|switch|p2a: Koraidon|Koraidon, L50|100/100
|-weather|SunnyDay|[from] ability: Orichalcum Pulse|[of] p2a: Koraidon
|-activate|p2a: Koraidon|Orichalcum Pulse|[source]
|turn|3
|
|t:|1750710486
|move|p2a: Koraidon|Protect|p2a: Koraidon
|-singleturn|p2a: Koraidon|Protect
|move|p1a: Lunala|Expanding Force|p2a: Koraidon
|-activate|p2a: Koraidon|move: Protect
|move|p1b: Gardevoir|Moonblast|p2a: Koraidon
|-activate|p2a: Koraidon|move: Protect
|move|p2b: Incineroar|Knock Off|p1a: Lunala
|-supereffective|p1a: Lunala
|-damage|p1a: Lunala|0 fnt
|-enditem|p1a: Lunala|Leftovers|[from] move: Knock Off|[of] p2b: Incineroar
|faint|p1a: Lunala
|
|-weather|SunnyDay|[upkeep]
|upkeep
|
|t:|1750710490
|switch|p1a: Zacian|Zacian-Crowned, L50|100/100
|-ability|p1a: Zacian|Intrepid Sword|boost
|-boost|p1a: Zacian|atk|1
|turn|4
|inactive|jaimed189295 has 30 seconds left.
|
|t:|1750710517
|switch|p2b: Flutter Mane|Flutter Mane, L50|100/100
|-activate|p2b: Flutter Mane|ability: Protosynthesis
|-start|p2b: Flutter Mane|protosynthesisspe
|-terastallize|p2a: Koraidon|Fire
|move|p1a: Zacian|Sacred Sword|p2b: Flutter Mane
|-immune|p2b: Flutter Mane
|move|p1b: Gardevoir|Moonblast|p2a: Koraidon
|-resisted|p2a: Koraidon
|-damage|p2a: Koraidon|77/100
|move|p2a: Koraidon|Flare Blitz|p1a: Zacian
|-supereffective|p1a: Zacian
|-damage|p1a: Zacian|0 fnt
|faint|p1a: Zacian
|-damage|p2a: Koraidon|45/100|[from] Recoil
|
|-weather|SunnyDay|[upkeep]
|-sideend|p1: eliott.pawsey|move: Tailwind
|upkeep
|
|t:|1750710529
|switch|p1a: Clawitzer|Clawitzer, L50, M|100/100
|turn|5
|inactive|eliott.pawsey has 30 seconds left.
|
|t:|1750710557
|-terastallize|p1b: Gardevoir|Fairy
|move|p2b: Flutter Mane|Moonblast|p1b: Gardevoir
|-damage|p1b: Gardevoir|0 fnt
|faint|p1b: Gardevoir
|move|p2a: Koraidon|Scale Shot|p1a: Clawitzer
|-damage|p1a: Clawitzer|78/100
|-damage|p1a: Clawitzer|56/100
|-damage|p1a: Clawitzer|33/100
|-damage|p1a: Clawitzer|10/100
|-damage|p1a: Clawitzer|0 fnt
|faint|p1a: Clawitzer
|-hitcount|p1: Clawitzer|5
|
|win|jaimed189295
|raw|eliott.pawsey's rating: 1112 &rarr; <strong>1088</strong><br />(-24 for losing)
|raw|jaimed189295's rating: 1121 &rarr; <strong>1145</strong><br />(+24 for winning)
|l|☆eliott.pawsey
|player|p1|
|l|☆jaimed189295
|player|p2|
