|j|☆Amflame555
|j|☆LostCityofAtlanta
|t:|1750863760
|gametype|doubles
|player|p1|Amflame555|hilda|1202
|player|p2|LostCityofAtlanta|169|1125
|teamsize|p1|6
|teamsize|p2|6
|gen|9
|tier|[Gen 9] VGC 2025 Reg I
|rated|
|rule|Species Clause: Limit one of each Pokémon
|rule|Item Clause: Limit 1 of each item
|clearpoke
|poke|p1|Terapagos, L50, M|
|poke|p1|Koraidon, L50|
|poke|p1|Incineroar, L50, F|
|poke|p1|Amoonguss, L50, M|
|poke|p1|Scream Tail, L50|
|poke|p1|Flutter Mane, L50|
|poke|p2|Mewtwo, L50|
|poke|p2|Smeargle, L50, F|
|poke|p2|Calyrex-Shadow, L50|
|poke|p2|Rillaboom, L50, M|
|poke|p2|Incineroar, L50, F|
|poke|p2|Grimmsnarl, L50, M|
|teampreview|4
|inactive|Battle timer is ON: inactive players will automatically lose when time's up. (requested by Amflame555)
|inactive|Amflame555 has 60 seconds left.
|inactive|LostCityofAtlanta has 60 seconds left.
|
|t:|1750863797
|start
|switch|p1a: Terapagos|Terapagos, L50, M|100/100
|switch|p1b: Flutter Mane|Flutter Mane, L50|100/100
|switch|p2a: Smeargle|Smeargle, L50, F|100/100
|switch|p2b: Calyrex|Calyrex-Shadow, L50|100/100
|-activate|p1a: Terapagos|ability: Tera Shift
|detailschange|p1a: Terapagos|Terapagos-Terastal, L50, M
|-heal|p1a: Terapagos|100/100|[silent]
|-ability|p2b: Calyrex|As One
|-ability|p2b: Calyrex|Unnerve
|turn|1
|inactive|LostCityofAtlanta has 30 seconds left.
|
|t:|1750863829
|switch|p2b: Mewtwo|Mewtwo, L50|100/100
|-ability|p2b: Mewtwo|Pressure
|move|p1a: Terapagos|Protect|p1a: Terapagos
|-singleturn|p1a: Terapagos|Protect
|move|p1b: Flutter Mane|Icy Wind|p2b: Mewtwo|[spread] p2a,p2b
|-damage|p2a: Smeargle|71/100
|-damage|p2b: Mewtwo|88/100
|-unboost|p2a: Smeargle|spe|1
|-unboost|p2b: Mewtwo|spe|1
|move|p2a: Smeargle|Entrainment|p2b: Mewtwo
|-endability|p2b: Mewtwo|Pressure|[from] move: Entrainment
|-ability|p2b: Mewtwo|Moody|[from] move: Entrainment
|
|-heal|p2b: Mewtwo|94/100|[from] item: Leftovers
|-ability|p2b: Mewtwo|Moody|boost
|-boost|p2b: Mewtwo|spe|2
|-unboost|p2b: Mewtwo|spa|1
|-ability|p2a: Smeargle|Moody|boost
|-boost|p2a: Smeargle|atk|2
|-unboost|p2a: Smeargle|spa|1
|upkeep
|turn|2
|l|☆Amflame555
|inactive|Amflame555 disconnected and has a minute to reconnect!
|player|p1|
|inactive|Amflame555 has 30 seconds left.
|j|☆Amflame555
|inactive|Amflame555 reconnected and has 25 seconds left.
|player|p1|Amflame555|hilda|
|inactive|Amflame555 has 20 seconds left.
|inactive|Amflame555 has 15 seconds left.
|
|t:|1750863874
|-end|p1b: Flutter Mane|Protosynthesis|[silent]
|switch|p1b: Incineroar|Incineroar, L50, F|100/100
|-ability|p1b: Incineroar|Intimidate|boost
|-unboost|p2a: Smeargle|atk|1
|-unboost|p2b: Mewtwo|atk|1
|move|p2b: Mewtwo|Protect|p2b: Mewtwo
|-singleturn|p2b: Mewtwo|Protect
|move|p1a: Terapagos|Calm Mind|p1a: Terapagos
|-boost|p1a: Terapagos|spa|1
|-boost|p1a: Terapagos|spd|1
|move|p2a: Smeargle|Decorate|p2b: Mewtwo
|-boost|p2b: Mewtwo|atk|2
|-boost|p2b: Mewtwo|spa|2
|
|-heal|p2b: Mewtwo|100/100|[from] item: Leftovers
|-ability|p2b: Mewtwo|Moody|boost
|-boost|p2b: Mewtwo|spd|2
|-unboost|p2b: Mewtwo|def|1
|-ability|p2a: Smeargle|Moody|boost
|-boost|p2a: Smeargle|spe|2
|-unboost|p2a: Smeargle|def|1
|upkeep
|turn|3
|inactive|Amflame555 has 30 seconds left.
|inactive|Amflame555 has 20 seconds left.
|inactive|Amflame555 has 15 seconds left.
|
|t:|1750863916
|-terastallize|p2a: Smeargle|Ghost
|move|p1a: Terapagos|Protect|p1a: Terapagos
|-singleturn|p1a: Terapagos|Protect
|move|p1b: Incineroar|Fake Out|p2b: Mewtwo
|-damage|p2b: Mewtwo|89/100
|cant|p2b: Mewtwo|flinch
|move|p2a: Smeargle|Spore|p1a: Terapagos
|-activate|p1a: Terapagos|move: Protect
|
|-heal|p2b: Mewtwo|95/100|[from] item: Leftovers
|-ability|p2b: Mewtwo|Moody|boost
|-boost|p2b: Mewtwo|spa|2
|-unboost|p2b: Mewtwo|spe|1
|-ability|p2a: Smeargle|Moody|boost
|-boost|p2a: Smeargle|def|2
|-unboost|p2a: Smeargle|spe|1
|upkeep
|turn|4
|inactive|Amflame555 has 30 seconds left.
|
|t:|1750863948
|move|p2b: Mewtwo|Aura Sphere|p1b: Incineroar
|-supereffective|p1b: Incineroar
|-damage|p1b: Incineroar|0 fnt
|faint|p1b: Incineroar
|move|p2a: Smeargle|Spore|p1a: Terapagos
|-status|p1a: Terapagos|slp|[from] move: Spore
|cant|p1a: Terapagos|slp
|
|-heal|p2b: Mewtwo|100/100|[from] item: Leftovers
|-ability|p2b: Mewtwo|Moody|boost
|-boost|p2b: Mewtwo|spa|2
|-unboost|p2b: Mewtwo|atk|1
|-ability|p2a: Smeargle|Moody|boost
|-boost|p2a: Smeargle|spa|2
|-unboost|p2a: Smeargle|atk|1
|upkeep
|
|t:|1750863966
|switch|p1b: Flutter Mane|Flutter Mane, L50|100/100
|turn|5
|
|t:|1750863981
|cant|p1a: Terapagos|slp
|move|p1b: Flutter Mane|Shadow Ball|p2b: Mewtwo
|-supereffective|p2b: Mewtwo
|-damage|p2b: Mewtwo|66/100
|move|p2b: Mewtwo|Stored Power|p1b: Flutter Mane
|-enditem|p1b: Flutter Mane|Focus Sash
|-damage|p1b: Flutter Mane|1/100
|move|p2a: Smeargle|Decorate|p2b: Mewtwo
|-boost|p2b: Mewtwo|atk|2
|-boost|p2b: Mewtwo|spa|1
|
|-heal|p2b: Mewtwo|72/100|[from] item: Leftovers
|-ability|p2b: Mewtwo|Moody|boost
|-boost|p2b: Mewtwo|atk|2
|-unboost|p2b: Mewtwo|spa|1
|-ability|p2a: Smeargle|Moody|boost
|-boost|p2a: Smeargle|spd|2
|-unboost|p2a: Smeargle|def|1
|upkeep
|turn|6
|inactive|Amflame555 has 30 seconds left.
|inactive|LostCityofAtlanta has 30 seconds left.
|
|t:|1750864014
|move|p2b: Mewtwo|Protect|p2b: Mewtwo
|-singleturn|p2b: Mewtwo|Protect
|-curestatus|p1a: Terapagos|slp|[msg]
|move|p1a: Terapagos|Protect|p1a: Terapagos
|-singleturn|p1a: Terapagos|Protect
|move|p1b: Flutter Mane|Shadow Ball|p2b: Mewtwo
|-activate|p2b: Mewtwo|move: Protect
|move|p2a: Smeargle|Decorate|p2b: Mewtwo
|-boost|p2b: Mewtwo|atk|2
|-boost|p2b: Mewtwo|spa|1
|
|-heal|p2b: Mewtwo|78/100|[from] item: Leftovers
|-ability|p2b: Mewtwo|Moody|boost
|-boost|p2b: Mewtwo|def|2
|-unboost|p2b: Mewtwo|spd|1
|-ability|p2a: Smeargle|Moody|boost
|-boost|p2a: Smeargle|spa|2
|-unboost|p2a: Smeargle|atk|1
|upkeep
|turn|7
|inactive|Amflame555 has 30 seconds left.
|
|t:|1750864039
|-terastallize|p1a: Terapagos|Stellar
|detailschange|p1a: Terapagos|Terapagos-Stellar, L50, M, tera:Stellar
|-heal|p1a: Terapagos|100/100|[silent]
|move|p1b: Flutter Mane|Shadow Ball|p2b: Mewtwo
|-supereffective|p2b: Mewtwo
|-damage|p2b: Mewtwo|35/100
|move|p2b: Mewtwo|Stored Power|p1b: Flutter Mane
|-damage|p1b: Flutter Mane|0 fnt
|faint|p1b: Flutter Mane
|-end|p1b: Flutter Mane|Protosynthesis|[silent]
|move|p2a: Smeargle|Spore|p1a: Terapagos
|-status|p1a: Terapagos|slp|[from] move: Spore
|cant|p1a: Terapagos|slp
|
|-heal|p2b: Mewtwo|41/100|[from] item: Leftovers
|-ability|p2b: Mewtwo|Moody|boost
|-boost|p2b: Mewtwo|def|2
|-unboost|p2b: Mewtwo|spd|1
|-ability|p2a: Smeargle|Moody|boost
|-boost|p2a: Smeargle|spe|2
|-unboost|p2a: Smeargle|spa|1
|upkeep
|
|t:|1750864062
|switch|p1b: Koraidon|Koraidon, L50|100/100
|-weather|SunnyDay|[from] ability: Orichalcum Pulse|[of] p1b: Koraidon
|-activate|p1b: Koraidon|Orichalcum Pulse|[source]
|turn|8
|
|t:|1750864076
|move|p2a: Smeargle|Spore|p1b: Koraidon
|-status|p1b: Koraidon|slp|[from] move: Spore
|cant|p1b: Koraidon|slp
|move|p2b: Mewtwo|Stored Power|p1a: Terapagos
|-damage|p1a: Terapagos|0 fnt
|faint|p1a: Terapagos
|detailschange|p1: Terapagos|Terapagos, L50, M|[silent]
|
|-weather|SunnyDay|[upkeep]
|-heal|p2b: Mewtwo|48/100|[from] item: Leftovers
|-ability|p2a: Smeargle|Moody|boost
|-boost|p2a: Smeargle|spa|2
|-unboost|p2a: Smeargle|spe|1
|-ability|p2b: Mewtwo|Moody|boost
|-boost|p2b: Mewtwo|spe|2
|-unboost|p2b: Mewtwo|def|1
|upkeep
|turn|9
|inactive|Amflame555 has 30 seconds left.
|inactive|Amflame555 has 20 seconds left.
|inactive|Amflame555 has 15 seconds left.
|inactive|Amflame555 has 10 seconds left.
|inactive|Amflame555 has 5 seconds left.
|
|t:|1750864131
|switch|p2a: Incineroar|Incineroar, L50, F|100/100
|-ability|p2a: Incineroar|Intimidate|boost
|-unboost|p1b: Koraidon|atk|1
|move|p2b: Mewtwo|Stored Power|p1b: Koraidon
|-supereffective|p1b: Koraidon
|-damage|p1b: Koraidon|0 fnt
|faint|p1b: Koraidon
|
|win|LostCityofAtlanta
|raw|Amflame555's rating: 1202 &rarr; <strong>1172</strong><br />(-30 for losing)
|raw|LostCityofAtlanta's rating: 1125 &rarr; <strong>1155</strong><br />(+30 for winning)
|l|☆LostCityofAtlanta
|player|p2|
