|j|☆Meijis
|j|☆vernon1059
|t:|1750871828
|gametype|doubles
|player|p1|Meijis|266|1177
|player|p2|vernon1059|workerice|1093
|teamsize|p1|6
|teamsize|p2|6
|gen|9
|tier|[Gen 9] VGC 2025 Reg I
|rated|
|rule|Species Clause: Limit one of each Pokémon
|rule|Item Clause: Limit 1 of each item
|clearpoke
|poke|p1|Iron Bundle, L50|
|poke|p1|Ninetales-Alola, L50, M|
|poke|p1|Calyrex-Ice, L50|
|poke|p1|Miraidon, L50|
|poke|p1|Incineroar, L50, F|
|poke|p1|Raging Bolt, L50|
|poke|p2|Slowking, L50, M|
|poke|p2|Kyogre, L50|
|poke|p2|Palkia, L50|
|poke|p2|Lapras, L50, F|
|poke|p2|Quagsire, L50, M|
|poke|p2|Veluza, L50, M|
|teampreview|4
|inactive|Battle timer is ON: inactive players will automatically lose when time's up. (requested by vernon1059)
|
|t:|1750871847
|start
|switch|p1a: Iron Bundle|Iron Bundle, L50|100/100
|switch|p1b: Miraidon|Miraidon, L50|100/100
|switch|p2a: Macbeth|Slowking, L50, M, shiny|100/100
|switch|p2b: Toto|Kyogre, L50, shiny|100/100
|-fieldstart|move: Electric Terrain|[from] ability: Hadron Engine|[of] p1b: Miraidon
|-activate|p1a: Iron Bundle|ability: Quark Drive
|-start|p1a: Iron Bundle|quarkdrivespe
|-weather|RainDance|[from] ability: Drizzle|[of] p2b: Toto
|turn|1
|
|t:|1750871860
|switch|p1b: Ninetales|Ninetales-Alola, L50, M|100/100
|-weather|Snowscape|[from] ability: Snow Warning|[of] p1b: Ninetales
|move|p2b: Toto|Protect|p2b: Toto
|-singleturn|p2b: Toto|Protect
|move|p1a: Iron Bundle|Aurora Veil|p1a: Iron Bundle
|-sidestart|p1: Meijis|move: Aurora Veil
|move|p2a: Macbeth|Trick Room|p2a: Macbeth
|-fieldstart|move: Trick Room|[of] p2a: Macbeth
|
|-weather|Snowscape|[upkeep]
|upkeep
|turn|2
|
|t:|1750871884
|switch|p1b: Calyrex|Calyrex-Ice, L50|100/100
|-ability|p1b: Calyrex|As One
|-ability|p1b: Calyrex|Unnerve
|move|p2a: Macbeth|Psychic|p1a: Iron Bundle
|-damage|p1a: Iron Bundle|55/100
|move|p2b: Toto|Water Spout|p1a: Iron Bundle|[spread] p1a,p1b
|-resisted|p1a: Iron Bundle
|-damage|p1a: Iron Bundle|14/100
|-damage|p1b: Calyrex|77/100
|move|p1a: Iron Bundle|Freeze-Dry|p2b: Toto
|-supereffective|p2b: Toto
|-damage|p2b: Toto|62/100
|
|-weather|Snowscape|[upkeep]
|upkeep
|turn|3
|inactive|Meijis has 30 seconds left.
|inactive|Meijis has 20 seconds left.
|
|t:|1750871919
|move|p2a: Macbeth|Surf|p1b: Calyrex|[spread] p2b,p1a,p1b
|-resisted|p2b: Toto
|-resisted|p1a: Iron Bundle
|-damage|p2b: Toto|52/100
|-damage|p1a: Iron Bundle|0 fnt
|-damage|p1b: Calyrex|66/100
|faint|p1a: Iron Bundle
|-end|p1a: Iron Bundle|Quark Drive|[silent]
|move|p1b: Calyrex|Leech Seed|p2a: Macbeth
|-start|p2a: Macbeth|move: Leech Seed
|move|p2b: Toto|Thunder|p1b: Calyrex
|-damage|p1b: Calyrex|46/100
|
|-weather|Snowscape|[upkeep]
|-damage|p2a: Macbeth|88/100|[from] Leech Seed|[of] p1b: Calyrex
|-heal|p1b: Calyrex|58/100|[silent]
|upkeep
|
|t:|1750871933
|switch|p1a: Ninetales|Ninetales-Alola, L50, M|100/100
|turn|4
|
|t:|1750871940
|switch|p2b: Laputa|Lapras, L50, F, shiny|100/100
|move|p2a: Macbeth|Surf|p1a: Ninetales|[spread] p1a,p1b
|-immune|p2b: Laputa|[from] ability: Water Absorb
|-damage|p1a: Ninetales|74/100
|-damage|p1b: Calyrex|47/100
|move|p1b: Calyrex|Leech Seed|p2b: Laputa
|-start|p2b: Laputa|move: Leech Seed
|move|p1a: Ninetales|Blizzard|p2b: Laputa|[spread] p2a,p2b
|-resisted|p2a: Macbeth
|-resisted|p2b: Laputa
|-damage|p2a: Macbeth|76/100
|-damage|p2b: Laputa|94/100
|
|-weather|Snowscape|[upkeep]
|-damage|p2a: Macbeth|63/100|[from] Leech Seed|[of] p1b: Calyrex
|-heal|p1b: Calyrex|59/100|[silent]
|-damage|p2b: Laputa|82/100|[from] Leech Seed|[of] p1b: Calyrex
|-heal|p1b: Calyrex|73/100|[silent]
|upkeep
|turn|5
|
|t:|1750871960
|move|p2a: Macbeth|Surf|p1a: Ninetales|[spread] p1a,p1b
|-heal|p2b: Laputa|100/100|[from] ability: Water Absorb|[of] p2a: Macbeth
|-damage|p1a: Ninetales|48/100
|-damage|p1b: Calyrex|61/100
|move|p1b: Calyrex|Glacial Lance|p2b: Laputa|[spread] p2a,p2b
|-resisted|p2a: Macbeth
|-resisted|p2b: Laputa
|-damage|p2a: Macbeth|40/100
|-damage|p2b: Laputa|93/100
|move|p2b: Laputa|Weather Ball|p1a: Ninetales
|-resisted|p1a: Ninetales
|-damage|p1a: Ninetales|31/100
|move|p1a: Ninetales|Blizzard|p2b: Laputa|[spread] p2a,p2b
|-resisted|p2a: Macbeth
|-resisted|p2b: Laputa
|-damage|p2a: Macbeth|28/100
|-damage|p2b: Laputa|88/100
|
|-weather|Snowscape|[upkeep]
|-damage|p2a: Macbeth|15/100|[from] Leech Seed|[of] p1b: Calyrex
|-heal|p1b: Calyrex|73/100|[silent]
|-damage|p2b: Laputa|76/100|[from] Leech Seed|[of] p1b: Calyrex
|-heal|p1b: Calyrex|87/100|[silent]
|-sideend|p1: Meijis|move: Aurora Veil
|-fieldend|move: Trick Room
|-fieldend|move: Electric Terrain
|upkeep
|turn|6
|inactive|vernon1059 has 30 seconds left.
|
|t:|1750871986
|move|p1b: Calyrex|Protect|p1b: Calyrex
|-singleturn|p1b: Calyrex|Protect
|move|p1a: Ninetales|Aurora Veil|p1a: Ninetales
|-sidestart|p1: Meijis|move: Aurora Veil
|move|p2b: Laputa|Thunderbolt|p1a: Ninetales
|-damage|p1a: Ninetales|11/100
|move|p2a: Macbeth|Surf|p1b: Calyrex|[spread] p1a
|-activate|p1b: Calyrex|move: Protect
|-heal|p2b: Laputa|100/100|[from] ability: Water Absorb|[of] p2a: Macbeth
|-damage|p1a: Ninetales|0 fnt
|faint|p1a: Ninetales
|
|-weather|Snowscape|[upkeep]
|-damage|p2b: Laputa|88/100|[from] Leech Seed|[of] p1b: Calyrex
|-heal|p1b: Calyrex|100/100|[silent]
|-damage|p2a: Macbeth|3/100|[from] Leech Seed|[of] p1b: Calyrex
|upkeep
|
|t:|1750872001
|switch|p1a: Miraidon|Miraidon, L50|100/100
|-fieldstart|move: Electric Terrain|[from] ability: Hadron Engine|[of] p1a: Miraidon
|turn|7
|
|t:|1750872015
|-terastallize|p1a: Miraidon|Electric
|move|p1a: Miraidon|Electro Drift|p2b: Laputa
|-supereffective|p2b: Laputa
|-damage|p2b: Laputa|0 fnt
|faint|p2b: Laputa
|move|p1b: Calyrex|Glacial Lance|p2a: Macbeth
|-resisted|p2a: Macbeth
|-damage|p2a: Macbeth|0 fnt
|faint|p2a: Macbeth
|-ability|p1b: Calyrex|Chilling Neigh|boost
|-boost|p1b: Calyrex|atk|1
|
|-weather|Snowscape|[upkeep]
|upkeep
|
|t:|1750872028
|switch|p2b: Toto|Kyogre, L50, shiny|52/100
|switch|p2a: Bowie|Palkia, L50, shiny|100/100
|-weather|RainDance|[from] ability: Drizzle|[of] p2b: Toto
|turn|8
|
|t:|1750872041
|-terastallize|p2b: Toto|Ground
|move|p1a: Miraidon|Electro Drift|p2b: Toto
|-immune|p2b: Toto
|move|p2a: Bowie|Spacial Rend|p1a: Miraidon|[miss]
|-miss|p2a: Bowie|p1a: Miraidon
|move|p2b: Toto|Ice Beam|p1a: Miraidon
|-damage|p1a: Miraidon|80/100
|move|p1b: Calyrex|Leech Seed|p2a: Bowie|[miss]
|-miss|p1b: Calyrex|p2a: Bowie
|
|-weather|RainDance|[upkeep]
|upkeep
|turn|9
|
|t:|1750872057
|move|p1a: Miraidon|Electro Drift|p2a: Bowie
|-damage|p2a: Bowie|0 fnt
|faint|p2a: Bowie
|move|p2b: Toto|Ice Beam|p1a: Miraidon
|-damage|p1a: Miraidon|61/100
|-status|p1a: Miraidon|frz
|move|p1b: Calyrex|Glacial Lance|p2b: Toto
|-supereffective|p2b: Toto
|-damage|p2b: Toto|0 fnt
|faint|p2b: Toto
|
|win|Meijis
|raw|Meijis's rating: 1177 &rarr; <strong>1196</strong><br />(+19 for winning)
|raw|vernon1059's rating: 1093 &rarr; <strong>1075</strong><br />(-18 for losing)
|l|☆vernon1059
|player|p2|
|l|☆Meijis
|player|p1|
