|j|☆eevee887
|j|☆MasterbuilderRF
|t:|1750773500
|gametype|doubles
|player|p1|eevee887|n|1127
|player|p2|MasterbuilderRF|unknown|1159
|teamsize|p1|6
|teamsize|p2|6
|gen|9
|tier|[Gen 9] VGC 2025 Reg I
|rated|
|rule|Species Clause: Limit one of each Pokémon
|rule|Item Clause: Limit 1 of each item
|clearpoke
|poke|p1|Lunala, L50|
|poke|p1|Calyrex-Ice, L50|
|poke|p1|Talonflame, L50, M|
|poke|p1|Dragapult, L50, M|
|poke|p1|Jolteon, L50, F|
|poke|p1|Flutter Mane, L50|
|poke|p2|Miraidon, L50|
|poke|p2|Kyogre, L50|
|poke|p2|Grimmsnarl, L50, M|
|poke|p2|Clodsire, L50, F|
|poke|p2|Archaludon, L50, M|
|poke|p2|Farigiraf, L50, F|
|teampreview|4
|inactive|Battle timer is ON: inactive players will automatically lose when time's up. (requested by eevee887)
|
|t:|1750773529
|start
|switch|p1a: bood moon|Lunala, L50, shiny|100/100
|switch|p1b: Calyrex|Calyrex-Ice, L50|100/100
|switch|p2a: Kyogre|Kyogre, L50|100/100
|switch|p2b: Grimmsnarl|Grimmsnarl, L50, M|100/100
|-ability|p1b: Calyrex|As One
|-ability|p1b: Calyrex|Unnerve
|-weather|RainDance|[from] ability: Drizzle|[of] p2a: Kyogre
|turn|1
|
|t:|1750773549
|switch|p1b: Jolteon|Jolteon, L50, F|100/100
|-terastallize|p2a: Kyogre|Water
|move|p2b: Grimmsnarl|Light Screen|p2b: Grimmsnarl
|-sidestart|p2: MasterbuilderRF|move: Light Screen
|move|p2a: Kyogre|Water Spout|p1b: Jolteon|[spread] p1a,p1b
|-damage|p1a: bood moon|49/100
|-damage|p1b: Jolteon|0 fnt
|faint|p1b: Jolteon
|move|p1a: bood moon|Moongeist Beam|p2a: Kyogre
|-damage|p2a: Kyogre|72/100
|
|-weather|RainDance|[upkeep]
|upkeep
|
|t:|1750773563
|switch|p1b: Flutter Mane|Flutter Mane, L50|100/100
|turn|2
|
|t:|1750773578
|move|p1a: bood moon|Wide Guard|p1a: bood moon
|-singleturn|p1a: bood moon|Wide Guard
|move|p2b: Grimmsnarl|Sucker Punch||[still]
|-fail|p2b: Grimmsnarl
|move|p2a: Kyogre|Origin Pulse|p1a: bood moon|[spread] 
|-activate|p1a: bood moon|move: Wide Guard
|-activate|p1b: Flutter Mane|move: Wide Guard
|move|p1b: Flutter Mane|Moonblast|p2b: Grimmsnarl
|-supereffective|p2b: Grimmsnarl
|-damage|p2b: Grimmsnarl|11/100
|
|-weather|RainDance|[upkeep]
|upkeep
|turn|3
|
|t:|1750773597
|move|p1a: bood moon|Wide Guard|p1a: bood moon
|-singleturn|p1a: bood moon|Wide Guard
|move|p2b: Grimmsnarl|Reflect|p2b: Grimmsnarl
|-sidestart|p2: MasterbuilderRF|Reflect
|move|p2a: Kyogre|Thunder|p1a: bood moon
|-damage|p1a: bood moon|19/100
|-status|p1a: bood moon|par
|move|p1b: Flutter Mane|Moonblast|p2b: Grimmsnarl
|-supereffective|p2b: Grimmsnarl
|-damage|p2b: Grimmsnarl|0 fnt
|faint|p2b: Grimmsnarl
|
|-weather|RainDance|[upkeep]
|upkeep
|
|t:|1750773606
|switch|p2b: Archaludon|Archaludon, L50, M, shiny|100/100
|turn|4
|
|t:|1750773626
|move|p2a: Kyogre|Thunder|p1a: bood moon
|-damage|p1a: bood moon|0 fnt
|faint|p1a: bood moon
|move|p1b: Flutter Mane|Icy Wind|p2a: Kyogre|[spread] p2a
|-miss|p1b: Flutter Mane|p2b: Archaludon
|-resisted|p2a: Kyogre
|-damage|p2a: Kyogre|68/100
|-unboost|p2a: Kyogre|spe|1
|move|p2b: Archaludon|Electro Shot||[still]
|-prepare|p2b: Archaludon|Electro Shot
|-boost|p2b: Archaludon|spa|1
|-anim|p2b: Archaludon|Electro Shot|p1b: Flutter Mane
|-damage|p1b: Flutter Mane|44/100
|
|-weather|RainDance|[upkeep]
|upkeep
|
|t:|1750773634
|switch|p1a: Calyrex|Calyrex-Ice, L50|100/100
|-ability|p1a: Calyrex|As One
|-ability|p1a: Calyrex|Unnerve
|turn|5
|inactive|eevee887 has 30 seconds left.
|
|t:|1750773659
|-terastallize|p1a: Calyrex|Ground
|move|p1b: Flutter Mane|Moonblast|p2b: Archaludon
|-damage|p2b: Archaludon|67/100
|-ability|p2b: Archaludon|Stamina|boost
|-boost|p2b: Archaludon|def|1
|move|p2b: Archaludon|Electro Shot||[still]
|-prepare|p2b: Archaludon|Electro Shot
|-boost|p2b: Archaludon|spa|1
|-anim|p2b: Archaludon|Electro Shot|p1b: Flutter Mane
|-damage|p1b: Flutter Mane|0 fnt
|faint|p1b: Flutter Mane
|-end|p1b: Flutter Mane|Protosynthesis|[silent]
|move|p2a: Kyogre|Origin Pulse|p1a: Calyrex
|-supereffective|p1a: Calyrex
|-damage|p1a: Calyrex|0 fnt
|faint|p1a: Calyrex
|
|win|MasterbuilderRF
|raw|eevee887's rating: 1127 &rarr; <strong>1104</strong><br />(-23 for losing)
|raw|MasterbuilderRF's rating: 1159 &rarr; <strong>1182</strong><br />(+23 for winning)
|c|☆MasterbuilderRF|gg
|c|☆eevee887|again
|c|☆eevee887|??
|c|☆MasterbuilderRF|sure
|c|☆eevee887|yessssssssssssss
|c|☆eevee887|acept plsssssssss
|l|☆MasterbuilderRF
|player|p2|
|l|☆eevee887
|player|p1|
