|j|☆something123
|j|☆nwjns999
|t:|1750742247
|gametype|doubles
|player|p1|something123|102|1709
|player|p2|nwjns999|backpackerf|1614
|teamsize|p1|6
|teamsize|p2|6
|gen|9
|tier|[Gen 9] VGC 2025 Reg I
|rated|
|rule|Species Clause: Limit one of each Pokémon
|rule|Item Clause: Limit 1 of each item
|clearpoke
|poke|p1|Calyrex-Ice, L50|
|poke|p1|Kyogre, L50|
|poke|p1|Iron Jugulis, L50|
|poke|p1|Urshifu-*, L50, M|
|poke|p1|Rhyperior, L50, F|
|poke|p1|Amoonguss, L50, F|
|poke|p2|Miraidon, L50|
|poke|p2|Lunala, L50|
|poke|p2|Grimmsnarl, L50, M|
|poke|p2|Volcarona, L50, F|
|poke|p2|Ogerpon, L50, F|
|poke|p2|Rillaboom, L50, F|
|teampreview|4
|
|t:|1750742316
|start
|switch|p1a: Kyogre|Kyogre, L50|100/100
|switch|p1b: Iron Jugulis|Iron Jugulis, L50|100/100
|switch|p2a: Grimmsnarl|Grimmsnarl, L50, M|100/100
|switch|p2b: Miraidon|Miraidon, L50|100/100
|-fieldstart|move: Electric Terrain|[from] ability: Hadron Engine|[of] p2b: Miraidon
|-activate|p1b: Iron Jugulis|ability: Quark Drive
|-start|p1b: Iron Jugulis|quarkdrivespe
|-weather|RainDance|[from] ability: Drizzle|[of] p1a: Kyogre
|turn|1
|
|t:|1750742332
|switch|p1a: Rhyperior|Rhyperior, L50, F|100/100
|move|p2a: Grimmsnarl|Light Screen|p2a: Grimmsnarl
|-sidestart|p2: nwjns999|move: Light Screen
|move|p2b: Miraidon|Draco Meteor|p1b: Iron Jugulis
|-damage|p1b: Iron Jugulis|8/100
|-unboost|p2b: Miraidon|spa|2
|move|p1b: Iron Jugulis|Snarl|p2a: Grimmsnarl|[spread] p2a,p2b
|-resisted|p2a: Grimmsnarl
|-damage|p2a: Grimmsnarl|98/100
|-damage|p2b: Miraidon|90/100
|-unboost|p2a: Grimmsnarl|spa|1
|-unboost|p2b: Miraidon|spa|1
|
|-weather|RainDance|[upkeep]
|upkeep
|turn|2
|
|t:|1750742360
|-end|p1b: Iron Jugulis|Quark Drive|[silent]
|switch|p1b: Calyrex|Calyrex-Ice, L50|100/100
|-ability|p1b: Calyrex|As One
|-ability|p1b: Calyrex|Unnerve
|move|p2b: Miraidon|Draco Meteor|p1a: Rhyperior
|-damage|p1a: Rhyperior|73/100
|-unboost|p2b: Miraidon|spa|2
|move|p2a: Grimmsnarl|Spirit Break|p1b: Calyrex
|-damage|p1b: Calyrex|81/100
|move|p1a: Rhyperior|High Horsepower|p2b: Miraidon
|-supereffective|p2b: Miraidon
|-damage|p2b: Miraidon|0 fnt
|faint|p2b: Miraidon
|
|-weather|RainDance|[upkeep]
|upkeep
|
|t:|1750742372
|switch|p2b: Lunala|Lunala, L50|100/100
|turn|3
|
|t:|1750742386
|-terastallize|p1b: Calyrex|Grass
|move|p2a: Grimmsnarl|Reflect|p2a: Grimmsnarl
|-sidestart|p2: nwjns999|Reflect
|move|p2b: Lunala|Calm Mind|p2b: Lunala
|-boost|p2b: Lunala|spa|1
|-boost|p2b: Lunala|spd|1
|move|p1b: Calyrex|Glacial Lance|p2a: Grimmsnarl|[spread] p2a,p2b
|-damage|p2a: Grimmsnarl|61/100
|-damage|p2b: Lunala|87/100
|move|p1a: Rhyperior|Crunch|p2b: Lunala
|-supereffective|p2b: Lunala
|-damage|p2b: Lunala|25/100
|
|-weather|RainDance|[upkeep]
|-heal|p2b: Lunala|31/100|[from] item: Leftovers
|upkeep
|turn|4
|
|t:|1750742423
|move|p2b: Lunala|Moongeist Beam|p1a: Rhyperior
|-crit|p1a: Rhyperior
|-damage|p1a: Rhyperior|0 fnt
|faint|p1a: Rhyperior
|move|p1b: Calyrex|Glacial Lance|p2b: Lunala|[spread] p2a,p2b
|-damage|p2a: Grimmsnarl|25/100
|-damage|p2b: Lunala|2/100
|move|p2a: Grimmsnarl|Spirit Break|p1b: Calyrex
|-damage|p1b: Calyrex|63/100
|
|-weather|RainDance|[upkeep]
|-heal|p2b: Lunala|8/100|[from] item: Leftovers
|upkeep
|
|t:|1750742433
|switch|p1a: Iron Jugulis|Iron Jugulis, L50|8/100
|-activate|p1a: Iron Jugulis|ability: Quark Drive
|-start|p1a: Iron Jugulis|quarkdrivespe
|turn|5
|
|t:|1750742445
|move|p2b: Lunala|Protect|p2b: Lunala
|-singleturn|p2b: Lunala|Protect
|move|p2a: Grimmsnarl|Thunder Wave|p1b: Calyrex
|-status|p1b: Calyrex|par
|move|p1a: Iron Jugulis|Tailwind|p1a: Iron Jugulis
|-sidestart|p1: something123|move: Tailwind
|move|p1b: Calyrex|Glacial Lance|p2b: Lunala|[spread] p2a
|-activate|p2b: Lunala|move: Protect
|-damage|p2a: Grimmsnarl|0 fnt
|faint|p2a: Grimmsnarl
|-ability|p1b: Calyrex|Chilling Neigh|boost
|-boost|p1b: Calyrex|atk|1
|
|-weather|none
|-heal|p2b: Lunala|14/100|[from] item: Leftovers
|-fieldend|move: Electric Terrain
|-end|p1a: Iron Jugulis|Quark Drive
|upkeep
|-enditem|p1a: Iron Jugulis|Booster Energy
|-activate|p1a: Iron Jugulis|ability: Quark Drive|[fromitem]
|-start|p1a: Iron Jugulis|quarkdrivespe
|
|t:|1750742448
|switch|p2a: Ogerpon|Ogerpon, L50, F|100/100
|turn|6
|
|t:|1750742460
|-terastallize|p2b: Lunala|Fairy
|move|p1a: Iron Jugulis|Snarl|p2b: Lunala|[spread] p2a,p2b
|-resisted|p2b: Lunala
|-damage|p2a: Ogerpon|89/100
|-damage|p2b: Lunala|11/100
|-unboost|p2b: Lunala|spa|1
|move|p2a: Ogerpon|Ivy Cudgel|p1a: Iron Jugulis
|-resisted|p1a: Iron Jugulis
|-damage|p1a: Iron Jugulis|0 fnt
|faint|p1a: Iron Jugulis
|-end|p1a: Iron Jugulis|Quark Drive|[silent]
|move|p2b: Lunala|Moongeist Beam|p1b: Calyrex
|-damage|p1b: Calyrex|22/100 par
|move|p1b: Calyrex|Glacial Lance|p2b: Lunala|[spread] p2a,p2b
|-supereffective|p2a: Ogerpon
|-damage|p2a: Ogerpon|0 fnt
|-damage|p2b: Lunala|0 fnt
|faint|p2a: Ogerpon
|faint|p2b: Lunala
|
|win|something123
|raw|something123's rating: 1709 &rarr; <strong>1724</strong><br />(+15 for winning)
|raw|nwjns999's rating: 1614 &rarr; <strong>1599</strong><br />(-15 for losing)
|l|☆nwjns999
|player|p2|
|l|☆something123
|player|p1|
