|j|‽PARADISEVGC
|j|☆yamede蛇如
|t:|1750860199
|gametype|doubles
|player|p1|PARADISEVGC|red|1342
|player|p2|yamede蛇如|elesa|1391
|teamsize|p1|6
|teamsize|p2|6
|gen|9
|tier|[Gen 9] VGC 2025 Reg I
|rated|
|rule|Species Clause: Limit one of each Pokémon
|rule|Item Clause: Limit 1 of each item
|clearpoke
|poke|p1|Calyrex-Shadow, L50|
|poke|p1|Groudon, L50|
|poke|p1|Mienshao, L50, M|
|poke|p1|Chi-Yu, L50|
|poke|p1|Rillaboom, L50, F|
|poke|p1|Roaring Moon, L50|
|poke|p2|Miraidon, L50|
|poke|p2|Farigiraf, L50, M|
|poke|p2|Koraidon, L50|
|poke|p2|Raging Bolt, L50|
|poke|p2|Ogerpon-Wellspring, L50, F|
|poke|p2|Chi-Yu, L50|
|teampreview|4
|inactive|Battle timer is ON: inactive players will automatically lose when time's up. (requested by PARADISEVGC)
|inactive|PARADISEVGC has 60 seconds left.
|inactive|yamede蛇如 has 60 seconds left.
|inactive|yamede蛇如 has 30 seconds left.
|inactive|yamede蛇如 has 20 seconds left.
|inactive|yamede蛇如 has 15 seconds left.
|inactive|yamede蛇如 has 10 seconds left.
|
|t:|1750860283
|start
|switch|p1a: Mienshao|Mienshao, L50, M|100/100
|switch|p1b: Groudon|Groudon, L50|100/100
|switch|p2a: Koraidon|Koraidon, L50|100/100
|switch|p2b: Farigiraf|Farigiraf, L50, M|100/100
|-weather|SunnyDay|[from] ability: Orichalcum Pulse|[of] p2a: Koraidon
|-activate|p2a: Koraidon|Orichalcum Pulse|[source]
|turn|1
|inactive|PARADISEVGC has 30 seconds left.
|inactive|yamede蛇如 has 30 seconds left.
|inactive|yamede蛇如 has 20 seconds left.
|inactive|yamede蛇如 has 15 seconds left.
|inactive|yamede蛇如 has 10 seconds left.
|inactive|yamede蛇如 has 5 seconds left.
|
|t:|1750860334
|move|p1a: Mienshao|Coaching|p1b: Groudon
|-boost|p1b: Groudon|atk|1
|-boost|p1b: Groudon|def|1
|move|p2a: Koraidon|Flame Charge|p1a: Mienshao
|-damage|p1a: Mienshao|30/100
|-boost|p2a: Koraidon|spe|1
|move|p1b: Groudon|Precipice Blades|p2b: Farigiraf|[spread] p2a,p2b
|-damage|p2a: Koraidon|34/100
|-damage|p2b: Farigiraf|18/100
|move|p2b: Farigiraf|Psychic Noise|p1b: Groudon
|-damage|p1b: Groudon|83/100
|-start|p1b: Groudon|move: Heal Block
|
|-weather|SunnyDay|[upkeep]
|upkeep
|turn|2
|inactive|PARADISEVGC has 30 seconds left.
|inactive|yamede蛇如 has 30 seconds left.
|inactive|yamede蛇如 has 20 seconds left.
|
|t:|1750860373
|switch|p1a: Roaring Moon|Roaring Moon, L50|100/100
|-activate|p1a: Roaring Moon|ability: Protosynthesis
|-start|p1a: Roaring Moon|protosynthesisspe
|-terastallize|p2a: Koraidon|Fire
|move|p2b: Farigiraf|Helping Hand|p2a: Koraidon
|-singleturn|p2a: Koraidon|Helping Hand|[of] p2b: Farigiraf
|move|p2a: Koraidon|Flare Blitz|p1b: Groudon
|-damage|p1b: Groudon|0 fnt
|faint|p1b: Groudon
|-damage|p2a: Koraidon|5/100|[from] Recoil
|
|-weather|SunnyDay|[upkeep]
|upkeep
|
|t:|1750860394
|switch|p1b: Calyrex|Calyrex-Shadow, L50|100/100
|-ability|p1b: Calyrex|As One
|-ability|p1b: Calyrex|Unnerve
|turn|3
|inactive|yamede蛇如 has 30 seconds left.
|inactive|yamede蛇如 has 20 seconds left.
|inactive|yamede蛇如 has 15 seconds left.
|inactive|yamede蛇如 has 10 seconds left.
|inactive|yamede蛇如 has 5 seconds left.
|
|t:|1750860449
|-terastallize|p1a: Roaring Moon|Fairy
|move|p1b: Calyrex|Protect|p1b: Calyrex
|-singleturn|p1b: Calyrex|Protect
|move|p2b: Farigiraf|Protect|p2b: Farigiraf
|-singleturn|p2b: Farigiraf|Protect
|move|p1a: Roaring Moon|Tailwind|p1a: Roaring Moon
|-sidestart|p1: PARADISEVGC|move: Tailwind
|move|p2a: Koraidon|Flare Blitz|p1a: Roaring Moon
|-damage|p1a: Roaring Moon|0 fnt
|faint|p1a: Roaring Moon
|-end|p1a: Roaring Moon|Protosynthesis|[silent]
|-damage|p2a: Koraidon|0 fnt|[from] Recoil
|faint|p2a: Koraidon
|
|-weather|SunnyDay|[upkeep]
|upkeep
|inactive|yamede蛇如 has 30 seconds left.
|inactive|yamede蛇如 has 20 seconds left.
|inactive|yamede蛇如 has 15 seconds left.
|inactive|yamede蛇如 has 10 seconds left.
|
|t:|1750860497
|switch|p1a: Mienshao|Mienshao, L50, M|30/100
|switch|p2a: Miraidon|Miraidon, L50|100/100
|-fieldstart|move: Electric Terrain|[from] ability: Hadron Engine|[of] p2a: Miraidon
|-enditem|p2b: Farigiraf|Electric Seed
|-boost|p2b: Farigiraf|def|1|[from] item: Electric Seed
|turn|4
|inactive|yamede蛇如 has 30 seconds left.
|
|t:|1750860530
|move|p1b: Calyrex|Astral Barrage|p2a: Miraidon|[spread] p2a
|-immune|p2b: Farigiraf
|-damage|p2a: Miraidon|36/100
|-damage|p1b: Calyrex|91/100|[from] item: Life Orb
|move|p1a: Mienshao|Close Combat|p2b: Farigiraf
|-damage|p2b: Farigiraf|0 fnt
|-unboost|p1a: Mienshao|def|1
|-unboost|p1a: Mienshao|spd|1
|faint|p2b: Farigiraf
|move|p2a: Miraidon|Discharge|p1b: Calyrex|[spread] p1a,p1b
|-damage|p1a: Mienshao|0 fnt
|-damage|p1b: Calyrex|26/100
|-status|p1b: Calyrex|par
|faint|p1a: Mienshao
|
|-weather|SunnyDay|[upkeep]
|upkeep
|
|t:|1750860539
|switch|p2b: Raging Bolt|Raging Bolt, L50|100/100
|-activate|p2b: Raging Bolt|ability: Protosynthesis
|-start|p2b: Raging Bolt|protosynthesisspa
|turn|5
|inactive|PARADISEVGC has 30 seconds left.
|-message|PARADISEVGC forfeited.
|
|win|yamede蛇如
|raw|PARADISEVGC's rating: 1342 &rarr; <strong>1325</strong><br />(-17 for losing)
|raw|yamede蛇如's rating: 1391 &rarr; <strong>1408</strong><br />(+17 for winning)
|l|‽PARADISEVGC
|player|p1|
|l|☆yamede蛇如
|player|p2|
