|j|☆Ao_Blue_Poison
|j|☆Rhizzen
|t:|1750839315
|gametype|doubles
|player|p1|Ao_Blue_Poison|iono|1149
|player|p2|Rhizzen|265|1219
|teamsize|p1|6
|teamsize|p2|6
|gen|9
|tier|[Gen 9] VGC 2025 Reg I
|rated|
|rule|Species Clause: Limit one of each Pokémon
|rule|Item Clause: Limit 1 of each item
|clearpoke
|poke|p1|Necrozma-Dawn-Wings, L50|
|poke|p1|Whimsicott, L50, F|
|poke|p1|Miraidon, L50|
|poke|p1|Rhyperior, L50, F|
|poke|p1|Chi-Yu, L50|
|poke|p1|Quaquaval, L50, F|
|poke|p2|Lunala, L50|
|poke|p2|Miraidon, L50|
|poke|p2|Ursaluna, L50, F|
|poke|p2|Grimmsnarl, L50, M|
|poke|p2|Incineroar, L50, F|
|poke|p2|Urshifu-*, L50, F|
|teampreview|4
|inactive|Battle timer is ON: inactive players will automatically lose when time's up. (requested by Ao_Blue_Poison)
|inactive|Ao_Blue_Poison has 60 seconds left.
|inactive|Rhizzen has 60 seconds left.
|
|t:|1750839346
|start
|switch|p1a: Emerald|Chi-Yu, L50|100/100
|switch|p1b: Strife|Miraidon, L50|100/100
|switch|p2a: Grimmsnarl|Grimmsnarl, L50, M|100/100
|switch|p2b: Lunala|Lunala, L50, shiny|100/100
|-ability|p1a: Emerald|Beads of Ruin
|-fieldstart|move: Electric Terrain|[from] ability: Hadron Engine|[of] p1b: Strife
|-enditem|p2b: Lunala|Electric Seed
|-boost|p2b: Lunala|def|1|[from] item: Electric Seed
|turn|1
|
|t:|1750839370
|-terastallize|p1a: Emerald|Ghost
|-terastallize|p2b: Lunala|Fairy
|move|p2a: Grimmsnarl|Light Screen|p2a: Grimmsnarl
|-sidestart|p2: Rhizzen|move: Light Screen
|move|p1a: Emerald|Dark Pulse|p2b: Lunala
|-resisted|p2b: Lunala
|-damage|p2b: Lunala|93/100
|move|p1b: Strife|Electro Drift|p2a: Grimmsnarl
|-damage|p2a: Grimmsnarl|22/100
|move|p2b: Lunala|Trick Room|p2b: Lunala
|-fieldstart|move: Trick Room|[of] p2b: Lunala
|
|upkeep
|turn|2
|inactive|Rhizzen has 30 seconds left.
|inactive|Ao_Blue_Poison has 30 seconds left.
|inactive|Rhizzen has 20 seconds left.
|
|t:|1750839407
|move|p2a: Grimmsnarl|Spirit Break|p1b: Strife
|-supereffective|p1b: Strife
|-damage|p1b: Strife|34/100
|-unboost|p1b: Strife|spa|1
|move|p2b: Lunala|Moonblast|p1b: Strife
|-supereffective|p1b: Strife
|-damage|p1b: Strife|0 fnt
|faint|p1b: Strife
|move|p1a: Emerald|Dark Pulse|p2b: Lunala
|-resisted|p2b: Lunala
|-damage|p2b: Lunala|77/100
|
|upkeep
|
|t:|1750839417
|switch|p1b: Vanguard|Rhyperior, L50, F, shiny|100/100
|turn|3
|
|t:|1750839438
|switch|p1a: Harlequin|Quaquaval, L50, F, shiny|100/100
|move|p2b: Lunala|Wide Guard|p2b: Lunala
|-singleturn|p2b: Lunala|Wide Guard
|move|p2a: Grimmsnarl|Reflect|p2a: Grimmsnarl
|-sidestart|p2: Rhizzen|Reflect
|move|p1b: Vanguard|Heavy Slam|p2b: Lunala
|-supereffective|p2b: Lunala
|-damage|p2b: Lunala|63/100
|
|upkeep
|turn|4
|inactive|Rhizzen has 30 seconds left.
|
|t:|1750839470
|move|p1b: Vanguard|Heavy Slam|p2a: Grimmsnarl
|-supereffective|p2a: Grimmsnarl
|-damage|p2a: Grimmsnarl|0 fnt
|faint|p2a: Grimmsnarl
|move|p2b: Lunala|Moonblast|p1a: Harlequin
|-supereffective|p1a: Harlequin
|-damage|p1a: Harlequin|0 fnt
|faint|p1a: Harlequin
|
|upkeep
|
|t:|1750839482
|switch|p2a: Ursaluna|Ursaluna, L50, F|100/100
|switch|p1a: Emerald|Chi-Yu, L50, tera:Ghost|100/100
|-ability|p1a: Emerald|Beads of Ruin
|turn|5
|
|t:|1750839495
|move|p2a: Ursaluna|Protect|p2a: Ursaluna
|-singleturn|p2a: Ursaluna|Protect
|move|p1b: Vanguard|Heavy Slam|p2b: Lunala
|-supereffective|p2b: Lunala
|-damage|p2b: Lunala|48/100
|move|p2b: Lunala|Moonblast|p1a: Emerald
|-damage|p1a: Emerald|35/100
|move|p1a: Emerald|Flamethrower|p2b: Lunala
|-damage|p2b: Lunala|15/100
|
|-fieldend|move: Trick Room
|-fieldend|move: Electric Terrain
|-status|p2a: Ursaluna|brn|[from] item: Flame Orb
|upkeep
|turn|6
|
|t:|1750839515
|move|p2b: Lunala|Wide Guard|p2b: Lunala
|-singleturn|p2b: Lunala|Wide Guard
|move|p1a: Emerald|Flamethrower|p2a: Ursaluna
|-damage|p2a: Ursaluna|60/100 brn
|move|p2a: Ursaluna|Earthquake|p1b: Vanguard|[spread] p1a,p1b
|-activate|p2b: Lunala|move: Wide Guard
|-supereffective|p1b: Vanguard
|-crit|p1b: Vanguard
|-damage|p1a: Emerald|0 fnt
|-damage|p1b: Vanguard|0 fnt
|faint|p1a: Emerald
|faint|p1b: Vanguard
|
|win|Rhizzen
|raw|Ao_Blue_Poison's rating: 1149 &rarr; <strong>1129</strong><br />(-20 for losing)
|raw|Rhizzen's rating: 1219 &rarr; <strong>1239</strong><br />(+20 for winning)
|l|☆Ao_Blue_Poison
|player|p1|
