|j|☆GodofSOHAI
|j|☆SlamTTHM
|t:|1750849793
|gametype|doubles
|player|p1|GodofSOHAI|266|1185
|player|p2|SlamTTHM|265|1250
|teamsize|p1|6
|teamsize|p2|6
|gen|9
|tier|[Gen 9] VGC 2025 Reg I
|rated|
|rule|Species Clause: Limit one of each Pokémon
|rule|Item Clause: Limit 1 of each item
|clearpoke
|poke|p1|Ho-Oh, L50|
|poke|p1|Calyrex-Ice, L50|
|poke|p1|Overqwil, L50, M|
|poke|p1|Ting-Lu, L50|
|poke|p1|Rillaboom, L50, M|
|poke|p1|Ogerpon-Wellspring, L50, F|
|poke|p2|Calyrex-Ice, L50|
|poke|p2|Necrozma-Dawn-Wings, L50|
|poke|p2|Brute Bonnet, L50|
|poke|p2|Alcremie, L50, F|
|poke|p2|Araquanid, L50, M|
|poke|p2|Indeedee-F, L50, F|
|teampreview|4
|inactive|Battle timer is ON: inactive players will automatically lose when time's up. (requested by GodofSOHAI)
|inactiveoff|Battle timer is now OFF.
|
|t:|1750849858
|start
|switch|p1a: Ho-Oh|Ho-Oh, L50|100/100
|switch|p1b: Overqwil|Overqwil, L50, M|100/100
|switch|p2a: Necrozma|Necrozma-Dawn-Wings, L50|100/100
|switch|p2b: Alcremie|Alcremie, L50, F|100/100
|-ability|p1b: Overqwil|Intimidate|boost
|-unboost|p2a: Necrozma|atk|1
|-unboost|p2b: Alcremie|atk|1
|turn|1
|
|t:|1750849893
|-terastallize|p2a: Necrozma|Dark
|move|p1b: Overqwil|Toxic Spikes|p2a: Necrozma
|-sidestart|p2: SlamTTHM|move: Toxic Spikes
|move|p2b: Alcremie|Decorate|p2a: Necrozma
|-boost|p2a: Necrozma|atk|2
|-boost|p2a: Necrozma|spa|2
|move|p1a: Ho-Oh|Whirlwind|p2a: Necrozma
|drag|p2a: Indeedee|Indeedee-F, L50, F|100/100
|-status|p2a: Indeedee|psn
|-fieldstart|move: Psychic Terrain|[from] ability: Psychic Surge|[of] p2a: Indeedee
|
|-damage|p2a: Indeedee|88/100 psn|[from] psn
|upkeep
|turn|2
|inactive|Battle timer is ON: inactive players will automatically lose when time's up. (requested by GodofSOHAI)
|
|t:|1750849949
|switch|p2b: Necrozma|Necrozma-Dawn-Wings, L50, tera:Dark|100/100
|-status|p2b: Necrozma|psn
|move|p1a: Ho-Oh|Sacred Fire|p2b: Necrozma
|-damage|p2b: Necrozma|61/100 psn
|move|p1b: Overqwil|Barb Barrage|p2b: Necrozma
|-damage|p2b: Necrozma|15/100 psn
|move|p2a: Indeedee|Trick Room|p2a: Indeedee
|-fieldstart|move: Trick Room|[of] p2a: Indeedee
|
|-damage|p2b: Necrozma|3/100 psn|[from] psn
|-damage|p2a: Indeedee|76/100 psn|[from] psn
|upkeep
|turn|3
|inactive|SlamTTHM has 30 seconds left.
|
|t:|1750849977
|move|p2a: Indeedee|Helping Hand|p2b: Necrozma
|-singleturn|p2b: Necrozma|Helping Hand|[of] p2a: Indeedee
|move|p1b: Overqwil|Protect|p1b: Overqwil
|-singleturn|p1b: Overqwil|Protect
|move|p1a: Ho-Oh|Protect|p1a: Ho-Oh
|-singleturn|p1a: Ho-Oh|Protect
|move|p2b: Necrozma|Expanding Force|p1b: Overqwil|[spread] 
|-activate|p1a: Ho-Oh|move: Protect
|-activate|p1b: Overqwil|move: Protect
|
|-damage|p2b: Necrozma|0 fnt|[from] psn
|faint|p2b: Necrozma
|-damage|p2a: Indeedee|63/100 psn|[from] psn
|upkeep
|
|t:|1750849995
|switch|p2b: Alcremie|Alcremie, L50, F|100/100
|-status|p2b: Alcremie|psn
|-enditem|p2b: Alcremie|Room Service
|-unboost|p2b: Alcremie|spe|1|[from] item: Room Service
|turn|4
|inactive|GodofSOHAI has 30 seconds left.
|
|t:|1750850022
|switch|p2a: Calyrex|Calyrex-Ice, L50|100/100
|-ability|p2a: Calyrex|As One
|-ability|p2a: Calyrex|Unnerve
|-status|p2a: Calyrex|psn
|switch|p1a: Calyrex|Calyrex-Ice, L50|100/100
|-ability|p1a: Calyrex|As One
|-ability|p1a: Calyrex|Unnerve
|move|p2b: Alcremie|Decorate|p2a: Calyrex
|-boost|p2a: Calyrex|atk|2
|-boost|p2a: Calyrex|spa|2
|move|p1b: Overqwil|Barb Barrage|p2b: Alcremie
|-supereffective|p2b: Alcremie
|-damage|p2b: Alcremie|0 fnt
|faint|p2b: Alcremie
|
|-damage|p2a: Calyrex|88/100 psn|[from] psn
|upkeep
|
|t:|1750850043
|switch|p2b: Indeedee|Indeedee-F, L50, F|63/100 psn
|turn|5
|
|t:|1750850055
|move|p2b: Indeedee|Helping Hand|p2a: Calyrex
|-singleturn|p2a: Calyrex|Helping Hand|[of] p2b: Indeedee
|move|p1a: Calyrex|Protect|p1a: Calyrex
|-singleturn|p1a: Calyrex|Protect
|move|p1b: Overqwil|Protect|p1b: Overqwil
|-singleturn|p1b: Overqwil|Protect
|move|p2a: Calyrex|Glacial Lance|p1a: Calyrex|[spread] 
|-activate|p1a: Calyrex|move: Protect
|-activate|p1b: Overqwil|move: Protect
|
|-damage|p2a: Calyrex|76/100 psn|[from] psn
|-damage|p2b: Indeedee|51/100 psn|[from] psn
|-fieldend|move: Psychic Terrain
|upkeep
|turn|6
|inactive|GodofSOHAI has 30 seconds left.
|
|t:|1750850090
|switch|p1b: Ho-Oh|Ho-Oh, L50|100/100
|move|p2b: Indeedee|Helping Hand|p2a: Calyrex
|-singleturn|p2a: Calyrex|Helping Hand|[of] p2b: Indeedee
|move|p1a: Calyrex|Leech Seed|p2a: Calyrex
|-start|p2a: Calyrex|move: Leech Seed
|move|p2a: Calyrex|Glacial Lance|p1a: Calyrex|[spread] p1a,p1b
|-resisted|p1a: Calyrex
|-damage|p1a: Calyrex|49/100
|-damage|p1b: Ho-Oh|0 fnt
|faint|p1b: Ho-Oh
|-ability|p2a: Calyrex|Chilling Neigh|boost
|-boost|p2a: Calyrex|atk|1
|
|-heal|p1a: Calyrex|55/100|[from] item: Leftovers
|-damage|p2a: Calyrex|64/100 psn|[from] Leech Seed|[of] p1a: Calyrex
|-heal|p1a: Calyrex|66/100|[silent]
|-damage|p2a: Calyrex|52/100 psn|[from] psn
|-damage|p2b: Indeedee|38/100 psn|[from] psn
|-fieldend|move: Trick Room
|upkeep
|
|t:|1750850109
|switch|p1b: Rillaboom|Rillaboom, L50, M|100/100
|-fieldstart|move: Grassy Terrain|[from] ability: Grassy Surge|[of] p1b: Rillaboom
|turn|7
|
|t:|1750850121
|move|p1b: Rillaboom|Fake Out|p2a: Calyrex
|-damage|p2a: Calyrex|42/100 psn
|move|p2b: Indeedee|Follow Me|p2b: Indeedee
|-singleturn|p2b: Indeedee|move: Follow Me
|cant|p2a: Calyrex|flinch
|move|p1a: Calyrex|Glacial Lance|p2b: Indeedee|[spread] p2a,p2b
|-resisted|p2a: Calyrex
|-damage|p2a: Calyrex|25/100 psn
|-damage|p2b: Indeedee|0 fnt
|faint|p2b: Indeedee
|-ability|p1a: Calyrex|Chilling Neigh|boost
|-boost|p1a: Calyrex|atk|1
|
|-heal|p2a: Calyrex|31/100 psn|[from] Grassy Terrain
|-heal|p1a: Calyrex|72/100|[from] Grassy Terrain
|-heal|p1a: Calyrex|77/100|[from] item: Leftovers
|-damage|p2a: Calyrex|19/100 psn|[from] Leech Seed|[of] p1a: Calyrex
|-heal|p1a: Calyrex|88/100|[silent]
|-damage|p2a: Calyrex|7/100 psn|[from] psn
|upkeep
|turn|8
|inactive|GodofSOHAI has 30 seconds left.
|inactive|SlamTTHM has 30 seconds left.
|-message|SlamTTHM forfeited.
|
|win|GodofSOHAI
|raw|GodofSOHAI's rating: 1185 &rarr; <strong>1215</strong><br />(+30 for winning)
|raw|SlamTTHM's rating: 1250 &rarr; <strong>1220</strong><br />(-30 for losing)
|l|☆GodofSOHAI
|player|p1|
