|j|☆KogaJunior23
|j|☆chumba03
|t:|1750710440
|gametype|doubles
|player|p1|KogaJunior23|koga|1470
|player|p2|chumba03|yellow|1412
|teamsize|p1|6
|teamsize|p2|6
|gen|9
|tier|[Gen 9] VGC 2025 Reg I
|rated|
|rule|Species Clause: Limit one of each Pokémon
|rule|Item Clause: Limit 1 of each item
|clearpoke
|poke|p1|Kyogre, L50|
|poke|p1|Zacian-*, L50|
|poke|p1|Beartic, L50, F|
|poke|p1|Amoonguss, L50, M|
|poke|p1|Tornadus, L50, M|
|poke|p1|Landorus, L50, M|
|poke|p2|Kyogre, L50|
|poke|p2|Lunala, L50|
|poke|p2|Incineroar, L50, F|
|poke|p2|Urshifu-*, L50, M|
|poke|p2|Rillaboom, L50, M|
|poke|p2|Amoonguss, L50, M|
|teampreview|4
|inactive|Battle timer is ON: inactive players will automatically lose when time's up. (requested by chumba03)
|c|☆chumba03|i am so rusty
|
|t:|1750710473
|start
|switch|p1a: Tornadus|Tornadus, L50, M|100/100
|switch|p1b: Landorus|Landorus, L50, M|100/100
|switch|p2a: Urshifu|Urshifu-Rapid-Strike, L50, M|100/100
|switch|p2b: Incineroar|Incineroar, L50, F|100/100
|-ability|p2b: Incineroar|Intimidate|boost
|-unboost|p1a: Tornadus|atk|1
|-unboost|p1b: Landorus|atk|1
|turn|1
|inactive|KogaJunior23 has 30 seconds left.
|inactive|KogaJunior23 has 20 seconds left.
|
|t:|1750710510
|-terastallize|p2a: Urshifu|Water
|move|p1a: Tornadus|Tailwind|p1a: Tornadus
|-sidestart|p1: KogaJunior23|move: Tailwind
|move|p1b: Landorus|Sandsear Storm|p2b: Incineroar|[spread] p2a,p2b
|-supereffective|p2b: Incineroar
|-damage|p2a: Urshifu|0 fnt
|-damage|p2b: Incineroar|0 fnt
|faint|p2a: Urshifu
|faint|p2b: Incineroar
|
|upkeep
|
|t:|1750710524
|switch|p2a: Lunala|Lunala, L50, shiny|100/100
|switch|p2b: Kyogre|Kyogre, L50, shiny|100/100
|-weather|RainDance|[from] ability: Drizzle|[of] p2b: Kyogre
|turn|2
|
|t:|1750710536
|move|p2a: Lunala|Wide Guard|p2a: Lunala
|-singleturn|p2a: Lunala|Wide Guard
|move|p1a: Tornadus|Taunt|p2a: Lunala
|-start|p2a: Lunala|move: Taunt
|move|p1b: Landorus|Sandsear Storm|p2b: Kyogre|[spread] 
|-activate|p2a: Lunala|move: Wide Guard
|-activate|p2b: Kyogre|move: Wide Guard
|move|p2b: Kyogre|Water Spout|p1b: Landorus|[spread] p1a,p1b
|-crit|p1a: Tornadus
|-supereffective|p1b: Landorus
|-damage|p1a: Tornadus|0 fnt
|-damage|p1b: Landorus|0 fnt
|faint|p1a: Tornadus
|faint|p1b: Landorus
|
|-weather|RainDance|[upkeep]
|upkeep
|
|t:|1750710548
|switch|p1b: Beartic|Beartic, L50, F, shiny|100/100
|switch|p1a: Zacian|Zacian-Crowned, L50|100/100
|-ability|p1a: Zacian|Intrepid Sword|boost
|-boost|p1a: Zacian|atk|1
|turn|3
|
|t:|1750710569
|-terastallize|p1b: Beartic|Electric
|move|p2b: Kyogre|Protect|p2b: Kyogre
|-singleturn|p2b: Kyogre|Protect
|move|p1b: Beartic|Tera Blast|p2b: Kyogre|[anim] Tera Blast Electric
|-activate|p2b: Kyogre|move: Protect
|move|p1a: Zacian|Behemoth Blade|p2a: Lunala
|-damage|p2a: Lunala|65/100
|move|p2a: Lunala|Meteor Beam||[still]
|-prepare|p2a: Lunala|Meteor Beam
|-boost|p2a: Lunala|spa|1
|-enditem|p2a: Lunala|Power Herb
|-anim|p2a: Lunala|Meteor Beam|p1b: Beartic
|-damage|p1b: Beartic|46/100
|
|-weather|RainDance|[upkeep]
|upkeep
|turn|4
|
|t:|1750710587
|move|p2b: Kyogre|Protect|p2b: Kyogre
|-singleturn|p2b: Kyogre|Protect
|move|p1b: Beartic|Tera Blast|p2b: Kyogre|[anim] Tera Blast Electric
|-activate|p2b: Kyogre|move: Protect
|move|p1a: Zacian|Behemoth Blade|p2a: Lunala
|-damage|p2a: Lunala|0 fnt
|faint|p2a: Lunala
|
|-weather|RainDance|[upkeep]
|-sideend|p1: KogaJunior23|move: Tailwind
|upkeep
|turn|5
|
|t:|1750710597
|move|p1b: Beartic|Tera Blast|p2b: Kyogre|[anim] Tera Blast Electric
|-supereffective|p2b: Kyogre
|-damage|p2b: Kyogre|24/100
|move|p1a: Zacian|Play Rough|p2b: Kyogre
|-damage|p2b: Kyogre|0 fnt
|faint|p2b: Kyogre
|
|win|KogaJunior23
|raw|KogaJunior23's rating: 1470 &rarr; <strong>1487</strong><br />(+17 for winning)
|raw|chumba03's rating: 1412 &rarr; <strong>1395</strong><br />(-17 for losing)
|l|☆chumba03
|player|p2|
|c|☆KogaJunior23|Gg!
|l|☆KogaJunior23
|player|p1|
