|j|☆i_epix
|j|☆yudeshuang
|t:|1750779008
|gametype|doubles
|player|p1|i_epix|pokekid|1337
|player|p2|yudeshuang|unknownf|1350
|teamsize|p1|6
|teamsize|p2|6
|gen|9
|tier|[Gen 9] VGC 2025 Reg I
|rated|
|rule|Species Clause: Limit one of each Pokémon
|rule|Item Clause: Limit 1 of each item
|clearpoke
|poke|p1|Iron Boulder, L50|
|poke|p1|Miraidon, L50|
|poke|p1|Ho-Oh, L50|
|poke|p1|Whimsicott, L50, M|
|poke|p1|Urshifu-*, L50, M|
|poke|p1|Ogerpon-Wellspring, L50, F|
|poke|p2|Miraidon, L50|
|poke|p2|Calyrex-Ice, L50|
|poke|p2|Whimsicott, L50, F|
|poke|p2|Landorus, L50, M|
|poke|p2|Urshifu-*, L50, M|
|poke|p2|Ogerpon-Hearthflame, L50, F|
|teampreview|4
|inactive|Battle timer is ON: inactive players will automatically lose when time's up. (requested by i_epix)
|inactive|yudeshuang has 60 seconds left.
|
|t:|1750779041
|start
|switch|p1a: Whimsicott|Whimsicott, L50, M|100/100
|switch|p1b: Iron Boulder|Iron Boulder, L50|100/100
|switch|p2a: Whimsicott|Whimsicott, L50, F|100/100
|switch|p2b: Miraidon|Miraidon, L50|100/100
|-fieldstart|move: Electric Terrain|[from] ability: Hadron Engine|[of] p2b: Miraidon
|-activate|p1b: Iron Boulder|ability: Quark Drive
|-start|p1b: Iron Boulder|quarkdrivespe
|turn|1
|
|t:|1750779065
|switch|p2b: Urshifu|Urshifu-Rapid-Strike, L50, M|100/100
|move|p1a: Whimsicott|Tailwind|p1a: Whimsicott
|-sidestart|p1: i_epix|move: Tailwind
|move|p2a: Whimsicott|Tailwind|p2a: Whimsicott
|-sidestart|p2: yudeshuang|move: Tailwind
|move|p1b: Iron Boulder|Mighty Cleave|p2a: Whimsicott
|-enditem|p2a: Whimsicott|Focus Sash
|-damage|p2a: Whimsicott|1/100
|
|upkeep
|turn|2
|inactive|i_epix has 30 seconds left.
|inactive|yudeshuang has 30 seconds left.
|inactive|i_epix has 20 seconds left.
|inactive|yudeshuang has 20 seconds left.
|inactive|i_epix has 15 seconds left.
|inactive|yudeshuang has 15 seconds left.
|inactive|i_epix has 10 seconds left.
|
|t:|1750779111
|switch|p2b: Miraidon|Miraidon, L50|100/100
|-activate|p2b: Miraidon|ability: Hadron Engine
|move|p1a: Whimsicott|Helping Hand|p1b: Iron Boulder
|-singleturn|p1b: Iron Boulder|Helping Hand|[of] p1a: Whimsicott
|move|p1b: Iron Boulder|Mighty Cleave|p2b: Miraidon
|-damage|p2b: Miraidon|0 fnt
|faint|p2b: Miraidon
|move|p2a: Whimsicott|Endeavor|p1b: Iron Boulder
|-damage|p1b: Iron Boulder|1/100
|
|upkeep
|
|t:|1750779129
|switch|p2b: Calyrex|Calyrex-Ice, L50|100/100
|-ability|p2b: Calyrex|As One
|-ability|p2b: Calyrex|Unnerve
|-enditem|p2b: Calyrex|Electric Seed
|-boost|p2b: Calyrex|def|1|[from] item: Electric Seed
|turn|3
|
|t:|1750779142
|-terastallize|p1b: Iron Boulder|Rock
|move|p1a: Whimsicott|Helping Hand|p1b: Iron Boulder
|-singleturn|p1b: Iron Boulder|Helping Hand|[of] p1a: Whimsicott
|move|p2b: Calyrex|Protect|p2b: Calyrex
|-singleturn|p2b: Calyrex|Protect
|move|p1b: Iron Boulder|Mighty Cleave|p2b: Calyrex
|-supereffective|p2b: Calyrex
|-damage|p2b: Calyrex|0 fnt
|faint|p2b: Calyrex
|move|p2a: Whimsicott|Endeavor|p1a: Whimsicott
|-damage|p1a: Whimsicott|1/100
|
|upkeep
|c|☆i_epix|iron boulder putting in work
|
|t:|1750779158
|switch|p2b: Urshifu|Urshifu-Rapid-Strike, L50, M|100/100
|turn|4
|
|t:|1750779170
|move|p1b: Iron Boulder|Mighty Cleave|p2b: Urshifu
|-resisted|p2b: Urshifu
|-damage|p2b: Urshifu|60/100
|move|p1a: Whimsicott|Moonblast|p2a: Whimsicott
|-damage|p2a: Whimsicott|0 fnt
|faint|p2a: Whimsicott
|move|p2b: Urshifu|Surging Strikes|p1b: Iron Boulder
|-supereffective|p1b: Iron Boulder
|-crit|p1b: Iron Boulder
|-damage|p1b: Iron Boulder|0 fnt
|faint|p1b: Iron Boulder
|-end|p1b: Iron Boulder|Quark Drive|[silent]
|-hitcount|p1: Iron Boulder|1
|
|-sideend|p1: i_epix|move: Tailwind
|-sideend|p2: yudeshuang|move: Tailwind
|upkeep
|
|t:|1750779181
|switch|p1b: Ho-Oh|Ho-Oh, L50|100/100
|turn|5
|
|t:|1750779188
|move|p1a: Whimsicott|Moonblast|p2b: Urshifu
|-supereffective|p2b: Urshifu
|-damage|p2b: Urshifu|2/100
|move|p1b: Ho-Oh|Brave Bird|p2b: Urshifu
|-supereffective|p2b: Urshifu
|-damage|p2b: Urshifu|0 fnt
|faint|p2b: Urshifu
|-damage|p1b: Ho-Oh|99/100|[from] Recoil
|
|win|i_epix
|raw|i_epix's rating: 1337 &rarr; <strong>1358</strong><br />(+21 for winning)
|raw|yudeshuang's rating: 1350 &rarr; <strong>1329</strong><br />(-21 for losing)
|l|☆yudeshuang
|player|p2|
|c|☆i_epix|gg
|l|☆i_epix
|player|p1|
