|j|☆damuBOSS
|j|☆Kressh05
|t:|1750825966
|gametype|doubles
|player|p1|damuBOSS|steven|1195
|player|p2|Kressh05|emmet|1052
|teamsize|p1|6
|teamsize|p2|6
|gen|9
|tier|[Gen 9] VGC 2025 Reg I
|rated|
|rule|Species Clause: Limit one of each Pokémon
|rule|Item Clause: Limit 1 of each item
|clearpoke
|poke|p1|Zamazenta-*, L50|
|poke|p1|Calyrex-Shadow, L50|
|poke|p1|Raging Bolt, L50|
|poke|p1|Rillaboom, L50, M|
|poke|p1|Chien-Pao, L50|
|poke|p1|Amoonguss, L50, M|
|poke|p2|Roaring Moon, L50|
|poke|p2|Sinistcha, L50|
|poke|p2|Landorus-Therian, L50, M|
|poke|p2|Koraidon, L50|
|poke|p2|Empoleon, L50, M|
|poke|p2|Chi-Yu, L50|
|teampreview|4
|
|t:|1750825982
|start
|switch|p1a: 大古|Raging Bolt, L50|100/100
|switch|p1b: Rillaboom|Rillaboom, L50, M, shiny|100/100
|switch|p2a: Koraidon|Koraidon, L50|100/100
|switch|p2b: Chi-Yu|Chi-Yu, L50|100/100
|-weather|SunnyDay|[from] ability: Orichalcum Pulse|[of] p2a: Koraidon
|-activate|p1a: 大古|ability: Protosynthesis
|-start|p1a: 大古|protosynthesisspa
|-activate|p2a: Koraidon|Orichalcum Pulse|[source]
|-ability|p2b: Chi-Yu|Beads of Ruin
|-fieldstart|move: Grassy Terrain|[from] ability: Grassy Surge|[of] p1b: Rillaboom
|turn|1
|
|t:|1750826026
|-terastallize|p1b: Rillaboom|Water
|move|p2b: Chi-Yu|Protect|p2b: Chi-Yu
|-singleturn|p2b: Chi-Yu|Protect
|move|p1b: Rillaboom|Fake Out|p2b: Chi-Yu
|-activate|p2b: Chi-Yu|move: Protect
|move|p2a: Koraidon|U-turn|p1b: Rillaboom
|-damage|p1b: Rillaboom|57/100
|
|t:|1750826033
|switch|p2a: Empoleon|Empoleon, L50, M, shiny|100/100|[from] U-turn
|move|p1a: 大古|Dragon Pulse|p2a: Empoleon
|-resisted|p2a: Empoleon
|-damage|p2a: Empoleon|63/100
|
|-weather|SunnyDay|[upkeep]
|-heal|p1b: Rillaboom|63/100|[from] Grassy Terrain
|-heal|p2a: Empoleon|69/100|[from] Grassy Terrain
|upkeep
|turn|2
|
|t:|1750826069
|move|p2a: Empoleon|Protect|p2a: Empoleon
|-singleturn|p2a: Empoleon|Protect
|move|p1a: 大古|Thunderclap||[still]
|-fail|p1a: 大古
|move|p2b: Chi-Yu|Dark Pulse|p1a: 大古
|-damage|p1a: 大古|47/100
|-damage|p2b: Chi-Yu|91/100|[from] item: Life Orb
|move|p1b: Rillaboom|U-turn|p2b: Chi-Yu
|-crit|p2b: Chi-Yu
|-damage|p2b: Chi-Yu|45/100
|
|t:|1750826086
|switch|p1b: Zamazenta|Zamazenta-Crowned, L50, shiny|100/100|[from] U-turn
|-ability|p1b: Zamazenta|Dauntless Shield|boost
|-boost|p1b: Zamazenta|def|1
|
|-weather|SunnyDay|[upkeep]
|-heal|p2b: Chi-Yu|51/100|[from] Grassy Terrain
|-heal|p1a: 大古|53/100|[from] Grassy Terrain
|-heal|p2a: Empoleon|74/100|[from] Grassy Terrain
|upkeep
|turn|3
|
|t:|1750826111
|switch|p2b: Koraidon|Koraidon, L50|100/100
|-activate|p2b: Koraidon|ability: Orichalcum Pulse
|-terastallize|p2a: Empoleon|Grass
|move|p1a: 大古|Thunderclap|p2a: Empoleon
|-resisted|p2a: Empoleon
|-damage|p2a: Empoleon|43/100
|move|p1b: Zamazenta|Body Press|p2b: Koraidon
|-damage|p2b: Koraidon|38/100
|move|p2a: Empoleon|Hydro Pump|p1b: Zamazenta
|-damage|p1b: Zamazenta|81/100
|
|-weather|SunnyDay|[upkeep]
|-heal|p2b: Koraidon|44/100|[from] Grassy Terrain
|-heal|p1b: Zamazenta|87/100|[from] Grassy Terrain
|-heal|p1a: 大古|59/100|[from] Grassy Terrain
|-heal|p2a: Empoleon|49/100|[from] Grassy Terrain
|upkeep
|turn|4
|
|t:|1750826135
|move|p2b: Koraidon|Flame Charge|p1b: Zamazenta
|-supereffective|p1b: Zamazenta
|-damage|p1b: Zamazenta|44/100
|-boost|p2b: Koraidon|spe|1
|move|p1b: Zamazenta|Body Press|p2a: Empoleon
|-damage|p2a: Empoleon|0 fnt
|faint|p2a: Empoleon
|move|p1a: 大古|Dragon Pulse|p2b: Koraidon
|-supereffective|p2b: Koraidon
|-damage|p2b: Koraidon|0 fnt
|faint|p2b: Koraidon
|
|-weather|SunnyDay|[upkeep]
|-heal|p1b: Zamazenta|50/100|[from] Grassy Terrain
|-heal|p1a: 大古|65/100|[from] Grassy Terrain
|upkeep
|
|t:|1750826142
|switch|p2b: Chi-Yu|Chi-Yu, L50|51/100
|switch|p2a: Roaring Moon|Roaring Moon, L50, shiny|100/100
|-ability|p2b: Chi-Yu|Beads of Ruin
|-activate|p2a: Roaring Moon|ability: Protosynthesis
|-start|p2a: Roaring Moon|protosynthesisatk
|turn|5
|
|t:|1750826173
|switch|p1b: Rillaboom|Rillaboom, L50, M, shiny, tera:Water|63/100
|move|p2b: Chi-Yu|Protect|p2b: Chi-Yu
|-singleturn|p2b: Chi-Yu|Protect
|move|p2a: Roaring Moon|Acrobatics|p1b: Rillaboom
|-damage|p1b: Rillaboom|39/100
|move|p1a: 大古|Dragon Pulse|p2b: Chi-Yu
|-activate|p2b: Chi-Yu|move: Protect
|
|-weather|none
|-end|p2a: Roaring Moon|Protosynthesis
|-end|p1a: 大古|Protosynthesis
|-heal|p2b: Chi-Yu|57/100|[from] Grassy Terrain
|-heal|p1b: Rillaboom|44/100|[from] Grassy Terrain
|-heal|p1a: 大古|72/100|[from] Grassy Terrain
|-fieldend|move: Grassy Terrain
|upkeep
|-enditem|p2a: Roaring Moon|Booster Energy
|-activate|p2a: Roaring Moon|ability: Protosynthesis|[fromitem]
|-start|p2a: Roaring Moon|protosynthesisatk
|turn|6
|
|t:|1750826241
|move|p2a: Roaring Moon|Dragon Claw|p1a: 大古
|-supereffective|p1a: 大古
|-damage|p1a: 大古|0 fnt
|faint|p1a: 大古
|-end|p1a: 大古|Protosynthesis|[silent]
|move|p2b: Chi-Yu|Dark Pulse|p1b: Rillaboom
|-damage|p1b: Rillaboom|8/100
|-damage|p2b: Chi-Yu|47/100|[from] item: Life Orb
|move|p1b: Rillaboom|Wood Hammer|p2b: Chi-Yu
|-resisted|p2b: Chi-Yu
|-damage|p2b: Chi-Yu|8/100
|-damage|p1b: Rillaboom|0 fnt|[from] Recoil
|faint|p1b: Rillaboom
|
|upkeep
|
|t:|1750826258
|switch|p1b: Calyrex|Calyrex-Shadow, L50|100/100
|switch|p1a: Zamazenta|Zamazenta-Crowned, L50, shiny|50/100
|-ability|p1b: Calyrex|As One
|-ability|p1b: Calyrex|Unnerve
|turn|7
|
|t:|1750826270
|move|p2b: Chi-Yu|Protect|p2b: Chi-Yu
|-singleturn|p2b: Chi-Yu|Protect
|move|p1a: Zamazenta|Wide Guard|p1a: Zamazenta
|-singleturn|p1a: Zamazenta|Wide Guard
|move|p1b: Calyrex|Astral Barrage|p2a: Roaring Moon|[spread] p2a
|-activate|p2b: Chi-Yu|move: Protect
|-resisted|p2a: Roaring Moon
|-damage|p2a: Roaring Moon|64/100
|move|p2a: Roaring Moon|Knock Off|p1b: Calyrex
|-supereffective|p1b: Calyrex
|-enditem|p1b: Calyrex|Focus Sash
|-damage|p1b: Calyrex|1/100
|
|upkeep
|turn|8
|
|t:|1750826313
|move|p1b: Calyrex|Astral Barrage|p2b: Chi-Yu|[spread] p2a,p2b
|-resisted|p2a: Roaring Moon
|-resisted|p2b: Chi-Yu
|-damage|p2a: Roaring Moon|29/100
|-damage|p2b: Chi-Yu|0 fnt
|faint|p2b: Chi-Yu
|-ability|p1b: Calyrex|Grim Neigh|boost
|-boost|p1b: Calyrex|spa|1
|move|p2a: Roaring Moon|Acrobatics|p1a: Zamazenta
|-damage|p1a: Zamazenta|24/100
|move|p1a: Zamazenta|Body Press|p2a: Roaring Moon
|-supereffective|p2a: Roaring Moon
|-damage|p2a: Roaring Moon|0 fnt
|faint|p2a: Roaring Moon
|-end|p2a: Roaring Moon|Protosynthesis|[silent]
|
|win|damuBOSS
|raw|damuBOSS's rating: 1195 &rarr; <strong>1210</strong><br />(+15 for winning)
|raw|Kressh05's rating: 1052 &rarr; <strong>1041</strong><br />(-11 for losing)
|l|☆Kressh05
|player|p2|
|l|☆damuBOSS
|player|p1|
