|j|☆ArazetHD
|j|☆THE_GREASY_SACK
|t:|1750775962
|gametype|doubles
|player|p1|ArazetHD|hilbert-wonderlauncher|1237
|player|p2|THE_GREASY_SACK|aromalady|1260
|teamsize|p1|6
|teamsize|p2|6
|gen|9
|tier|[Gen 9] VGC 2025 Reg I
|rated|
|rule|Species Clause: Limit one of each Pokémon
|rule|Item Clause: Limit 1 of each item
|clearpoke
|poke|p1|Koraidon, L50|
|poke|p1|Lunala, L50|
|poke|p1|Chi-Yu, L50|
|poke|p1|Ursaluna, L50, F|
|poke|p1|Brute Bonnet, L50|
|poke|p1|Flutter Mane, L50|
|poke|p2|Eternatus, L50|
|poke|p2|Calyrex-Ice, L50|
|poke|p2|Grimmsnarl, L50, M|
|poke|p2|Incineroar, L50, F|
|poke|p2|Salazzle, L50, F|
|poke|p2|Regirock, L50|
|teampreview|4
|inactive|Battle timer is ON: inactive players will automatically lose when time's up. (requested by THE_GREASY_SACK)
THE_GREASY_SACK rejected open team sheets.
|inactive|ArazetHD has 60 seconds left.
|inactive|THE_GREASY_SACK has 60 seconds left.
|inactive|THE_GREASY_SACK has 30 seconds left.
|inactive|THE_GREASY_SACK has 20 seconds left.
|
|t:|1750776037
|start
|switch|p1a: Koraidon|Koraidon, L50|100/100
|switch|p1b: Lunala|Lunala, L50|100/100
|switch|p2a: Grimmsnarl|Grimmsnarl, L50, M|100/100
|switch|p2b: Eternatus|Eternatus, L50|100/100
|-weather|SunnyDay|[from] ability: Orichalcum Pulse|[of] p1a: Koraidon
|-activate|p1a: Koraidon|Orichalcum Pulse|[source]
|-ability|p2b: Eternatus|Pressure
|turn|1
|inactive|THE_GREASY_SACK has 30 seconds left.
|
|t:|1750776071
|switch|p1a: Ursaluna|Ursaluna, L50, F|100/100
|move|p2a: Grimmsnarl|Light Screen|p2a: Grimmsnarl
|-sidestart|p2: THE_GREASY_SACK|move: Light Screen
|move|p2b: Eternatus|Cosmic Power|p2b: Eternatus
|-boost|p2b: Eternatus|def|1
|-boost|p2b: Eternatus|spd|1
|move|p1b: Lunala|Trick Room|p1b: Lunala
|-fieldstart|move: Trick Room|[of] p1b: Lunala
|
|-weather|SunnyDay|[upkeep]
|-status|p1a: Ursaluna|brn|[from] item: Flame Orb
|upkeep
|turn|2
|inactive|ArazetHD has 30 seconds left.
|inactive|ArazetHD has 20 seconds left.
|inactive|ArazetHD has 15 seconds left.
|inactive|ArazetHD has 10 seconds left.
|
|t:|1750776118
|-terastallize|p2b: Eternatus|Normal
|move|p1b: Lunala|Wide Guard|p1b: Lunala
|-singleturn|p1b: Lunala|Wide Guard
|move|p2a: Grimmsnarl|Reflect|p2a: Grimmsnarl
|-sidestart|p2: THE_GREASY_SACK|Reflect
|move|p1a: Ursaluna|Earthquake|p2b: Eternatus|[spread] p2a,p2b
|-activate|p1b: Lunala|move: Wide Guard
|-damage|p2a: Grimmsnarl|53/100
|-damage|p2b: Eternatus|83/100
|move|p2b: Eternatus|Fire Spin|p1a: Ursaluna
|-damage|p1a: Ursaluna|85/100 brn
|-activate|p1a: Ursaluna|move: Fire Spin|[of] p2b: Eternatus
|
|-weather|SunnyDay|[upkeep]
|-damage|p1a: Ursaluna|79/100 brn|[from] brn
|-damage|p1a: Ursaluna|63/100 brn|[from] move: Fire Spin|[partiallytrapped]
|upkeep
|turn|3
|inactive|THE_GREASY_SACK has 30 seconds left.
|
|t:|1750776147
|switch|p1b: Brute Bonnet|Brute Bonnet, L50|100/100
|-activate|p1b: Brute Bonnet|ability: Protosynthesis
|-start|p1b: Brute Bonnet|protosynthesisdef
|move|p2a: Grimmsnarl|Taunt|p1b: Brute Bonnet
|-hint|Since gen 7, Dark is immune to Prankster moves.
|-immune|p1b: Brute Bonnet
|move|p1a: Ursaluna|Facade|p2a: Grimmsnarl
|-damage|p2a: Grimmsnarl|0 fnt
|faint|p2a: Grimmsnarl
|move|p2b: Eternatus|Cosmic Power|p2b: Eternatus
|-boost|p2b: Eternatus|def|1
|-boost|p2b: Eternatus|spd|1
|
|-weather|SunnyDay|[upkeep]
|-damage|p1a: Ursaluna|57/100 brn|[from] brn
|-damage|p1a: Ursaluna|40/100 brn|[from] move: Fire Spin|[partiallytrapped]
|upkeep
|
|t:|1750776163
|switch|p2a: Incineroar|Incineroar, L50, F|100/100
|-ability|p2a: Incineroar|Intimidate|boost
|-unboost|p1a: Ursaluna|atk|1
|-unboost|p1b: Brute Bonnet|atk|1
|turn|4
|
|t:|1750776187
|move|p2a: Incineroar|Fake Out|p1b: Brute Bonnet
|-damage|p1b: Brute Bonnet|95/100
|move|p1a: Ursaluna|Headlong Rush|p2a: Incineroar
|-supereffective|p2a: Incineroar
|-crit|p2a: Incineroar
|-damage|p2a: Incineroar|0 fnt
|-unboost|p1a: Ursaluna|def|1
|-unboost|p1a: Ursaluna|spd|1
|faint|p2a: Incineroar
|move|p1b: Brute Bonnet|Spore|p2b: Eternatus
|-status|p2b: Eternatus|slp|[from] move: Spore
|cant|p2b: Eternatus|slp
|
|-weather|SunnyDay|[upkeep]
|-damage|p1a: Ursaluna|35/100 brn|[from] brn
|-damage|p1a: Ursaluna|18/100 brn|[from] move: Fire Spin|[partiallytrapped]
|upkeep
|
|t:|1750776202
|switch|p2a: Calyrex|Calyrex-Ice, L50|100/100
|-ability|p2a: Calyrex|As One
|-ability|p2a: Calyrex|Unnerve
|turn|5
|
|t:|1750776220
|move|p2a: Calyrex|Protect|p2a: Calyrex
|-singleturn|p2a: Calyrex|Protect
|move|p1b: Brute Bonnet|Sucker Punch||[still]
|-fail|p1b: Brute Bonnet
|move|p1a: Ursaluna|Facade|p2a: Calyrex
|-activate|p2a: Calyrex|move: Protect
|cant|p2b: Eternatus|slp
|
|-weather|none
|-end|p1b: Brute Bonnet|Protosynthesis
|-damage|p1a: Ursaluna|12/100 brn|[from] brn
|-damage|p1a: Ursaluna|0 fnt|[from] move: Fire Spin|[partiallytrapped]
|faint|p1a: Ursaluna
|-fieldend|move: Trick Room
|upkeep
|
|t:|1750776228
|switch|p1a: Koraidon|Koraidon, L50|100/100
|-weather|SunnyDay|[from] ability: Orichalcum Pulse|[of] p1a: Koraidon
|-activate|p1b: Brute Bonnet|ability: Protosynthesis
|-start|p1b: Brute Bonnet|protosynthesisdef
|-activate|p1a: Koraidon|Orichalcum Pulse|[source]
|turn|6
|
|t:|1750776246
|-terastallize|p1a: Koraidon|Fire
|move|p1b: Brute Bonnet|Rage Powder|p1b: Brute Bonnet
|-singleturn|p1b: Brute Bonnet|move: Rage Powder
|move|p1a: Koraidon|Flare Blitz|p2a: Calyrex
|-supereffective|p2a: Calyrex
|-damage|p2a: Calyrex|0 fnt
|faint|p2a: Calyrex
|-damage|p1a: Koraidon|62/100|[from] Recoil
|-damage|p1a: Koraidon|52/100|[from] item: Life Orb
|-curestatus|p2b: Eternatus|slp|[msg]
|move|p2b: Eternatus|Fire Spin|p1b: Brute Bonnet
|-supereffective|p1b: Brute Bonnet
|-damage|p1b: Brute Bonnet|68/100
|-activate|p1b: Brute Bonnet|move: Fire Spin|[of] p2b: Eternatus
|
|-weather|SunnyDay|[upkeep]
|-damage|p1b: Brute Bonnet|51/100|[from] move: Fire Spin|[partiallytrapped]
|upkeep
|turn|7
|c|☆ArazetHD|what kinda team is this
|inactive|ArazetHD has 30 seconds left.
|c|☆THE_GREASY_SACK|fire spin
|inactive|ArazetHD has 20 seconds left.
|inactive|ArazetHD has 15 seconds left.
|inactive|ArazetHD has 10 seconds left.
|c|☆ArazetHD|understood.
|
|t:|1750776293
|move|p2b: Eternatus|Protect|p2b: Eternatus
|-singleturn|p2b: Eternatus|Protect
|move|p1b: Brute Bonnet|Rage Powder|p1b: Brute Bonnet
|-singleturn|p1b: Brute Bonnet|move: Rage Powder
|move|p1a: Koraidon|Close Combat|p2b: Eternatus
|-activate|p2b: Eternatus|move: Protect
|
|-weather|SunnyDay|[upkeep]
|-damage|p1b: Brute Bonnet|35/100|[from] move: Fire Spin|[partiallytrapped]
|upkeep
|turn|8
|c|☆THE_GREASY_SACK|Yes
|
|t:|1750776305
|move|p1b: Brute Bonnet|Rage Powder|p1b: Brute Bonnet
|-singleturn|p1b: Brute Bonnet|move: Rage Powder
|move|p1a: Koraidon|Close Combat|p2b: Eternatus
|-supereffective|p2b: Eternatus
|-damage|p2b: Eternatus|42/100
|-unboost|p1a: Koraidon|def|1
|-unboost|p1a: Koraidon|spd|1
|-damage|p1a: Koraidon|43/100|[from] item: Life Orb
|move|p2b: Eternatus|Fire Spin|p1b: Brute Bonnet
|-supereffective|p1b: Brute Bonnet
|-damage|p1b: Brute Bonnet|8/100
|
|-weather|SunnyDay|[upkeep]
|-damage|p1b: Brute Bonnet|0 fnt|[from] move: Fire Spin|[partiallytrapped]
|faint|p1b: Brute Bonnet
|-end|p1b: Brute Bonnet|Protosynthesis|[silent]
|-sideend|p2: THE_GREASY_SACK|move: Light Screen
|upkeep
|
|t:|1750776309
|switch|p1b: Lunala|Lunala, L50|100/100
|turn|9
|
|t:|1750776323
|move|p1a: Koraidon|Close Combat|p2b: Eternatus
|-supereffective|p2b: Eternatus
|-damage|p2b: Eternatus|1/100
|-unboost|p1a: Koraidon|def|1
|-unboost|p1a: Koraidon|spd|1
|-damage|p1a: Koraidon|33/100|[from] item: Life Orb
|move|p2b: Eternatus|Recover|p2b: Eternatus
|-heal|p2b: Eternatus|51/100
|move|p1b: Lunala|Meteor Beam||[still]
|-prepare|p1b: Lunala|Meteor Beam
|-boost|p1b: Lunala|spa|1
|-enditem|p1b: Lunala|Power Herb
|-anim|p1b: Lunala|Meteor Beam|p2b: Eternatus
|-damage|p2b: Eternatus|27/100
|
|-weather|SunnyDay|[upkeep]
|-sideend|p2: THE_GREASY_SACK|Reflect
|upkeep
|turn|10
|c|☆THE_GREASY_SACK|welp gg
|c|☆ArazetHD|ggs
|c|☆ArazetHD|crazy team
|inactive|ArazetHD has 30 seconds left.
|c|☆THE_GREASY_SACK|lol
|
|t:|1750776353
|move|p2b: Eternatus|Protect|p2b: Eternatus
|-singleturn|p2b: Eternatus|Protect
|move|p1a: Koraidon|Close Combat|p2b: Eternatus
|-activate|p2b: Eternatus|move: Protect
|move|p1b: Lunala|Meteor Beam||[still]
|-prepare|p1b: Lunala|Meteor Beam
|-boost|p1b: Lunala|spa|1
|
|-weather|none
|upkeep
|turn|11
|
|t:|1750776375
|move|p1a: Koraidon|Flare Blitz|p2b: Eternatus
|-damage|p2b: Eternatus|1/100
|-damage|p1a: Koraidon|21/100|[from] Recoil
|-damage|p1a: Koraidon|11/100|[from] item: Life Orb
|move|p2b: Eternatus|Recover|p2b: Eternatus
|-heal|p2b: Eternatus|51/100
|move|p1b: Lunala|Meteor Beam|p2b: Eternatus|[from] lockedmove
|-damage|p2b: Eternatus|16/100
|
|upkeep
|turn|12
|-message|THE_GREASY_SACK forfeited.
|
|win|ArazetHD
|raw|ArazetHD's rating: 1237 &rarr; <strong>1264</strong><br />(+27 for winning)
|raw|THE_GREASY_SACK's rating: 1260 &rarr; <strong>1233</strong><br />(-27 for losing)
|l|☆THE_GREASY_SACK
|player|p2|
|c|☆ArazetHD|thabks
