|j|☆MrManiacccc
|j|☆Greninja1414
|t:|1750859082
|gametype|doubles
|player|p1|MrManiacccc|169|1075
|player|p2|Greninja1414|cynthia|1157
|teamsize|p1|6
|teamsize|p2|6
|gen|9
|tier|[Gen 9] VGC 2025 Reg I
|rated|
|rule|Species Clause: Limit one of each Pokémon
|rule|Item Clause: Limit 1 of each item
|clearpoke
|poke|p1|Sandy Shocks, L50|
|poke|p1|Drifblim, L50, F|
|poke|p1|Arcanine-Hisui, L50, M|
|poke|p1|Riolu, L50, M|
|poke|p1|Koraidon, L50|
|poke|p1|Chandelure, L50, F|
|poke|p2|Dondozo, L50, M|
|poke|p2|Terapagos, L50, M|
|poke|p2|Incineroar, L50, F|
|poke|p2|Zacian-*, L50|
|poke|p2|Sneasler, L50, M|
|poke|p2|Tatsugiri, L50, M|
|teampreview|4
|
|t:|1750859110
|start
|switch|p1a: Sandy Shocks|Sandy Shocks, L50|100/100
|switch|p1b: Drifblim|Drifblim, L50, F|100/100
|switch|p2a: Zacian|Zacian-Crowned, L50|100/100
|switch|p2b: Incineroar|Incineroar, L50, F|100/100
|-ability|p2a: Zacian|Intrepid Sword|boost
|-boost|p2a: Zacian|atk|1
|-ability|p2b: Incineroar|Intimidate|boost
|-unboost|p1a: Sandy Shocks|atk|1
|-unboost|p1b: Drifblim|atk|1
|-enditem|p1a: Sandy Shocks|Booster Energy
|-activate|p1a: Sandy Shocks|ability: Protosynthesis|[fromitem]
|-start|p1a: Sandy Shocks|protosynthesisspa
|turn|1
|inactive|Battle timer is ON: inactive players will automatically lose when time's up. (requested by Greninja1414)
|
|t:|1750859129
|move|p2b: Incineroar|Fake Out|p1b: Drifblim
|-immune|p1b: Drifblim
|move|p2a: Zacian|Play Rough|p1a: Sandy Shocks
|-damage|p1a: Sandy Shocks|8/100
|move|p1a: Sandy Shocks|Gravity|p1a: Sandy Shocks
|-fieldstart|move: Gravity
|move|p1b: Drifblim|Shadow Ball|p2a: Zacian
|-damage|p2a: Zacian|73/100
|-unboost|p2a: Zacian|spd|1
|
|upkeep
|turn|2
|inactive|Greninja1414 has 30 seconds left.
|inactive|Greninja1414 has 20 seconds left.
|
|t:|1750859166
|move|p2a: Zacian|Wild Charge|p1b: Drifblim
|-supereffective|p1b: Drifblim
|-damage|p1b: Drifblim|0 fnt
|-damage|p2a: Zacian|48/100|[from] ability: Aftermath|[of] p1b: Drifblim
|faint|p1b: Drifblim
|-damage|p2a: Zacian|11/100|[from] Recoil
|move|p1a: Sandy Shocks|Thunderbolt|p2a: Zacian
|-damage|p2a: Zacian|0 fnt
|faint|p2a: Zacian
|move|p2b: Incineroar|Knock Off|p1a: Sandy Shocks
|-damage|p1a: Sandy Shocks|0 fnt
|faint|p1a: Sandy Shocks
|-end|p1a: Sandy Shocks|Protosynthesis|[silent]
|
|upkeep
|
|t:|1750859178
|switch|p2a: Terapagos|Terapagos, L50, M|100/100
|switch|p1a: Arcanine|Arcanine-Hisui, L50, M|100/100
|switch|p1b: Koraidon|Koraidon, L50|100/100
|-activate|p2a: Terapagos|ability: Tera Shift
|detailschange|p2a: Terapagos|Terapagos-Terastal, L50, M
|-heal|p2a: Terapagos|100/100|[silent]
|-weather|SunnyDay|[from] ability: Orichalcum Pulse|[of] p1b: Koraidon
|-activate|p1b: Koraidon|Orichalcum Pulse|[source]
|-ability|p1a: Arcanine|Intimidate|boost
|-unboost|p2a: Terapagos|atk|1
|-unboost|p2b: Incineroar|atk|1
|turn|3
|inactive|MrManiacccc has 30 seconds left.
|inactive|Greninja1414 has 30 seconds left.
|inactive|MrManiacccc has 20 seconds left.
|inactive|MrManiacccc has 15 seconds left.
|
|t:|1750859223
|-terastallize|p1b: Koraidon|Fighting
|-terastallize|p2a: Terapagos|Stellar
|detailschange|p2a: Terapagos|Terapagos-Stellar, L50, M, tera:Stellar
|-heal|p2a: Terapagos|100/100|[silent]
|-ability|p2a: Terapagos|Teraform Zero
|-weather|none
|move|p1b: Koraidon|Collision Course|p2a: Terapagos
|-supereffective|p2a: Terapagos
|-damage|p2a: Terapagos|0 fnt
|faint|p2a: Terapagos
|detailschange|p2: Terapagos|Terapagos, L50, M|[silent]
|-damage|p1b: Koraidon|91/100|[from] item: Life Orb
|move|p1a: Arcanine|Raging Fury|p2b: Incineroar
|-resisted|p2b: Incineroar
|-damage|p2b: Incineroar|77/100
|move|p2b: Incineroar|Knock Off|p1a: Arcanine
|-damage|p1a: Arcanine|69/100
|-enditem|p1a: Arcanine|Persim Berry|[from] move: Knock Off|[of] p2b: Incineroar
|
|upkeep
|
|t:|1750859244
|switch|p2a: Sneasler|Sneasler, L50, M|100/100
|turn|4
|inactive|MrManiacccc has 30 seconds left.
|inactive|Greninja1414 has 30 seconds left.
|inactive|MrManiacccc has 20 seconds left.
|
|t:|1750859280
|move|p2b: Incineroar|Helping Hand|p2a: Sneasler
|-singleturn|p2a: Sneasler|Helping Hand|[of] p2b: Incineroar
|move|p1b: Koraidon|Collision Course|p2b: Incineroar
|-supereffective|p2b: Incineroar
|-damage|p2b: Incineroar|0 fnt
|-damage|p1b: Koraidon|74/100|[from] item: Rocky Helmet|[of] p2b: Incineroar
|faint|p2b: Incineroar
|-damage|p1b: Koraidon|64/100|[from] item: Life Orb
|move|p2a: Sneasler|Dire Claw|p1b: Koraidon
|-damage|p1b: Koraidon|3/100
|move|p1a: Arcanine|Raging Fury|p2a: Sneasler|[from] lockedmove
|-enditem|p2a: Sneasler|Focus Sash
|-damage|p2a: Sneasler|1/100
|
|upkeep
|turn|5
|
|t:|1750859300
|move|p1b: Koraidon|Collision Course|p2a: Sneasler
|-resisted|p2a: Sneasler
|-damage|p2a: Sneasler|0 fnt
|faint|p2a: Sneasler
|-damage|p1b: Koraidon|0 fnt|[from] item: Life Orb
|faint|p1b: Koraidon
|
|win|MrManiacccc
|raw|MrManiacccc's rating: 1075 &rarr; <strong>1110</strong><br />(+35 for winning)
|raw|Greninja1414's rating: 1157 &rarr; <strong>1126</strong><br />(-31 for losing)
|l|☆Greninja1414
|player|p2|
|l|☆MrManiacccc
|player|p1|
