|j|☆oliverfakemawn
|j|☆duoduoa
|t:|1750739775
|gametype|doubles
|player|p1|oliverfakemawn|alder|1328
|player|p2|duoduoa|266|1356
|teamsize|p1|6
|teamsize|p2|6
|gen|9
|tier|[Gen 9] VGC 2025 Reg I
|rated|
|rule|Species Clause: Limit one of each Pokémon
|rule|Item Clause: Limit 1 of each item
|clearpoke
|poke|p1|Sylveon, L50, F|
|poke|p1|Lunala, L50|
|poke|p1|Zamazenta-*, L50|
|poke|p1|Grimmsnarl, L50, M|
|poke|p1|Ursaluna, L50, M|
|poke|p1|Rillaboom, L50, M|
|poke|p2|Calyrex-Shadow, L50|
|poke|p2|Zamazenta-*, L50|
|poke|p2|Rillaboom, L50, M|
|poke|p2|Ogerpon-Hearthflame, L50, F|
|poke|p2|Tornadus, L50, M|
|poke|p2|Raging Bolt, L50|
|teampreview|4
|inactive|Battle timer is ON: inactive players will automatically lose when time's up. (requested by duoduoa)
|inactive|oliverfakemawn has 60 seconds left.
|
|t:|1750739833
|start
|switch|p1a: Lunala|Lunala, L50|100/100
|switch|p1b: Ursaluna|Ursaluna, L50, M|100/100
|switch|p2a: Ogerpon|Ogerpon-Hearthflame, L50, F|100/100
|switch|p2b: Rillaboom|Rillaboom, L50, M|100/100
|-ability|p2a: Ogerpon|Mold Breaker
|-fieldstart|move: Grassy Terrain|[from] ability: Grassy Surge|[of] p2b: Rillaboom
|turn|1
|
|t:|1750739853
|-terastallize|p2a: Ogerpon|Fire
|detailschange|p2a: Ogerpon|Ogerpon-Hearthflame-Tera, L50, F, tera:Fire
|-ability|p2a: Ogerpon|Embody Aspect (Hearthflame)|boost
|-boost|p2a: Ogerpon|atk|1
|move|p1b: Ursaluna|Protect|p1b: Ursaluna
|-singleturn|p1b: Ursaluna|Protect
|move|p2b: Rillaboom|Grassy Glide|p1a: Lunala
|-damage|p1a: Lunala|85/100
|move|p2a: Ogerpon|Ivy Cudgel|p1a: Lunala|[anim] Ivy Cudgel Fire
|-damage|p1a: Lunala|3/100
|move|p1a: Lunala|Trick Room|p1a: Lunala
|-fieldstart|move: Trick Room|[of] p1a: Lunala
|
|-heal|p1a: Lunala|9/100|[from] Grassy Terrain
|-status|p1b: Ursaluna|brn|[from] item: Flame Orb
|upkeep
|turn|2
|inactive|oliverfakemawn has 30 seconds left.
|inactive|duoduoa has 30 seconds left.
|inactive|oliverfakemawn has 20 seconds left.
|
|t:|1750739888
|switch|p1a: Grimmsnarl|Grimmsnarl, L50, M|100/100
|-terastallize|p1b: Ursaluna|Water
|move|p2a: Ogerpon|Grassy Glide|p1a: Grimmsnarl
|-damage|p1a: Grimmsnarl|41/100
|move|p1b: Ursaluna|Facade|p2b: Rillaboom
|-damage|p2b: Rillaboom|0 fnt
|faint|p2b: Rillaboom
|
|-heal|p1a: Grimmsnarl|47/100|[from] Grassy Terrain
|-damage|p1b: Ursaluna|95/100 brn|[from] brn
|upkeep
|
|t:|1750739907
|switch|p2b: Calyrex|Calyrex-Shadow, L50|100/100
|-ability|p2b: Calyrex|As One
|-ability|p2b: Calyrex|Unnerve
|turn|3
|inactive|oliverfakemawn has 30 seconds left.
|
|t:|1750739934
|move|p2a: Ogerpon|Grassy Glide|p1b: Ursaluna
|-supereffective|p1b: Ursaluna
|-damage|p1b: Ursaluna|13/100 brn
|move|p1b: Ursaluna|Headlong Rush|p2a: Ogerpon
|-supereffective|p2a: Ogerpon
|-damage|p2a: Ogerpon|0 fnt
|-unboost|p1b: Ursaluna|def|1
|-unboost|p1b: Ursaluna|spd|1
|faint|p2a: Ogerpon
|detailschange|p2: Ogerpon|Ogerpon-Hearthflame, L50, F|[silent]
|move|p1a: Grimmsnarl|Spirit Break|p2b: Calyrex
|-damage|p2b: Calyrex|59/100
|-unboost|p2b: Calyrex|spa|1
|move|p2b: Calyrex|Astral Barrage|p1b: Ursaluna|[spread] p1a,p1b
|-resisted|p1a: Grimmsnarl
|-damage|p1a: Grimmsnarl|31/100
|-damage|p1b: Ursaluna|0 fnt
|faint|p1b: Ursaluna
|-ability|p2b: Calyrex|Grim Neigh|boost
|-boost|p2b: Calyrex|spa|1
|
|-heal|p1a: Grimmsnarl|37/100|[from] Grassy Terrain
|-heal|p2b: Calyrex|65/100|[from] Grassy Terrain
|upkeep
|
|t:|1750739958
|switch|p1b: Sylveon|Sylveon, L50, F|100/100
|switch|p2a: Zamazenta|Zamazenta-Crowned, L50|100/100
|-ability|p2a: Zamazenta|Dauntless Shield|boost
|-boost|p2a: Zamazenta|def|1
|turn|4
|
|t:|1750739974
|move|p2b: Calyrex|Protect|p2b: Calyrex
|-singleturn|p2b: Calyrex|Protect
|move|p1a: Grimmsnarl|Light Screen|p1a: Grimmsnarl
|-sidestart|p1: oliverfakemawn|move: Light Screen
|move|p1b: Sylveon|Hyper Voice|p2a: Zamazenta|[spread] p2a
|-activate|p2b: Calyrex|move: Protect
|-damage|p2a: Zamazenta|77/100
|-enditem|p1b: Sylveon|Throat Spray
|-boost|p1b: Sylveon|spa|1|[from] item: Throat Spray
|move|p2a: Zamazenta|Heavy Slam|p1a: Grimmsnarl
|-supereffective|p1a: Grimmsnarl
|-damage|p1a: Grimmsnarl|0 fnt
|faint|p1a: Grimmsnarl
|
|-heal|p2a: Zamazenta|83/100|[from] Grassy Terrain
|-heal|p2b: Calyrex|71/100|[from] Grassy Terrain
|upkeep
|
|t:|1750739987
|switch|p1a: Lunala|Lunala, L50|9/100
|turn|5
|
|t:|1750739997
|move|p2a: Zamazenta|Wide Guard|p2a: Zamazenta
|-singleturn|p2a: Zamazenta|Wide Guard
|move|p1b: Sylveon|Hyper Beam|p2a: Zamazenta
|-damage|p2a: Zamazenta|4/100
|-mustrecharge|p1b: Sylveon
|move|p1a: Lunala|Moongeist Beam|p2b: Calyrex
|-supereffective|p2b: Calyrex
|-damage|p2b: Calyrex|0 fnt
|faint|p2b: Calyrex
|
|-heal|p1a: Lunala|15/100|[from] Grassy Terrain
|-heal|p2a: Zamazenta|10/100|[from] Grassy Terrain
|-fieldend|move: Trick Room
|-fieldend|move: Grassy Terrain
|upkeep
|turn|6
|-message|duoduoa forfeited.
|
|win|oliverfakemawn
|raw|oliverfakemawn's rating: 1328 &rarr; <strong>1350</strong><br />(+22 for winning)
|raw|duoduoa's rating: 1356 &rarr; <strong>1334</strong><br />(-22 for losing)
|l|☆duoduoa
|player|p2|
|l|☆oliverfakemawn
|player|p1|
