|j|☆IncineroarH8ter
|j|☆pepafrib
|t:|1750778817
|gametype|doubles
|player|p1|IncineroarH8ter|unknown|1370
|player|p2|pepafrib|170|1325
|teamsize|p1|6
|teamsize|p2|6
|gen|9
|tier|[Gen 9] VGC 2025 Reg I
|rated|
|rule|Species Clause: Limit one of each Pokémon
|rule|Item Clause: Limit 1 of each item
|clearpoke
|poke|p1|Lunala, L50|
|poke|p1|Annihilape, L50, M|
|poke|p1|Calyrex-Ice, L50|
|poke|p1|Grimmsnarl, L50, M|
|poke|p1|Indeedee-F, L50, F|
|poke|p1|Meowscarada, L50, F|
|poke|p2|Calyrex-Ice, L50|
|poke|p2|Kyogre, L50|
|poke|p2|Incineroar, L50, F|
|poke|p2|Flutter Mane, L50|
|poke|p2|Amoonguss, L50, F|
|poke|p2|Smeargle, L50, M|
|teampreview|4
|l|☆pepafrib
|player|p2|
|inactive|Battle timer is ON: inactive players will automatically lose when time's up. (requested by IncineroarH8ter)
|j|☆pepafrib
|inactive|pepafrib reconnected and has 65 seconds left.
|player|p2|pepafrib|170|
|inactive|pepafrib has 60 seconds left.
|
|t:|1750778904
|start
|switch|p1a: Lunala|Lunala, L50|100/100
|switch|p1b: Meowscarada|Meowscarada, L50, F|100/100
|switch|p2a: Calyrex|Calyrex-Ice, L50|100/100
|switch|p2b: Smeargle|Smeargle, L50, M|100/100
|-ability|p2a: Calyrex|As One
|-ability|p2a: Calyrex|Unnerve
|turn|1
|inactive|pepafrib has 30 seconds left.
|
|t:|1750778929
|-terastallize|p2a: Calyrex|Fairy
|move|p2b: Smeargle|Fake Out|p1b: Meowscarada
|-damage|p1b: Meowscarada|93/100
|cant|p1b: Meowscarada|flinch
|move|p1a: Lunala|Moongeist Beam|p2a: Calyrex
|-damage|p2a: Calyrex|68/100
|move|p2a: Calyrex|Leech Seed|p1a: Lunala
|-start|p1a: Lunala|move: Leech Seed
|
|-heal|p2a: Calyrex|74/100|[from] item: Leftovers
|-damage|p1a: Lunala|88/100|[from] Leech Seed|[of] p2a: Calyrex
|-heal|p2a: Calyrex|88/100|[silent]
|-ability|p2b: Smeargle|Moody|boost
|-boost|p2b: Smeargle|spe|2
|-unboost|p2b: Smeargle|def|1
|upkeep
|turn|2
|inactive|pepafrib has 30 seconds left.
|
|t:|1750778958
|move|p2a: Calyrex|Protect|p2a: Calyrex
|-singleturn|p2a: Calyrex|Protect
|move|p2b: Smeargle|Spore|p1a: Lunala
|-status|p1a: Lunala|slp|[from] move: Spore
|move|p1b: Meowscarada|Triple Axel|p2b: Smeargle
|-damage|p2b: Smeargle|79/100
|-damage|p2b: Smeargle|38/100
|-damage|p2b: Smeargle|0 fnt
|faint|p2b: Smeargle
|-hitcount|p2: Smeargle|3
|cant|p1a: Lunala|slp
|
|-heal|p2a: Calyrex|94/100|[from] item: Leftovers
|-damage|p1a: Lunala|76/100 slp|[from] Leech Seed|[of] p2a: Calyrex
|-heal|p2a: Calyrex|100/100|[silent]
|upkeep
|
|t:|1750778982
|switch|p2b: Kyogre|Kyogre, L50|100/100
|-weather|RainDance|[from] ability: Drizzle|[of] p2b: Kyogre
|turn|3
|
|t:|1750778999
|switch|p2b: Amoonguss|Amoonguss, L50, F|100/100
|move|p1b: Meowscarada|Protect|p1b: Meowscarada
|-singleturn|p1b: Meowscarada|Protect
|cant|p1a: Lunala|slp
|move|p2a: Calyrex|Glacial Lance|p1b: Meowscarada|[spread] p1a
|-activate|p1b: Meowscarada|move: Protect
|-damage|p1a: Lunala|30/100 slp
|
|-weather|RainDance|[upkeep]
|-damage|p1a: Lunala|18/100 slp|[from] Leech Seed|[of] p2a: Calyrex
|upkeep
|turn|4
|
|t:|1750779017
|switch|p1b: Indeedee|Indeedee-F, L50, F|100/100
|-fieldstart|move: Psychic Terrain|[from] ability: Psychic Surge|[of] p1b: Indeedee
|-enditem|p1b: Indeedee|Psychic Seed
|-boost|p1b: Indeedee|spd|1|[from] item: Psychic Seed
|move|p2a: Calyrex|Protect|p2a: Calyrex
|-singleturn|p2a: Calyrex|Protect
|-curestatus|p1a: Lunala|slp|[msg]
|move|p1a: Lunala|Expanding Force|p2a: Calyrex|[spread] p2b
|-activate|p2a: Calyrex|move: Protect
|-supereffective|p2b: Amoonguss
|-damage|p2b: Amoonguss|0 fnt
|faint|p2b: Amoonguss
|
|-weather|RainDance|[upkeep]
|-damage|p1a: Lunala|6/100|[from] Leech Seed|[of] p2a: Calyrex
|upkeep
|
|t:|1750779034
|switch|p2b: Kyogre|Kyogre, L50|100/100
|turn|5
|
|t:|1750779055
|move|p2b: Kyogre|Thunder|p1b: Indeedee
|-damage|p1b: Indeedee|74/100
|-status|p1b: Indeedee|par
|move|p1a: Lunala|Expanding Force|p2a: Calyrex|[spread] p2a,p2b
|-damage|p2a: Calyrex|57/100
|-damage|p2b: Kyogre|49/100
|move|p2a: Calyrex|Glacial Lance|p1b: Indeedee|[spread] p1a,p1b
|-damage|p1a: Lunala|0 fnt
|-damage|p1b: Indeedee|18/100 par
|faint|p1a: Lunala
|-ability|p2a: Calyrex|Chilling Neigh|boost
|-boost|p2a: Calyrex|atk|1
|cant|p1b: Indeedee|par
|
|-weather|RainDance|[upkeep]
|-heal|p2a: Calyrex|63/100|[from] item: Leftovers
|upkeep
|
|t:|1750779063
|switch|p1a: Meowscarada|Meowscarada, L50, F|93/100
|turn|6
|inactive|IncineroarH8ter has 30 seconds left.
|
|t:|1750779089
|-terastallize|p1a: Meowscarada|Grass
|move|p2b: Kyogre|Protect|p2b: Kyogre
|-singleturn|p2b: Kyogre|Protect
|move|p1a: Meowscarada|Flower Trick|p2a: Calyrex
|-crit|p2a: Calyrex
|-damage|p2a: Calyrex|18/100
|move|p2a: Calyrex|Glacial Lance|p1b: Indeedee|[spread] p1a,p1b
|-supereffective|p1a: Meowscarada
|-damage|p1a: Meowscarada|0 fnt
|-damage|p1b: Indeedee|0 fnt
|faint|p1a: Meowscarada
|faint|p1b: Indeedee
|-ability|p2a: Calyrex|Chilling Neigh|boost
|-boost|p2a: Calyrex|atk|2
|
|-weather|RainDance|[upkeep]
|-heal|p2a: Calyrex|24/100|[from] item: Leftovers
|upkeep
|
|t:|1750779098
|switch|p1b: Calyrex|Calyrex-Ice, L50|100/100
|-ability|p1b: Calyrex|As One
|-ability|p1b: Calyrex|Unnerve
|turn|7
|c|☆IncineroarH8ter|gg thought that would do more damage lol
|inactive|pepafrib has 30 seconds left.
|
|t:|1750779126
|move|p2b: Kyogre|Hydro Pump|p1b: Calyrex
|-damage|p1b: Calyrex|19/100
|move|p2a: Calyrex|Glacial Lance|p1b: Calyrex
|-resisted|p1b: Calyrex
|-damage|p1b: Calyrex|0 fnt
|faint|p1b: Calyrex
|
|win|pepafrib
|raw|IncineroarH8ter's rating: 1370 &rarr; <strong>1347</strong><br />(-23 for losing)
|raw|pepafrib's rating: 1325 &rarr; <strong>1348</strong><br />(+23 for winning)
|l|☆IncineroarH8ter
|player|p1|
