|j|☆ndkgjs
|j|☆Spirit15
|t:|1750749886
|gametype|doubles
|player|p1|ndkgjs|169|1116
|player|p2|Spirit15|170|1066
|teamsize|p1|6
|teamsize|p2|6
|gen|9
|tier|[Gen 9] VGC 2025 Reg I
|rated|
|rule|Species Clause: Limit one of each Pokémon
|rule|Item Clause: Limit 1 of each item
|clearpoke
|poke|p1|Garganacl, L50, F|
|poke|p1|Blastoise, L50, M|
|poke|p1|Zamazenta-*, L50|
|poke|p1|Mamoswine, L50, M|
|poke|p1|Calyrex-Shadow, L50|
|poke|p1|Rillaboom, L50, M|
|poke|p2|Incineroar, L50, M|
|poke|p2|Koraidon, L50|
|poke|p2|Flutter Mane, L50|
|poke|p2|Amoonguss, L50, M|
|poke|p2|Cresselia, L50, F|
|poke|p2|Dialga, L50|
|teampreview|4
|c|☆Spirit15|glhf
|inactive|Battle timer is ON: inactive players will automatically lose when time's up. (requested by ndkgjs)
|
|t:|1750749925
|start
|switch|p1a: Blastoise|Blastoise, L50, M|100/100
|switch|p1b: Garganacl|Garganacl, L50, F|100/100
|switch|p2a: Koraidon|Koraidon, L50|100/100
|switch|p2b: Flutter Mane|Flutter Mane, L50|100/100
|-weather|SunnyDay|[from] ability: Orichalcum Pulse|[of] p2a: Koraidon
|-activate|p2b: Flutter Mane|ability: Protosynthesis
|-start|p2b: Flutter Mane|protosynthesisspe
|-activate|p2a: Koraidon|Orichalcum Pulse|[source]
|turn|1
|
|t:|1750749943
|move|p1a: Blastoise|Fake Out|p2a: Koraidon
|-damage|p2a: Koraidon|92/100
|move|p2b: Flutter Mane|Moonblast|p1a: Blastoise
|-damage|p1a: Blastoise|62/100
|cant|p2a: Koraidon|flinch
|move|p1b: Garganacl|Salt Cure|p2b: Flutter Mane
|-damage|p2b: Flutter Mane|72/100
|-start|p2b: Flutter Mane|Salt Cure
|
|-weather|SunnyDay|[upkeep]
|-damage|p2b: Flutter Mane|60/100|[from] Salt Cure
|upkeep
|turn|2
|
|t:|1750749959
|-end|p2b: Flutter Mane|Protosynthesis|[silent]
|switch|p2b: Cresselia|Cresselia, L50, F|100/100
|move|p1b: Garganacl|Protect|p1b: Garganacl
|-singleturn|p1b: Garganacl|Protect
|move|p2a: Koraidon|Close Combat|p1b: Garganacl
|-activate|p1b: Garganacl|move: Protect
|move|p1a: Blastoise|Yawn|p2a: Koraidon
|-start|p2a: Koraidon|move: Yawn|[of] p1a: Blastoise
|
|-weather|SunnyDay|[upkeep]
|-damage|p2b: Cresselia|88/100|[from] item: Black Sludge
|upkeep
|turn|3
|inactive|Spirit15 has 30 seconds left.
|
|t:|1750749987
|switch|p2a: Dialga|Dialga, L50|100/100
|-ability|p2a: Dialga|Pressure
|switch|p1b: Calyrex|Calyrex-Shadow, L50|100/100
|-ability|p1b: Calyrex|As One
|-ability|p1b: Calyrex|Unnerve
|move|p2b: Cresselia|Trick|p1b: Calyrex
|-activate|p2b: Cresselia|move: Trick|[of] p1b: Calyrex
|-item|p1b: Calyrex|Black Sludge|[from] move: Trick
|-item|p2b: Cresselia|Life Orb|[from] move: Trick
|move|p1a: Blastoise|Flip Turn|p2a: Dialga
|-resisted|p2a: Dialga
|-damage|p2a: Dialga|97/100
|
|t:|1750749990
|switch|p1a: Garganacl|Garganacl, L50, F|100/100|[from] Flip Turn
|
|-weather|SunnyDay|[upkeep]
|-damage|p1b: Calyrex|88/100|[from] item: Black Sludge
|upkeep
|turn|4
|inactive|Spirit15 has 30 seconds left.
|
|t:|1750750018
|-terastallize|p1a: Garganacl|Poison
|move|p2b: Cresselia|Protect|p2b: Cresselia
|-singleturn|p2b: Cresselia|Protect
|move|p1b: Calyrex|Astral Barrage|p2b: Cresselia|[spread] p2a
|-activate|p2b: Cresselia|move: Protect
|-damage|p2a: Dialga|55/100
|move|p2a: Dialga|Stealth Rock|p1a: Garganacl
|-sidestart|p1: ndkgjs|move: Stealth Rock
|move|p1a: Garganacl|Salt Cure|p2b: Cresselia
|-activate|p2b: Cresselia|move: Protect
|
|-weather|SunnyDay|[upkeep]
|-damage|p1b: Calyrex|76/100|[from] item: Black Sludge
|upkeep
|turn|5
|inactive|Spirit15 has 30 seconds left.
|
|t:|1750750046
|-terastallize|p2b: Cresselia|Water
|move|p1b: Calyrex|Astral Barrage|p2a: Dialga|[spread] p2a,p2b
|-damage|p2a: Dialga|8/100
|-damage|p2b: Cresselia|62/100
|move|p2a: Dialga|Draco Meteor|p1b: Calyrex
|-crit|p1b: Calyrex
|-damage|p1b: Calyrex|0 fnt
|-unboost|p2a: Dialga|spa|2
|-enditem|p2a: Dialga|Sitrus Berry|[eat]
|-heal|p2a: Dialga|33/100|[from] item: Sitrus Berry
|faint|p1b: Calyrex
|move|p2b: Cresselia|Icy Wind|p1a: Garganacl|[miss]
|-miss|p2b: Cresselia|p1a: Garganacl
|move|p1a: Garganacl|Iron Defense|p1a: Garganacl
|-boost|p1a: Garganacl|def|2
|
|-weather|none
|upkeep
|
|t:|1750750050
|switch|p1b: Zamazenta|Zamazenta-Crowned, L50|100/100
|-damage|p1b: Zamazenta|98/100|[from] Stealth Rock
|-ability|p1b: Zamazenta|Dauntless Shield|boost
|-boost|p1b: Zamazenta|def|1
|turn|6
|inactive|Spirit15 has 30 seconds left.
|
|t:|1750750078
|switch|p2a: Koraidon|Koraidon, L50|92/100
|-weather|SunnyDay|[from] ability: Orichalcum Pulse|[of] p2a: Koraidon
|-activate|p2a: Koraidon|Orichalcum Pulse|[source]
|move|p1b: Zamazenta|Body Press|p2a: Koraidon
|-damage|p2a: Koraidon|25/100
|move|p2b: Cresselia|Icy Wind|p1b: Zamazenta|[spread] p1a,p1b
|-resisted|p1b: Zamazenta
|-damage|p1a: Garganacl|94/100
|-damage|p1b: Zamazenta|94/100
|-unboost|p1a: Garganacl|spe|1
|-unboost|p1b: Zamazenta|spe|1
|-damage|p2b: Cresselia|52/100|[from] item: Life Orb
|move|p1a: Garganacl|Salt Cure|p2b: Cresselia
|-damage|p2b: Cresselia|40/100
|-start|p2b: Cresselia|Salt Cure
|
|-weather|SunnyDay|[upkeep]
|-heal|p1a: Garganacl|99/100|[from] item: Leftovers
|-damage|p2b: Cresselia|15/100|[from] Salt Cure
|upkeep
|turn|7
|inactive|Spirit15 has 30 seconds left.
|
|t:|1750750103
|move|p1b: Zamazenta|Protect|p1b: Zamazenta
|-singleturn|p1b: Zamazenta|Protect
|move|p2a: Koraidon|Close Combat|p1b: Zamazenta
|-activate|p1b: Zamazenta|move: Protect
|move|p2b: Cresselia|Trick|p1a: Garganacl
|-activate|p2b: Cresselia|move: Trick|[of] p1a: Garganacl
|-item|p1a: Garganacl|Life Orb|[from] move: Trick
|-item|p2b: Cresselia|Leftovers|[from] move: Trick
|move|p1a: Garganacl|Salt Cure|p2a: Koraidon
|-resisted|p2a: Koraidon
|-damage|p2a: Koraidon|16/100
|-start|p2a: Koraidon|Salt Cure
|-damage|p1a: Garganacl|90/100|[from] item: Life Orb
|
|-weather|SunnyDay|[upkeep]
|-heal|p2b: Cresselia|22/100|[from] item: Leftovers
|-damage|p2a: Koraidon|4/100|[from] Salt Cure
|-damage|p2b: Cresselia|0 fnt|[from] Salt Cure
|faint|p2b: Cresselia
|upkeep
|
|t:|1750750119
|switch|p2b: Flutter Mane|Flutter Mane, L50|60/100
|-activate|p2b: Flutter Mane|ability: Protosynthesis
|-start|p2b: Flutter Mane|protosynthesisspe
|turn|8
|
|t:|1750750133
|switch|p1b: Blastoise|Blastoise, L50, M|62/100
|-damage|p1b: Blastoise|49/100|[from] Stealth Rock
|-enditem|p1b: Blastoise|Sitrus Berry|[eat]
|-heal|p1b: Blastoise|74/100|[from] item: Sitrus Berry
|move|p2b: Flutter Mane|Shadow Ball|p1a: Garganacl
|-damage|p1a: Garganacl|75/100
|move|p2a: Koraidon|Close Combat|p1b: Blastoise
|-damage|p1b: Blastoise|0 fnt
|-unboost|p2a: Koraidon|def|1
|-unboost|p2a: Koraidon|spd|1
|faint|p1b: Blastoise
|-damage|p2a: Koraidon|0 fnt|[from] item: Life Orb
|faint|p2a: Koraidon
|move|p1a: Garganacl|Salt Cure|p2b: Flutter Mane
|-damage|p2b: Flutter Mane|20/100
|-start|p2b: Flutter Mane|Salt Cure
|-damage|p1a: Garganacl|65/100|[from] item: Life Orb
|
|-weather|SunnyDay|[upkeep]
|-damage|p2b: Flutter Mane|8/100|[from] Salt Cure
|upkeep
|
|t:|1750750153
|switch|p2a: Dialga|Dialga, L50|33/100
|switch|p1b: Zamazenta|Zamazenta-Crowned, L50|94/100
|-damage|p1b: Zamazenta|91/100|[from] Stealth Rock
|-ability|p2a: Dialga|Pressure
|turn|9
|
|t:|1750750172
|move|p1b: Zamazenta|Protect|p1b: Zamazenta
|-singleturn|p1b: Zamazenta|Protect
|move|p1a: Garganacl|Protect|p1a: Garganacl
|-singleturn|p1a: Garganacl|Protect
|move|p2b: Flutter Mane|Shadow Ball|p1a: Garganacl
|-activate|p1a: Garganacl|move: Protect
|move|p2a: Dialga|Draco Meteor|p1a: Garganacl
|-activate|p1a: Garganacl|move: Protect
|
|-weather|SunnyDay|[upkeep]
|-damage|p2b: Flutter Mane|0 fnt|[from] Salt Cure
|faint|p2b: Flutter Mane
|-end|p2b: Flutter Mane|Protosynthesis|[silent]
|upkeep
|turn|10
|
|t:|1750750187
|move|p1b: Zamazenta|Body Press|p2a: Dialga
|-supereffective|p2a: Dialga
|-damage|p2a: Dialga|0 fnt
|faint|p2a: Dialga
|
|win|ndkgjs
|raw|ndkgjs's rating: 1116 &rarr; <strong>1137</strong><br />(+21 for winning)
|raw|Spirit15's rating: 1066 &rarr; <strong>1049</strong><br />(-17 for losing)
|l|☆Spirit15
|player|p2|
|l|☆ndkgjs
|player|p1|
