|j|☆Rx0000
|j|☆AaronAstro
|t:|1750719625
|gametype|doubles
|player|p1|Rx0000|nate|1205
|player|p2|AaronAstro|ethan|1223
|teamsize|p1|6
|teamsize|p2|6
|gen|9
|tier|[Gen 9] VGC 2025 Reg I
|rated|
|rule|Species Clause: Limit one of each Pokémon
|rule|Item Clause: Limit 1 of each item
|clearpoke
|poke|p1|Calyrex-Ice, L50|
|poke|p1|Indeedee-F, L50, F|
|poke|p1|Kyogre, L50|
|poke|p1|Archaludon, L50, M|
|poke|p1|Ursaluna, L50, M|
|poke|p1|Grimmsnarl, L50, M|
|poke|p2|Seedot, L50, F|
|poke|p2|Calyrex-Ice, L50|
|poke|p2|Farigiraf, L50, F|
|poke|p2|Miraidon, L50|
|poke|p2|Iron Hands, L50|
|poke|p2|Incineroar, L50, F|
|teampreview|4
|inactive|Battle timer is ON: inactive players will automatically lose when time's up. (requested by Rx0000)
|
|t:|1750719648
|start
|switch|p1a: Indeedee|Indeedee-F, L50, F|100/100
|switch|p1b: Calyrex|Calyrex-Ice, L50|100/100
|switch|p2a: Calyrex|Calyrex-Ice, L50|100/100
|switch|p2b: Seedot|Seedot, L50, F|100/100
|-ability|p1b: Calyrex|As One
|-ability|p1b: Calyrex|Unnerve
|-ability|p2a: Calyrex|As One
|-ability|p2a: Calyrex|Unnerve
|-fieldstart|move: Psychic Terrain|[from] ability: Psychic Surge|[of] p1a: Indeedee
|-enditem|p1a: Indeedee|Psychic Seed
|-boost|p1a: Indeedee|spd|1|[from] item: Psychic Seed
|turn|1
|
|t:|1750719669
|move|p1a: Indeedee|Helping Hand|p1b: Calyrex
|-singleturn|p1b: Calyrex|Helping Hand|[of] p1a: Indeedee
|move|p1b: Calyrex|Protect|p1b: Calyrex
|-singleturn|p1b: Calyrex|Protect
|move|p2b: Seedot|Endure|p2b: Seedot
|-singleturn|p2b: Seedot|move: Endure
|move|p2a: Calyrex|Trick Room|p2a: Calyrex
|-fieldstart|move: Trick Room|[of] p2a: Calyrex
|
|upkeep
|turn|2
|
|t:|1750719688
|move|p1a: Indeedee|Helping Hand|p1b: Calyrex
|-singleturn|p1b: Calyrex|Helping Hand|[of] p1a: Indeedee
|move|p2b: Seedot|Endure||[still]
|-fail|p2b: Seedot
|move|p2a: Calyrex|Glacial Lance|p1a: Indeedee|[spread] p1a,p1b
|-resisted|p1b: Calyrex
|-damage|p1a: Indeedee|39/100
|-damage|p1b: Calyrex|82/100
|move|p1b: Calyrex|Glacial Lance|p2a: Calyrex|[spread] p2a,p2b
|-resisted|p2a: Calyrex
|-supereffective|p2b: Seedot
|-crit|p2b: Seedot
|-damage|p2a: Calyrex|74/100
|-enditem|p2b: Seedot|Focus Sash
|-damage|p2b: Seedot|1/100
|
|upkeep
|turn|3
|
|t:|1750719706
|move|p2b: Seedot|Endeavor|p1b: Calyrex
|-damage|p1b: Calyrex|1/100
|move|p2a: Calyrex|Glacial Lance|p1a: Indeedee|[spread] p1a,p1b
|-resisted|p1b: Calyrex
|-damage|p1a: Indeedee|0 fnt
|-damage|p1b: Calyrex|0 fnt
|faint|p1a: Indeedee
|faint|p1b: Calyrex
|-ability|p2a: Calyrex|Chilling Neigh|boost
|-boost|p2a: Calyrex|atk|2
|
|upkeep
|
|t:|1750719710
|switch|p1b: Ursaluna|Ursaluna, L50, M|100/100
|switch|p1a: Kyogre|Kyogre, L50|100/100
|-weather|RainDance|[from] ability: Drizzle|[of] p1a: Kyogre
|turn|4
|
|t:|1750719728
|-terastallize|p1b: Ursaluna|Ghost
|move|p2b: Seedot|Endure|p2b: Seedot
|-singleturn|p2b: Seedot|move: Endure
|move|p1a: Kyogre|Protect|p1a: Kyogre
|-singleturn|p1a: Kyogre|Protect
|move|p2a: Calyrex|Glacial Lance|p1a: Kyogre|[spread] p1b
|-activate|p1a: Kyogre|move: Protect
|-damage|p1b: Ursaluna|18/100
|move|p1b: Ursaluna|Facade|p2a: Calyrex
|-damage|p2a: Calyrex|51/100
|
|-weather|RainDance|[upkeep]
|-status|p1b: Ursaluna|brn|[from] item: Flame Orb
|upkeep
|turn|5
|-message|Rx0000 forfeited.
|
|win|AaronAstro
|raw|Rx0000's rating: 1205 &rarr; <strong>1181</strong><br />(-24 for losing)
|raw|AaronAstro's rating: 1223 &rarr; <strong>1247</strong><br />(+24 for winning)
|l|☆Rx0000
|player|p1|
