|j|☆Tikotron3826
|j|☆xxcaptainarchiexx
|t:|1750876458
|gametype|doubles
|player|p1|Tikotron3826|2|1386
|player|p2|xxcaptainarchiexx|265|1414
|teamsize|p1|6
|teamsize|p2|6
|gen|9
|tier|[Gen 9] VGC 2025 Reg I
|rated|
|rule|Species Clause: Limit one of each Pokémon
|rule|Item Clause: Limit 1 of each item
|clearpoke
|poke|p1|Lunala, L50|
|poke|p1|Miraidon, L50|
|poke|p1|Grimmsnarl, L50, M|
|poke|p1|Urshifu-*, L50, M|
|poke|p1|Heatran, L50, F|
|poke|p1|Amoonguss, L50, F|
|poke|p2|Calyrex-Ice, L50|
|poke|p2|Miraidon, L50|
|poke|p2|Grimmsnarl, L50, M|
|poke|p2|Urshifu-*, L50, F|
|poke|p2|Incineroar, L50, M|
|poke|p2|Landorus, L50, M|
|teampreview|4
|inactive|Battle timer is ON: inactive players will automatically lose when time's up. (requested by xxcaptainarchiexx)
|inactive|xxcaptainarchiexx has 60 seconds left.
|
|t:|1750876509
|start
|switch|p1a: Grimmsnarl|Grimmsnarl, L50, M, shiny|100/100
|switch|p1b: Urshifu|Urshifu-Rapid-Strike, L50, M|100/100
|switch|p2a: Calyrex|Calyrex-Ice, L50|100/100
|switch|p2b: Miraidon|Miraidon, L50|100/100
|-ability|p2a: Calyrex|As One
|-ability|p2a: Calyrex|Unnerve
|-fieldstart|move: Electric Terrain|[from] ability: Hadron Engine|[of] p2b: Miraidon
|turn|1
|
|t:|1750876520
|move|p1b: Urshifu|Detect|p1b: Urshifu
|-singleturn|p1b: Urshifu|Protect
|move|p2b: Miraidon|Electro Drift|p1b: Urshifu
|-activate|p1b: Urshifu|move: Protect
|move|p1a: Grimmsnarl|Spirit Break|p2b: Miraidon
|-supereffective|p2b: Miraidon
|-damage|p2b: Miraidon|48/100
|-unboost|p2b: Miraidon|spa|1
|move|p2a: Calyrex|Glacial Lance|p1a: Grimmsnarl|[spread] p1a
|-activate|p1b: Urshifu|move: Protect
|-damage|p1a: Grimmsnarl|46/100
|
|upkeep
|turn|2
|inactive|Tikotron3826 has 30 seconds left.
|
|t:|1750876552
|switch|p2b: Incineroar|Incineroar, L50, M|100/100
|-ability|p2b: Incineroar|Intimidate|boost
|-unboost|p1a: Grimmsnarl|atk|1
|-unboost|p1b: Urshifu|atk|1
|-terastallize|p1b: Urshifu|Stellar
|move|p1a: Grimmsnarl|Reflect|p1a: Grimmsnarl
|-sidestart|p1: Tikotron3826|Reflect
|move|p1b: Urshifu|Close Combat|p2a: Calyrex
|-damage|p2a: Calyrex|64/100
|-unboost|p1b: Urshifu|def|1
|-unboost|p1b: Urshifu|spd|1
|move|p2a: Calyrex|Glacial Lance|p1a: Grimmsnarl|[spread] p1a,p1b
|-resisted|p1b: Urshifu
|-damage|p1a: Grimmsnarl|10/100
|-damage|p1b: Urshifu|73/100
|
|-heal|p2a: Calyrex|70/100|[from] item: Leftovers
|upkeep
|turn|3
|
|t:|1750876564
|move|p1b: Urshifu|Detect|p1b: Urshifu
|-singleturn|p1b: Urshifu|Protect
|move|p2b: Incineroar|Fake Out|p1b: Urshifu
|-activate|p1b: Urshifu|move: Protect
|move|p1a: Grimmsnarl|Thunder Wave|p2a: Calyrex
|-status|p2a: Calyrex|par
|move|p2a: Calyrex|Glacial Lance|p1b: Urshifu|[spread] p1a
|-activate|p1b: Urshifu|move: Protect
|-damage|p1a: Grimmsnarl|0 fnt
|faint|p1a: Grimmsnarl
|-ability|p2a: Calyrex|Chilling Neigh|boost
|-boost|p2a: Calyrex|atk|1
|
|-heal|p2a: Calyrex|75/100 par|[from] item: Leftovers
|upkeep
|
|t:|1750876570
|switch|p1a: Heatran|Heatran, L50, F|100/100
|turn|4
|
|t:|1750876590
|-terastallize|p2a: Calyrex|Water
|move|p1b: Urshifu|Surging Strikes|p2b: Incineroar
|-supereffective|p2b: Incineroar
|-crit|p2b: Incineroar
|-damage|p2b: Incineroar|49/100
|-supereffective|p2b: Incineroar
|-crit|p2b: Incineroar
|-damage|p2b: Incineroar|0 fnt
|faint|p2b: Incineroar
|-hitcount|p2: Incineroar|2
|move|p1a: Heatran|Heat Wave|p2a: Calyrex
|-resisted|p2a: Calyrex
|-damage|p2a: Calyrex|62/100 par
|cant|p2a: Calyrex|par
|
|-heal|p2a: Calyrex|68/100 par|[from] item: Leftovers
|upkeep
|
|t:|1750876592
|switch|p2b: Miraidon|Miraidon, L50|48/100
|-activate|p2b: Miraidon|ability: Hadron Engine
|turn|5
|
|t:|1750876612
|switch|p1b: Lunala|Lunala, L50, shiny|100/100
|-enditem|p1b: Lunala|Electric Seed
|-boost|p1b: Lunala|def|1|[from] item: Electric Seed
|move|p2b: Miraidon|Electro Drift|p1b: Lunala
|-damage|p1b: Lunala|55/100
|move|p1a: Heatran|Earth Power|p2b: Miraidon
|-supereffective|p2b: Miraidon
|-damage|p2b: Miraidon|5/100
|move|p2a: Calyrex|Leech Seed|p1a: Heatran
|-start|p1a: Heatran|move: Leech Seed
|
|-heal|p2a: Calyrex|73/100 par|[from] item: Leftovers
|-damage|p1a: Heatran|88/100|[from] Leech Seed|[of] p2a: Calyrex
|-heal|p2a: Calyrex|85/100 par|[silent]
|-fieldend|move: Electric Terrain
|upkeep
|turn|6
|
|t:|1750876627
|move|p2b: Miraidon|Electro Drift|p1a: Heatran
|-damage|p1a: Heatran|29/100
|move|p1b: Lunala|Calm Mind|p1b: Lunala
|-boost|p1b: Lunala|spa|1
|-boost|p1b: Lunala|spd|1
|move|p1a: Heatran|Earth Power|p2b: Miraidon
|-supereffective|p2b: Miraidon
|-damage|p2b: Miraidon|0 fnt
|faint|p2b: Miraidon
|move|p2a: Calyrex|Glacial Lance|p1b: Lunala|[spread] p1a,p1b
|-resisted|p1a: Heatran
|-damage|p1a: Heatran|18/100
|-damage|p1b: Lunala|25/100
|
|-heal|p2a: Calyrex|91/100 par|[from] item: Leftovers
|-damage|p1a: Heatran|6/100|[from] Leech Seed|[of] p2a: Calyrex
|-heal|p2a: Calyrex|100/100 par|[silent]
|upkeep
|
|t:|1750876632
|switch|p2b: Landorus|Landorus, L50, M|100/100
|turn|7
|
|t:|1750876643
|move|p2b: Landorus|Protect|p2b: Landorus
|-singleturn|p2b: Landorus|Protect
|move|p1b: Lunala|Wide Guard|p1b: Lunala
|-singleturn|p1b: Lunala|Wide Guard
|move|p1a: Heatran|Flash Cannon|p2b: Landorus
|-activate|p2b: Landorus|move: Protect
|move|p2a: Calyrex|Glacial Lance|p1b: Lunala|[spread] 
|-activate|p1a: Heatran|move: Wide Guard
|-activate|p1b: Lunala|move: Wide Guard
|
|-damage|p1a: Heatran|0 fnt|[from] Leech Seed|[of] p2a: Calyrex
|faint|p1a: Heatran
|upkeep
|
|t:|1750876646
|switch|p1a: Urshifu|Urshifu-Rapid-Strike, L50, M, tera:Stellar|73/100
|turn|8
|
|t:|1750876658
|move|p1a: Urshifu|Surging Strikes|p2b: Landorus
|-supereffective|p2b: Landorus
|-crit|p2b: Landorus
|-damage|p2b: Landorus|60/100
|-supereffective|p2b: Landorus
|-crit|p2b: Landorus
|-damage|p2b: Landorus|14/100
|-supereffective|p2b: Landorus
|-crit|p2b: Landorus
|-damage|p2b: Landorus|0 fnt
|faint|p2b: Landorus
|-hitcount|p2: Landorus|3
|move|p1b: Lunala|Moongeist Beam|p2a: Calyrex
|-damage|p2a: Calyrex|45/100 par
|move|p2a: Calyrex|Glacial Lance|p1b: Lunala|[spread] p1a,p1b
|-resisted|p1a: Urshifu
|-damage|p1a: Urshifu|47/100
|-damage|p1b: Lunala|0 fnt
|faint|p1b: Lunala
|-ability|p2a: Calyrex|Chilling Neigh|boost
|-boost|p2a: Calyrex|atk|1
|
|-heal|p2a: Calyrex|51/100 par|[from] item: Leftovers
|upkeep
|turn|9
|
|t:|1750876678
|move|p1a: Urshifu|Close Combat|p2a: Calyrex
|-damage|p2a: Calyrex|6/100 par
|-unboost|p1a: Urshifu|def|1
|-unboost|p1a: Urshifu|spd|1
|move|p2a: Calyrex|Glacial Lance|p1a: Urshifu
|-resisted|p1a: Urshifu
|-damage|p1a: Urshifu|0 fnt
|faint|p1a: Urshifu
|
|win|xxcaptainarchiexx
|raw|Tikotron3826's rating: 1386 &rarr; <strong>1368</strong><br />(-18 for losing)
|raw|xxcaptainarchiexx's rating: 1414 &rarr; <strong>1432</strong><br />(+18 for winning)
|l|☆Tikotron3826
|player|p1|
