|j|☆BlznFrnzy
|j|☆Mindless_99
|t:|1750827195
|gametype|doubles
|player|p1|BlznFrnzy|1|1228
|player|p2|Mindless_99|265|1291
|teamsize|p1|6
|teamsize|p2|6
|gen|9
|tier|[Gen 9] VGC 2025 Reg I
|rated|
|rule|Species Clause: Limit one of each Pokémon
|rule|Item Clause: Limit 1 of each item
|clearpoke
|poke|p1|Moltres-Galar, L50|
|poke|p1|Kyogre, L50|
|poke|p1|Rillaboom, L50, M|
|poke|p1|Comfey, L50, M|
|poke|p1|Zamazenta-*, L50|
|poke|p1|Landorus, L50, M|
|poke|p2|Weezing-Galar, L50, M|
|poke|p2|Calyrex-Shadow, L50|
|poke|p2|Incineroar, L50, M|
|poke|p2|Ogerpon-Wellspring, L50, F|
|poke|p2|Zamazenta-*, L50|
|poke|p2|Flutter Mane, L50|
|teampreview|4
BlznFrnzy rejected open team sheets.
|inactive|Battle timer is ON: inactive players will automatically lose when time's up. (requested by BlznFrnzy)
|inactive|Mindless_99 has 60 seconds left.
|inactive|Mindless_99 has 30 seconds left.
|
|t:|1750827292
|start
|switch|p1a: Kyogre|Kyogre, L50|100/100
|switch|p1b: Rillaboom|Rillaboom, L50, M|100/100
|switch|p2a: Weezing|Weezing-Galar, L50, M|100/100
|switch|p2b: Calyrex|Calyrex-Shadow, L50|100/100
|-ability|p2a: Weezing|Neutralizing Gas
|-ability|p2b: Calyrex|As One
|-ability|p2b: Calyrex|Unnerve
|turn|1
|inactive|BlznFrnzy has 30 seconds left.
|
|t:|1750827320
|-terastallize|p1a: Kyogre|Water
|move|p1a: Kyogre|Water Spout|p2b: Calyrex|[spread] p2a,p2b
|-damage|p2a: Weezing|14/100
|-damage|p2b: Calyrex|4/100
|move|p2b: Calyrex|Astral Barrage|p1a: Kyogre|[spread] p1a,p1b
|-damage|p1a: Kyogre|60/100
|-damage|p1b: Rillaboom|65/100
|move|p1b: Rillaboom|U-turn|p2a: Weezing
|-resisted|p2a: Weezing
|-damage|p2a: Weezing|10/100
|
|t:|1750827330
|switch|p1b: Comfey|Comfey, L50, M|100/100|[from] U-turn
|move|p2a: Weezing|Poison Gas|p1a: Kyogre|[spread] p1a,p1b
|-status|p1a: Kyogre|psn
|-status|p1b: Comfey|psn
|
|-damage|p1a: Kyogre|48/100 psn|[from] psn
|-damage|p1b: Comfey|88/100 psn|[from] psn
|upkeep
|turn|2
|inactive|Mindless_99 has 30 seconds left.
|
|t:|1750827356
|switch|p2b: Zamazenta|Zamazenta-Crowned, L50|100/100
|move|p2a: Weezing|Protect|p2a: Weezing
|-singleturn|p2a: Weezing|Protect
|move|p1a: Kyogre|Water Spout|p2a: Weezing|[spread] p2b
|-activate|p2a: Weezing|move: Protect
|-damage|p2b: Zamazenta|79/100
|move|p1b: Comfey|Floral Healing|p1a: Kyogre
|-heal|p1a: Kyogre|99/100 psn
|
|-damage|p1a: Kyogre|87/100 psn|[from] psn
|-damage|p1b: Comfey|76/100 psn|[from] psn
|upkeep
|turn|3
|inactive|BlznFrnzy has 30 seconds left.
|inactive|BlznFrnzy has 20 seconds left.
|
|t:|1750827392
|switch|p1a: Zamazenta|Zamazenta-Crowned, L50|100/100
|switch|p1b: Rillaboom|Rillaboom, L50, M|65/100
|move|p2b: Zamazenta|Wide Guard|p2b: Zamazenta
|-singleturn|p2b: Zamazenta|Wide Guard
|move|p2a: Weezing|Taunt|p1b: Rillaboom
|-start|p1b: Rillaboom|move: Taunt
|
|upkeep
|turn|4
|
|t:|1750827413
|move|p2b: Zamazenta|Protect||[still]
|-fail|p2b: Zamazenta
|move|p2a: Weezing|Protect|p2a: Weezing
|-singleturn|p2a: Weezing|Protect
|move|p1a: Zamazenta|Body Press|p2b: Zamazenta
|-supereffective|p2b: Zamazenta
|-damage|p2b: Zamazenta|18/100
|move|p1b: Rillaboom|Wood Hammer|p2a: Weezing
|-activate|p2a: Weezing|move: Protect
|
|upkeep
|turn|5
|
|t:|1750827427
|switch|p2b: Calyrex|Calyrex-Shadow, L50|4/100
|-ability|p2b: Calyrex|As One
|-ability|p2b: Calyrex|Unnerve
|move|p1a: Zamazenta|Body Press|p2b: Calyrex
|-immune|p2b: Calyrex
|move|p1b: Rillaboom|Wood Hammer|p2a: Weezing
|-resisted|p2a: Weezing
|-damage|p2a: Weezing|0 fnt
|faint|p2a: Weezing
|-end|p2a: Weezing|ability: Neutralizing Gas
|-ability|p1a: Zamazenta|Dauntless Shield|boost
|-boost|p1a: Zamazenta|def|1
|-fieldstart|move: Grassy Terrain|[from] ability: Grassy Surge|[of] p1b: Rillaboom
|-damage|p1b: Rillaboom|63/100|[from] Recoil
|
|-heal|p2b: Calyrex|10/100|[from] Grassy Terrain
|-heal|p1b: Rillaboom|69/100|[from] Grassy Terrain
|-end|p1b: Rillaboom|move: Taunt
|upkeep
|
|t:|1750827451
|switch|p2a: Zamazenta|Zamazenta-Crowned, L50|18/100
|-ability|p2a: Zamazenta|Dauntless Shield|boost
|-boost|p2a: Zamazenta|def|1
|turn|6
|
|t:|1750827466
|move|p2b: Calyrex|Protect|p2b: Calyrex
|-singleturn|p2b: Calyrex|Protect
|move|p1b: Rillaboom|Grassy Glide|p2b: Calyrex
|-activate|p2b: Calyrex|move: Protect
|move|p2a: Zamazenta|Body Press|p1a: Zamazenta
|-supereffective|p1a: Zamazenta
|-damage|p1a: Zamazenta|59/100
|move|p1a: Zamazenta|Body Press|p2a: Zamazenta
|-supereffective|p2a: Zamazenta
|-damage|p2a: Zamazenta|0 fnt
|faint|p2a: Zamazenta
|
|-heal|p2b: Calyrex|16/100|[from] Grassy Terrain
|-heal|p1a: Zamazenta|66/100|[from] Grassy Terrain
|-heal|p1b: Rillaboom|74/100|[from] Grassy Terrain
|upkeep
|
|t:|1750827480
|switch|p2a: Ogerpon|Ogerpon-Wellspring, L50, F|100/100
|turn|7
|inactive|BlznFrnzy has 30 seconds left.
|
|t:|1750827506
|-terastallize|p2b: Calyrex|Ground
|move|p1a: Zamazenta|Wide Guard|p1a: Zamazenta
|-singleturn|p1a: Zamazenta|Wide Guard
|move|p2a: Ogerpon|Follow Me|p2a: Ogerpon
|-singleturn|p2a: Ogerpon|move: Follow Me
|move|p2b: Calyrex|Tera Blast|p1a: Zamazenta|[anim] Tera Blast Ground
|-supereffective|p1a: Zamazenta
|-damage|p1a: Zamazenta|0 fnt
|faint|p1a: Zamazenta
|-ability|p2b: Calyrex|Grim Neigh|boost
|-boost|p2b: Calyrex|spa|1
|move|p1b: Rillaboom|Wood Hammer|p2a: Ogerpon
|-damage|p2a: Ogerpon|8/100
|-damage|p1b: Rillaboom|50/100|[from] Recoil
|
|-heal|p2b: Calyrex|23/100|[from] Grassy Terrain
|-heal|p2a: Ogerpon|14/100|[from] Grassy Terrain
|-heal|p1b: Rillaboom|56/100|[from] Grassy Terrain
|upkeep
|
|t:|1750827521
|switch|p1a: Kyogre|Kyogre, L50, tera:Water|87/100 psn
|-weather|RainDance|[from] ability: Drizzle|[of] p1a: Kyogre
|turn|8
|
|t:|1750827538
|move|p2b: Calyrex|Protect|p2b: Calyrex
|-singleturn|p2b: Calyrex|Protect
|move|p1b: Rillaboom|Grassy Glide|p2a: Ogerpon
|-damage|p2a: Ogerpon|0 fnt
|faint|p2a: Ogerpon
|move|p1a: Kyogre|Water Spout|p2b: Calyrex
|-activate|p2b: Calyrex|move: Protect
|
|-weather|RainDance|[upkeep]
|-heal|p1a: Kyogre|92/100 psn|[from] Grassy Terrain
|-heal|p2b: Calyrex|29/100|[from] Grassy Terrain
|-heal|p1b: Rillaboom|62/100|[from] Grassy Terrain
|-damage|p1a: Kyogre|80/100 psn|[from] psn
|upkeep
|turn|9
|-message|Mindless_99 forfeited.
|
|win|BlznFrnzy
|raw|BlznFrnzy's rating: 1228 &rarr; <strong>1257</strong><br />(+29 for winning)
|raw|Mindless_99's rating: 1291 &rarr; <strong>1262</strong><br />(-29 for losing)
|l|☆Mindless_99
|player|p2|
|c|☆BlznFrnzy|gg
|l|☆BlznFrnzy
|player|p1|
