|j|☆Cdogp
|j|☆imnotagni
|t:|1750804470
|gametype|doubles
|player|p1|Cdogp|wattson|1574
|player|p2|imnotagni|policeman-gen7|1641
|teamsize|p1|6
|teamsize|p2|6
|gen|9
|tier|[Gen 9] VGC 2025 Reg I
|rated|
|rule|Species Clause: Limit one of each Pokémon
|rule|Item Clause: Limit 1 of each item
|clearpoke
|poke|p1|Whimsicott, L50, M|
|poke|p1|Urshifu-*, L50, F|
|poke|p1|Ursaluna, L50, M|
|poke|p1|Miraidon, L50|
|poke|p1|Lunala, L50|
|poke|p1|Incineroar, L50, M|
|poke|p2|Urshifu-*, L50, M|
|poke|p2|Chien-Pao, L50|
|poke|p2|Amoonguss, L50, F|
|poke|p2|Zacian-*, L50|
|poke|p2|Roaring Moon, L50|
|poke|p2|Kyogre, L50|
|teampreview|4
|inactive|Battle timer is ON: inactive players will automatically lose when time's up. (requested by imnotagni)
|inactive|Cdogp has 60 seconds left.
|
|t:|1750804528
|start
|switch|p1a: Urshifu|Urshifu-Rapid-Strike, L50, F|100/100
|switch|p1b: Whimsicott|Whimsicott, L50, M|100/100
|switch|p2a: Katanadog|Zacian-Crowned, L50, shiny|100/100
|switch|p2b: Kyogre|Kyogre, L50|100/100
|-ability|p2a: Katanadog|Intrepid Sword|boost
|-boost|p2a: Katanadog|atk|1
|-weather|RainDance|[from] ability: Drizzle|[of] p2b: Kyogre
|turn|1
|
|t:|1750804535
|switch|p2a: Amoonguss|Amoonguss, L50, F|100/100
|move|p1b: Whimsicott|Tailwind|p1b: Whimsicott
|-sidestart|p1: Cdogp|move: Tailwind
|move|p1a: Urshifu|Close Combat|p2b: Kyogre
|-damage|p2b: Kyogre|7/100
|-unboost|p1a: Urshifu|def|1
|-unboost|p1a: Urshifu|spd|1
|move|p2b: Kyogre|Water Spout|p1b: Whimsicott|[spread] p1a,p1b
|-resisted|p1a: Urshifu
|-resisted|p1b: Whimsicott
|-damage|p1a: Urshifu|94/100
|-damage|p1b: Whimsicott|96/100
|
|-weather|RainDance|[upkeep]
|upkeep
|turn|2
|
|t:|1750804548
|switch|p1a: Miraidon|Miraidon, L50|100/100
|-fieldstart|move: Electric Terrain|[from] ability: Hadron Engine|[of] p1a: Miraidon
|move|p2a: Amoonguss|Rage Powder|p2a: Amoonguss
|-singleturn|p2a: Amoonguss|move: Rage Powder
|move|p1b: Whimsicott|Moonblast|p2b: Kyogre
|-damage|p2b: Kyogre|0 fnt
|faint|p2b: Kyogre
|
|-weather|RainDance|[upkeep]
|upkeep
|
|t:|1750804560
|switch|p2b: Katanadog|Zacian-Crowned, L50, shiny|100/100
|turn|3
|
|t:|1750804571
|switch|p1b: Urshifu|Urshifu-Rapid-Strike, L50, F|94/100
|-terastallize|p2b: Katanadog|Fairy
|move|p2a: Amoonguss|Rage Powder|p2a: Amoonguss
|-singleturn|p2a: Amoonguss|move: Rage Powder
|move|p1a: Miraidon|Draco Meteor|p2a: Amoonguss
|-damage|p2a: Amoonguss|0 fnt
|-unboost|p1a: Miraidon|spa|2
|faint|p2a: Amoonguss
|move|p2b: Katanadog|Play Rough|p1a: Miraidon
|-supereffective|p1a: Miraidon
|-damage|p1a: Miraidon|0 fnt
|faint|p1a: Miraidon
|
|-weather|RainDance|[upkeep]
|upkeep
|
|t:|1750804579
|switch|p1a: Lunala|Lunala, L50|100/100
|switch|p2a: Chien-Pao|Chien-Pao, L50|100/100
|-ability|p2a: Chien-Pao|Sword of Ruin
|-enditem|p1a: Lunala|Electric Seed
|-boost|p1a: Lunala|def|1|[from] item: Electric Seed
|turn|4
|
|t:|1750804586
|-terastallize|p1a: Lunala|Water
|move|p2a: Chien-Pao|Sucker Punch|p1a: Lunala
|-damage|p1a: Lunala|89/100
|move|p1b: Urshifu|Surging Strikes|p2b: Katanadog
|-crit|p2b: Katanadog
|-damage|p2b: Katanadog|41/100
|-crit|p2b: Katanadog
|-damage|p2b: Katanadog|0 fnt
|faint|p2b: Katanadog
|-hitcount|p2: Katanadog|2
|move|p1a: Lunala|Moongeist Beam|p2a: Chien-Pao
|-resisted|p2a: Chien-Pao
|-damage|p2a: Chien-Pao|56/100
|
|-weather|RainDance|[upkeep]
|-sideend|p1: Cdogp|move: Tailwind
|upkeep
|turn|5
|-message|imnotagni forfeited.
|
|win|Cdogp
|raw|Cdogp's rating: 1595 &rarr; <strong>1618</strong><br />(+23 for winning)
|raw|imnotagni's rating: 1641 &rarr; <strong>1618</strong><br />(-23 for losing)
|l|☆imnotagni
|player|p2|
|l|☆Cdogp
|player|p1|
