|j|☆bryght
|j|☆ChaosTenma
|t:|1750824950
|gametype|doubles
|player|p1|bryght|scientist-gen4|1536
|player|p2|ChaosTenma|red|1634
|teamsize|p1|6
|teamsize|p2|6
|gen|9
|tier|[Gen 9] VGC 2025 Reg I
|rated|
|rule|Species Clause: Limit one of each Pokémon
|rule|Item Clause: Limit 1 of each item
|clearpoke
|poke|p1|Miraidon, L50|
|poke|p1|Farigiraf, L50, F|
|poke|p1|Calyrex-Ice, L50|
|poke|p1|Grimmsnarl, L50, M|
|poke|p1|Ogerpon-Hearthflame, L50, F|
|poke|p1|Urshifu-*, L50, F|
|poke|p2|Incineroar, L50, M|
|poke|p2|Grimmsnarl, L50, M|
|poke|p2|Urshifu-*, L50, M|
|poke|p2|Calyrex-Ice, L50|
|poke|p2|Miraidon, L50|
|poke|p2|Sinistcha, L50|
|teampreview|4
|inactive|Battle timer is ON: inactive players will automatically lose when time's up. (requested by bryght)
bryght has agreed to open team sheets.
|
|t:|1750824980
|start
|switch|p1a: Grimmsnarl|Grimmsnarl, L50, M|100/100
|switch|p1b: Secretariat|Calyrex-Ice, L50|100/100
|switch|p2a: Grimmsnarl|Grimmsnarl, L50, M|100/100
|switch|p2b: Miraidon|Miraidon, L50|100/100
|-ability|p1b: Secretariat|As One
|-ability|p1b: Secretariat|Unnerve
|-fieldstart|move: Electric Terrain|[from] ability: Hadron Engine|[of] p2b: Miraidon
|turn|1
|
|t:|1750824997
|-terastallize|p2b: Miraidon|Electric
|move|p2a: Grimmsnarl|Reflect|p2a: Grimmsnarl
|-sidestart|p2: ChaosTenma|Reflect
|move|p1a: Grimmsnarl|Light Screen|p1a: Grimmsnarl
|-sidestart|p1: bryght|move: Light Screen
|move|p2b: Miraidon|Electro Drift|p1a: Grimmsnarl
|-damage|p1a: Grimmsnarl|0 fnt
|faint|p1a: Grimmsnarl
|move|p1b: Secretariat|Trick Room|p1b: Secretariat
|-fieldstart|move: Trick Room|[of] p1b: Secretariat
|
|upkeep
|
|t:|1750825005
|switch|p1a: Ogerpon|Ogerpon-Hearthflame, L50, F|100/100
|-ability|p1a: Ogerpon|Mold Breaker
|turn|2
|
|t:|1750825024
|switch|p2b: Incineroar|Incineroar, L50, M|100/100
|-ability|p2b: Incineroar|Intimidate|boost
|-unboost|p1a: Ogerpon|atk|1
|-unboost|p1b: Secretariat|atk|1
|move|p2a: Grimmsnarl|Thunder Wave|p1b: Secretariat
|-status|p1b: Secretariat|par
|move|p1b: Secretariat|Glacial Lance|p2a: Grimmsnarl|[spread] p2a,p2b
|-resisted|p2b: Incineroar
|-damage|p2a: Grimmsnarl|76/100
|-damage|p2b: Incineroar|92/100
|move|p1a: Ogerpon|Ivy Cudgel|p2b: Incineroar|[anim] Ivy Cudgel Fire
|-resisted|p2b: Incineroar
|-damage|p2b: Incineroar|82/100
|
|upkeep
|turn|3
|
|t:|1750825048
|move|p2a: Grimmsnarl|Thunder Wave|p1a: Ogerpon
|-status|p1a: Ogerpon|par
|move|p1b: Secretariat|Leech Seed|p2a: Grimmsnarl
|-start|p2a: Grimmsnarl|move: Leech Seed
|move|p1a: Ogerpon|Ivy Cudgel|p2a: Grimmsnarl|[anim] Ivy Cudgel Fire
|-damage|p2a: Grimmsnarl|46/100
|move|p2b: Incineroar|Knock Off|p1b: Secretariat
|-supereffective|p1b: Secretariat
|-damage|p1b: Secretariat|66/100 par
|-enditem|p1b: Secretariat|Leftovers|[from] move: Knock Off|[of] p2b: Incineroar
|
|-damage|p2a: Grimmsnarl|34/100|[from] Leech Seed|[of] p1b: Secretariat
|-heal|p1b: Secretariat|77/100 par|[silent]
|upkeep
|turn|4
|inactive|ChaosTenma has 30 seconds left.
|inactive|ChaosTenma has 20 seconds left.
|
|t:|1750825084
|switch|p2a: Miraidon|Miraidon, L50, tera:Electric|100/100
|-activate|p2a: Miraidon|ability: Hadron Engine
|move|p1b: Secretariat|Glacial Lance|p2b: Incineroar|[spread] p2a,p2b
|-resisted|p2b: Incineroar
|-damage|p2a: Miraidon|81/100
|-damage|p2b: Incineroar|74/100
|move|p1a: Ogerpon|Ivy Cudgel|p2b: Incineroar|[anim] Ivy Cudgel Fire
|-resisted|p2b: Incineroar
|-crit|p2b: Incineroar
|-damage|p2b: Incineroar|36/100
|move|p2b: Incineroar|Flare Blitz|p1b: Secretariat
|-supereffective|p1b: Secretariat
|-damage|p1b: Secretariat|32/100 par
|-damage|p2b: Incineroar|20/100|[from] Recoil
|
|upkeep
|turn|5
|inactive|ChaosTenma has 30 seconds left.
|
|t:|1750825115
|move|p1b: Secretariat|Glacial Lance|p2a: Miraidon|[spread] p2a,p2b
|-resisted|p2b: Incineroar
|-damage|p2a: Miraidon|61/100
|-damage|p2b: Incineroar|13/100
|cant|p1a: Ogerpon|par
|move|p2b: Incineroar|U-turn|p1b: Secretariat
|-supereffective|p1b: Secretariat
|-damage|p1b: Secretariat|15/100 par
|
|t:|1750825125
|switch|p2b: Calyrex|Calyrex-Ice, L50|100/100|[from] U-turn
|-ability|p2b: Calyrex|As One
|-ability|p2b: Calyrex|Unnerve
|move|p2a: Miraidon|Volt Switch|p1b: Secretariat
|-damage|p1b: Secretariat|0 fnt
|faint|p1b: Secretariat
|
|t:|1750825135
|switch|p2a: Incineroar|Incineroar, L50, M|13/100|[from] Volt Switch
|-ability|p2a: Incineroar|Intimidate|boost
|-unboost|p1a: Ogerpon|atk|1
|
|-fieldend|move: Trick Room
|-fieldend|move: Electric Terrain
|upkeep
|
|t:|1750825138
|switch|p1b: Seabiscuit|Miraidon, L50|100/100
|-fieldstart|move: Electric Terrain|[from] ability: Hadron Engine|[of] p1b: Seabiscuit
|turn|6
|inactive|bryght has 30 seconds left.
|
|t:|1750825163
|move|p2a: Incineroar|Fake Out|p1b: Seabiscuit
|-damage|p1b: Seabiscuit|90/100
|cant|p1b: Seabiscuit|flinch
|cant|p1a: Ogerpon|par
|move|p2b: Calyrex|Trick Room|p2b: Calyrex
|-fieldstart|move: Trick Room|[of] p2b: Calyrex
|
|upkeep
|turn|7
|inactive|bryght has 30 seconds left.
|
|t:|1750825192
|-terastallize|p1b: Seabiscuit|Fairy
|move|p2b: Calyrex|Glacial Lance|p1b: Seabiscuit|[spread] p1a,p1b
|-damage|p1a: Ogerpon|25/100 par
|-damage|p1b: Seabiscuit|30/100
|move|p1a: Ogerpon|Ivy Cudgel|p2b: Calyrex|[anim] Ivy Cudgel Fire
|-supereffective|p2b: Calyrex
|-damage|p2b: Calyrex|71/100
|move|p2a: Incineroar|Knock Off|p1b: Seabiscuit
|-resisted|p1b: Seabiscuit
|-crit|p1b: Seabiscuit
|-damage|p1b: Seabiscuit|0 fnt
|-enditem|p1b: Seabiscuit|Choice Specs|[from] move: Knock Off|[of] p2a: Incineroar
|faint|p1b: Seabiscuit
|
|-heal|p2b: Calyrex|77/100|[from] item: Leftovers
|upkeep
|turn|8
|
|t:|1750825212
|switch|p2a: Miraidon|Miraidon, L50, tera:Electric|61/100
|-activate|p2a: Miraidon|ability: Hadron Engine
|move|p2b: Calyrex|Leech Seed|p1a: Ogerpon
|-immune|p1a: Ogerpon
|move|p1a: Ogerpon|Ivy Cudgel|p2a: Miraidon|[anim] Ivy Cudgel Fire
|-damage|p2a: Miraidon|42/100
|
|-heal|p2b: Calyrex|83/100|[from] item: Leftovers
|-sideend|p2: ChaosTenma|Reflect
|-sideend|p1: bryght|move: Light Screen
|upkeep
|turn|9
|
|t:|1750825228
|move|p2b: Calyrex|Glacial Lance|p1a: Ogerpon
|-damage|p1a: Ogerpon|0 fnt
|faint|p1a: Ogerpon
|
|win|ChaosTenma
|raw|bryght's rating: 1536 &rarr; <strong>1521</strong><br />(-15 for losing)
|raw|ChaosTenma's rating: 1634 &rarr; <strong>1649</strong><br />(+15 for winning)
|c|☆ChaosTenma|GG
|l|☆ChaosTenma
|player|p2|
