|j|☆DAMPJuice
|j|☆Hemz0 0
|t:|1750709123
|gametype|doubles
|player|p1|DAMPJuice|mars|1531
|player|p2|Hemz0 0|1|1570
|teamsize|p1|4
|teamsize|p2|6
|gen|9
|tier|[Gen 9] VGC 2025 Reg I
|rated|
|rule|Species Clause: Limit one of each Pokémon
|rule|Item Clause: Limit 1 of each item
|clearpoke
|poke|p1|Lunala, L50|
|poke|p1|Calyrex-Ice, L50|
|poke|p1|Walking Wake, L50|
|poke|p1|Rillaboom, L50, F|
|poke|p2|Miraidon, L50|
|poke|p2|Terapagos, L50, M|
|poke|p2|Sinistcha, L50|
|poke|p2|Incineroar, L50, M|
|poke|p2|Iron Treads, L50|
|poke|p2|Urshifu-*, L50, M|
|teampreview|4
|inactive|Battle timer is ON: inactive players will automatically lose when time's up. (requested by Hemz0 0)
|
|t:|1750709175
|start
|switch|p1a: Calyrex|Calyrex-Ice, L50|100/100
|switch|p1b: Rillaboom|Rillaboom, L50, F|100/100
|switch|p2a: Miraidon|Miraidon, L50|100/100
|switch|p2b: Terapagos|Terapagos, L50, M|100/100
|-activate|p2b: Terapagos|ability: Tera Shift
|detailschange|p2b: Terapagos|Terapagos-Terastal, L50, M
|-heal|p2b: Terapagos|100/100|[silent]
|-ability|p1a: Calyrex|As One
|-ability|p1a: Calyrex|Unnerve
|-fieldstart|move: Electric Terrain|[from] ability: Hadron Engine|[of] p2a: Miraidon
|-enditem|p2b: Terapagos|Electric Seed
|-boost|p2b: Terapagos|def|1|[from] item: Electric Seed
|-fieldstart|move: Grassy Terrain|[from] ability: Grassy Surge|[of] p1b: Rillaboom
|turn|1
|inactive|DAMPJuice has 30 seconds left.
|inactive|DAMPJuice has 20 seconds left.
|inactive|DAMPJuice has 15 seconds left.
|inactive|DAMPJuice has 10 seconds left.
|inactive|DAMPJuice has 5 seconds left.
|
|t:|1750709230
|switch|p2a: Incineroar|Incineroar, L50, M, shiny|100/100
|-ability|p2a: Incineroar|Intimidate|boost
|-fail|p1a: Calyrex|unboost|[from] item: Clear Amulet|[of] p1a: Calyrex
|-unboost|p1b: Rillaboom|atk|1
|move|p2b: Terapagos|Protect|p2b: Terapagos
|-singleturn|p2b: Terapagos|Protect
|move|p1b: Rillaboom|Grassy Glide|p2a: Incineroar
|-resisted|p2a: Incineroar
|-damage|p2a: Incineroar|89/100
|-damage|p1b: Rillaboom|84/100|[from] item: Rocky Helmet|[of] p2a: Incineroar
|move|p1a: Calyrex|Glacial Lance|p2b: Terapagos|[spread] p2a
|-activate|p2b: Terapagos|move: Protect
|-resisted|p2a: Incineroar
|-damage|p2a: Incineroar|62/100
|
|-heal|p1b: Rillaboom|90/100|[from] Grassy Terrain
|-heal|p2a: Incineroar|68/100|[from] Grassy Terrain
|upkeep
|turn|2
|
|t:|1750709251
|move|p2b: Terapagos|Calm Mind|p2b: Terapagos
|-boost|p2b: Terapagos|spa|1
|-boost|p2b: Terapagos|spd|1
|move|p1b: Rillaboom|High Horsepower|p2a: Incineroar
|-supereffective|p2a: Incineroar
|-damage|p2a: Incineroar|31/100
|-damage|p1b: Rillaboom|73/100|[from] item: Rocky Helmet|[of] p2a: Incineroar
|move|p2a: Incineroar|Taunt|p1a: Calyrex
|-start|p1a: Calyrex|move: Taunt
|cant|p1a: Calyrex|move: Taunt|Trick Room
|
|-heal|p1b: Rillaboom|79/100|[from] Grassy Terrain
|-heal|p2a: Incineroar|37/100|[from] Grassy Terrain
|upkeep
|turn|3
|
|t:|1750709274
|switch|p1a: Walking Wake|Walking Wake, L50|100/100
|move|p2b: Terapagos|Calm Mind|p2b: Terapagos
|-boost|p2b: Terapagos|spa|1
|-boost|p2b: Terapagos|spd|1
|move|p1b: Rillaboom|High Horsepower|p2a: Incineroar
|-supereffective|p2a: Incineroar
|-damage|p2a: Incineroar|0 fnt
|-damage|p1b: Rillaboom|63/100|[from] item: Rocky Helmet|[of] p2a: Incineroar
|faint|p2a: Incineroar
|
|-heal|p1b: Rillaboom|69/100|[from] Grassy Terrain
|upkeep
|
|t:|1750709288
|switch|p2a: Miraidon|Miraidon, L50|100/100
|-fieldstart|move: Electric Terrain|[from] ability: Hadron Engine|[of] p2a: Miraidon
|turn|4
|
|t:|1750709303
|switch|p1b: Lunala|Lunala, L50|100/100
|-terastallize|p2b: Terapagos|Stellar
|detailschange|p2b: Terapagos|Terapagos-Stellar, L50, M, tera:Stellar
|-heal|p2b: Terapagos|100/100|[silent]
|-ability|p2b: Terapagos|Teraform Zero
|-fieldend|move: Electric Terrain
|move|p2a: Miraidon|Volt Switch|p1a: Walking Wake
|-damage|p1a: Walking Wake|54/100
|
|t:|1750709311
|switch|p2a: Sinistcha|Sinistcha, L50|100/100|[from] Volt Switch
|move|p1a: Walking Wake|Snarl|p2a: Sinistcha|[spread] p2a,p2b
|-supereffective|p2a: Sinistcha
|-damage|p2a: Sinistcha|39/100
|-damage|p2b: Terapagos|94/100
|-unboost|p2a: Sinistcha|spa|1
|-unboost|p2b: Terapagos|spa|1
|move|p2b: Terapagos|Tera Starstorm|p1a: Walking Wake|[spread] p1a,p1b
|-damage|p1a: Walking Wake|0 fnt
|-damage|p1b: Lunala|83/100
|faint|p1a: Walking Wake
|-end|p1a: Walking Wake|Protosynthesis|[silent]
|
|upkeep
|
|t:|1750709332
|switch|p1a: Calyrex|Calyrex-Ice, L50|100/100
|-ability|p1a: Calyrex|As One
|-ability|p1a: Calyrex|Unnerve
|turn|5
|
|t:|1750709348
|move|p2a: Sinistcha|Shadow Ball|p1b: Lunala
|-supereffective|p1b: Lunala
|-damage|p1b: Lunala|5/100
|move|p1b: Lunala|Heat Wave|p2b: Terapagos|[spread] p2a,p2b
|-supereffective|p2a: Sinistcha
|-damage|p2a: Sinistcha|0 fnt
|-damage|p2b: Terapagos|85/100
|faint|p2a: Sinistcha
|move|p2b: Terapagos|Tera Starstorm|p1b: Lunala|[spread] p1a,p1b
|-damage|p1a: Calyrex|66/100
|-damage|p1b: Lunala|0 fnt
|faint|p1b: Lunala
|move|p1a: Calyrex|Trick Room|p1a: Calyrex
|-fieldstart|move: Trick Room|[of] p1a: Calyrex
|
|upkeep
|
|t:|1750709359
|switch|p1b: Rillaboom|Rillaboom, L50, F|69/100
|switch|p2a: Miraidon|Miraidon, L50|100/100
|-fieldstart|move: Grassy Terrain|[from] ability: Grassy Surge|[of] p1b: Rillaboom
|-fieldstart|move: Electric Terrain|[from] ability: Hadron Engine|[of] p2a: Miraidon
|turn|6
|
|t:|1750709377
|move|p1b: Rillaboom|Fake Out|p2b: Terapagos
|-damage|p2b: Terapagos|81/100
|move|p1a: Calyrex|Glacial Lance|p2b: Terapagos|[spread] p2a,p2b
|-supereffective|p2a: Miraidon
|-damage|p2a: Miraidon|3/100
|-damage|p2b: Terapagos|62/100
|cant|p2b: Terapagos|flinch
|move|p2a: Miraidon|Electro Drift|p1a: Calyrex
|-crit|p1a: Calyrex
|-damage|p1a: Calyrex|0 fnt
|faint|p1a: Calyrex
|
|upkeep
|turn|7
|inactive|DAMPJuice has 30 seconds left.
|inactive|DAMPJuice has 20 seconds left.
|inactive|DAMPJuice has 15 seconds left.
|inactive|DAMPJuice has 10 seconds left.
|
|t:|1750709426
|move|p1b: Rillaboom|High Horsepower|p2a: Miraidon
|-supereffective|p2a: Miraidon
|-damage|p2a: Miraidon|0 fnt
|faint|p2a: Miraidon
|move|p2b: Terapagos|Tera Starstorm|p1b: Rillaboom
|-damage|p1b: Rillaboom|27/100
|
|upkeep
|turn|8
|c|☆DAMPJuice|gg
|
|t:|1750709433
|move|p2b: Terapagos|Protect|p2b: Terapagos
|-singleturn|p2b: Terapagos|Protect
|move|p1b: Rillaboom|Grassy Glide|p2b: Terapagos
|-activate|p2b: Terapagos|move: Protect
|
|upkeep
|turn|9
|c|☆Hemz0 0|gg
|
|t:|1750709439
|move|p1b: Rillaboom|Grassy Glide|p2b: Terapagos
|-damage|p2b: Terapagos|52/100
|move|p2b: Terapagos|Tera Starstorm|p1b: Rillaboom
|-damage|p1b: Rillaboom|0 fnt
|faint|p1b: Rillaboom
|
|win|Hemz0 0
|raw|DAMPJuice's rating: 1531 &rarr; <strong>1513</strong><br />(-18 for losing)
|raw|Hemz0 0's rating: 1570 &rarr; <strong>1588</strong><br />(+18 for winning)
|l|☆Hemz0 0
|player|p2|
|l|☆DAMPJuice
|player|p1|
