|j|☆klkir
|j|☆leuc
|t:|1750867637
|gametype|doubles
|player|p1|klkir|unknown|1234
|player|p2|leuc|acetrainer-gen4dp|1321
|teamsize|p1|6
|teamsize|p2|6
|gen|9
|tier|[Gen 9] VGC 2025 Reg I
|rated|
|rule|Species Clause: Limit one of each Pokémon
|rule|Item Clause: Limit 1 of each item
|clearpoke
|poke|p1|Calyrex-Shadow, L50|
|poke|p1|Terapagos, L50, M|
|poke|p1|Incineroar, L50, F|
|poke|p1|Ogerpon-Cornerstone, L50, F|
|poke|p1|Rillaboom, L50, M|
|poke|p1|Amoonguss, L50, F|
|poke|p2|Kyogre, L50|
|poke|p2|Tornadus, L50, M|
|poke|p2|Zacian-*, L50|
|poke|p2|Enamorus-Therian, L50, F|
|poke|p2|Landorus-Therian, L50, M|
|poke|p2|Thundurus, L50, M|
|teampreview|4
|inactive|Battle timer is ON: inactive players will automatically lose when time's up. (requested by leuc)
|inactive|klkir also wants the timer to be on.
klkir rejected open team sheets.
|inactive|klkir has 60 seconds left.
|inactive|leuc has 60 seconds left.
|
|t:|1750867679
|start
|switch|p1a: Incineroar|Incineroar, L50, F, shiny|100/100
|switch|p1b: Amoonguss|Amoonguss, L50, F|100/100
|switch|p2a: Zacian|Zacian-Crowned, L50|100/100
|switch|p2b: Enamorus|Enamorus-Therian, L50, F|100/100
|-ability|p2a: Zacian|Intrepid Sword|boost
|-boost|p2a: Zacian|atk|1
|-ability|p1a: Incineroar|Intimidate|boost
|-unboost|p2a: Zacian|atk|1
|-unboost|p2b: Enamorus|atk|1
|turn|1
|
|t:|1750867693
|move|p2a: Zacian|Protect|p2a: Zacian
|-singleturn|p2a: Zacian|Protect
|move|p1a: Incineroar|Fake Out|p2b: Enamorus
|-crit|p2b: Enamorus
|-damage|p2b: Enamorus|87/100
|move|p1b: Amoonguss|Spore|p2a: Zacian
|-activate|p2a: Zacian|move: Protect
|move|p2b: Enamorus|Taunt|p1b: Amoonguss
|-start|p1b: Amoonguss|move: Taunt
|
|upkeep
|turn|2
|inactive|leuc has 30 seconds left.
|
|t:|1750867720
|switch|p1b: Rillaboom|Rillaboom, L50, M|100/100
|-fieldstart|move: Grassy Terrain|[from] ability: Grassy Surge|[of] p1b: Rillaboom
|move|p2a: Zacian|Sacred Sword|p1a: Incineroar
|-supereffective|p1a: Incineroar
|-damage|p1a: Incineroar|47/100
|move|p1a: Incineroar|Flare Blitz|p2a: Zacian
|-supereffective|p2a: Zacian
|-damage|p2a: Zacian|17/100
|-damage|p1a: Incineroar|22/100|[from] Recoil
|move|p2b: Enamorus|Taunt|p1a: Incineroar
|-start|p1a: Incineroar|move: Taunt
|
|-heal|p2a: Zacian|23/100|[from] Grassy Terrain
|-heal|p1a: Incineroar|28/100|[from] Grassy Terrain
|upkeep
|turn|3
|inactive|klkir has 30 seconds left.
|
|t:|1750867757
|switch|p1a: Amoonguss|Amoonguss, L50, F|100/100
|switch|p2b: Landorus|Landorus-Therian, L50, M|100/100
|-ability|p2b: Landorus|Intimidate|boost
|-unboost|p1a: Amoonguss|atk|1
|-unboost|p1b: Rillaboom|atk|1
|move|p2a: Zacian|Protect|p2a: Zacian
|-singleturn|p2a: Zacian|Protect
|move|p1b: Rillaboom|Fake Out|p2b: Landorus
|-damage|p2b: Landorus|90/100
|
|-heal|p2a: Zacian|29/100|[from] Grassy Terrain
|upkeep
|turn|4
|inactive|klkir has 30 seconds left.
|inactive|leuc has 30 seconds left.
|
|t:|1750867791
|switch|p2a: Enamorus|Enamorus-Therian, L50, F|87/100
|move|p1a: Amoonguss|Protect|p1a: Amoonguss
|-singleturn|p1a: Amoonguss|Protect
|move|p2b: Landorus|U-turn|p1b: Rillaboom
|-supereffective|p1b: Rillaboom
|-damage|p1b: Rillaboom|47/100
|
|t:|1750867799
|switch|p2b: Tornadus|Tornadus, L50, M|100/100|[from] U-turn
|move|p1b: Rillaboom|Wood Hammer|p2a: Enamorus
|-resisted|p2a: Enamorus
|-damage|p2a: Enamorus|66/100
|-damage|p1b: Rillaboom|42/100|[from] Recoil
|
|-heal|p1b: Rillaboom|47/100|[from] Grassy Terrain
|upkeep
|turn|5
|
|t:|1750867821
|switch|p1b: Incineroar|Incineroar, L50, F, shiny|28/100
|-ability|p1b: Incineroar|Intimidate|boost
|-unboost|p2a: Enamorus|atk|1
|-unboost|p2b: Tornadus|atk|1
|move|p2b: Tornadus|Bleakwind Storm|p1a: Amoonguss|[spread] p1a,p1b
|-supereffective|p1a: Amoonguss
|-damage|p1a: Amoonguss|48/100
|-damage|p1b: Incineroar|2/100
|-unboost|p1a: Amoonguss|spe|1
|-unboost|p1b: Incineroar|spe|1
|move|p2a: Enamorus|Taunt|p1a: Amoonguss
|-start|p1a: Amoonguss|move: Taunt
|move|p1a: Amoonguss|Pollen Puff|p1b: Incineroar
|-heal|p1b: Incineroar|52/100
|
|-heal|p1b: Incineroar|58/100|[from] Grassy Terrain
|-heal|p1a: Amoonguss|54/100|[from] Grassy Terrain
|upkeep
|turn|6
|
|t:|1750867844
|switch|p1a: Terapagos|Terapagos, L50, M|100/100
|-activate|p1a: Terapagos|ability: Tera Shift
|detailschange|p1a: Terapagos|Terapagos-Terastal, L50, M
|-heal|p1a: Terapagos|100/100|[silent]
|move|p1b: Incineroar|Fake Out|p2b: Tornadus
|-damage|p2b: Tornadus|92/100
|cant|p2b: Tornadus|flinch
|move|p2a: Enamorus|Springtide Storm|p1b: Incineroar|[spread] p1a,p1b
|-activate|p1a: Terapagos|ability: Tera Shell
|-resisted|p1a: Terapagos
|-crit|p1a: Terapagos
|-damage|p1a: Terapagos|79/100
|-damage|p1b: Incineroar|30/100
|-unboost|p1b: Incineroar|atk|1
|
|-heal|p1a: Terapagos|85/100|[from] Grassy Terrain
|-heal|p1a: Terapagos|91/100|[from] item: Leftovers
|-heal|p1b: Incineroar|36/100|[from] Grassy Terrain
|-fieldend|move: Grassy Terrain
|upkeep
|turn|7
|inactive|klkir has 30 seconds left.
|inactive|leuc has 30 seconds left.
|
|t:|1750867877
|switch|p1b: Rillaboom|Rillaboom, L50, M|47/100
|-fieldstart|move: Grassy Terrain|[from] ability: Grassy Surge|[of] p1b: Rillaboom
|move|p2b: Tornadus|Bleakwind Storm|p1a: Terapagos|[spread] p1a,p1b
|-supereffective|p1b: Rillaboom
|-crit|p1b: Rillaboom
|-damage|p1a: Terapagos|63/100
|-damage|p1b: Rillaboom|0 fnt
|-unboost|p1a: Terapagos|spe|1
|faint|p1b: Rillaboom
|move|p1a: Terapagos|Calm Mind|p1a: Terapagos
|-boost|p1a: Terapagos|spa|1
|-boost|p1a: Terapagos|spd|1
|move|p2a: Enamorus|Taunt|p1a: Terapagos
|-start|p1a: Terapagos|move: Taunt
|
|-heal|p1a: Terapagos|69/100|[from] Grassy Terrain
|-heal|p1a: Terapagos|75/100|[from] item: Leftovers
|upkeep
|
|t:|1750867899
|switch|p1b: Amoonguss|Amoonguss, L50, F|88/100
|turn|8
|
|t:|1750867916
|-terastallize|p1a: Terapagos|Stellar
|detailschange|p1a: Terapagos|Terapagos-Stellar, L50, M, tera:Stellar
|-heal|p1a: Terapagos|82/100|[silent]
|-ability|p1a: Terapagos|Teraform Zero
|-fieldend|move: Grassy Terrain
|move|p1b: Amoonguss|Protect|p1b: Amoonguss
|-singleturn|p1b: Amoonguss|Protect
|move|p2a: Enamorus|Protect|p2a: Enamorus
|-singleturn|p2a: Enamorus|Protect
|move|p2b: Tornadus|Rain Dance|p2b: Tornadus
|-weather|RainDance
|move|p1a: Terapagos|Tera Starstorm|p2a: Enamorus|[spread] p2b
|-activate|p2a: Enamorus|move: Protect
|-damage|p2b: Tornadus|27/100
|
|-weather|RainDance|[upkeep]
|-heal|p1a: Terapagos|88/100|[from] item: Leftovers
|upkeep
|turn|9
|
|t:|1750867938
|move|p2b: Tornadus|Bleakwind Storm|p1b: Amoonguss|[spread] p1a,p1b
|-supereffective|p1b: Amoonguss
|-damage|p1a: Terapagos|76/100
|-damage|p1b: Amoonguss|37/100
|move|p1a: Terapagos|Tera Starstorm|p2a: Enamorus|[spread] p2a,p2b
|-damage|p2a: Enamorus|26/100
|-damage|p2b: Tornadus|0 fnt
|faint|p2b: Tornadus
|move|p1b: Amoonguss|Spore|p2a: Enamorus
|-immune|p2a: Enamorus|[from] ability: Overcoat
|move|p2a: Enamorus|Taunt|p1b: Amoonguss
|-start|p1b: Amoonguss|move: Taunt
|
|-weather|RainDance|[upkeep]
|-heal|p1a: Terapagos|82/100|[from] item: Leftovers
|upkeep
|
|t:|1750867946
|switch|p2b: Zacian|Zacian-Crowned, L50|29/100
|turn|10
|
|t:|1750867968
|switch|p1b: Incineroar|Incineroar, L50, F, shiny|36/100
|-ability|p1b: Incineroar|Intimidate|boost
|-unboost|p2a: Enamorus|atk|1
|-unboost|p2b: Zacian|atk|1
|move|p2b: Zacian|Sacred Sword|p1a: Terapagos
|-supereffective|p1a: Terapagos
|-damage|p1a: Terapagos|56/100
|move|p1a: Terapagos|Tera Starstorm|p2a: Enamorus|[spread] p2a,p2b
|-damage|p2a: Enamorus|0 fnt
|-damage|p2b: Zacian|0 fnt
|faint|p2a: Enamorus
|faint|p2b: Zacian
|
|-weather|RainDance|[upkeep]
|-heal|p1a: Terapagos|62/100|[from] item: Leftovers
|-end|p1a: Terapagos|move: Taunt
|upkeep
|
|t:|1750867972
|switch|p2a: Landorus|Landorus-Therian, L50, M|90/100
|-ability|p2a: Landorus|Intimidate|boost
|-unboost|p1a: Terapagos|atk|1
|-unboost|p1b: Incineroar|atk|1
|turn|11
|
|t:|1750867988
|switch|p1b: Amoonguss|Amoonguss, L50, F|71/100
|move|p2a: Landorus|Rock Slide|p1a: Terapagos|[spread] p1a,p1b
|-damage|p1a: Terapagos|50/100
|-damage|p1b: Amoonguss|52/100
|move|p1a: Terapagos|Tera Starstorm|p2a: Landorus
|-damage|p2a: Landorus|0 fnt
|faint|p2a: Landorus
|
|win|klkir
|raw|klkir's rating: 1234 &rarr; <strong>1265</strong><br />(+31 for winning)
|raw|leuc's rating: 1321 &rarr; <strong>1296</strong><br />(-25 for losing)
|l|☆leuc
|player|p2|
|l|☆klkir
|player|p1|
