|j|☆plsdontspeaktome
|j|☆ItsZachStone
|t:|1750719542
|gametype|doubles
|player|p1|plsdontspeaktome|2|1189
|player|p2|ItsZachStone|flannery|1214
|teamsize|p1|6
|teamsize|p2|6
|gen|9
|tier|[Gen 9] VGC 2025 Reg I
|rated|
|rule|Species Clause: Limit one of each Pokémon
|rule|Item Clause: Limit 1 of each item
|clearpoke
|poke|p1|Regieleki, L50|
|poke|p1|Gyarados, L50, M|
|poke|p1|Kyogre, L50|
|poke|p1|Zacian-*, L50|
|poke|p1|Whimsicott, L50, M|
|poke|p1|Latias, L50, F|
|poke|p2|Koraidon, L50|
|poke|p2|Tropius, L50, M|
|poke|p2|Calyrex-Shadow, L50|
|poke|p2|Indeedee-F, L50, F|
|poke|p2|Scovillain, L50, F|
|poke|p2|Chi-Yu, L50|
|teampreview|4
|inactive|Battle timer is ON: inactive players will automatically lose when time's up. (requested by ItsZachStone)
|inactive|plsdontspeaktome has 60 seconds left.
|inactive|ItsZachStone has 60 seconds left.
|
|t:|1750719580
|start
|switch|p1a: Whimsicott|Whimsicott, L50, M|100/100
|switch|p1b: Kyogre|Kyogre, L50|100/100
|switch|p2a: Calyrex|Calyrex-Shadow, L50|100/100
|switch|p2b: Indeedee|Indeedee-F, L50, F|100/100
|-ability|p2a: Calyrex|As One
|-ability|p2a: Calyrex|Unnerve
|-weather|RainDance|[from] ability: Drizzle|[of] p1b: Kyogre
|-fieldstart|move: Psychic Terrain|[from] ability: Psychic Surge|[of] p2b: Indeedee
|turn|1
|
|t:|1750719591
|switch|p2b: Koraidon|Koraidon, L50|100/100
|-weather|SunnyDay|[from] ability: Orichalcum Pulse|[of] p2b: Koraidon
|-activate|p2b: Koraidon|Orichalcum Pulse|[source]
|-terastallize|p1b: Kyogre|Water
|move|p1a: Whimsicott|Tailwind|p1a: Whimsicott
|-sidestart|p1: plsdontspeaktome|move: Tailwind
|move|p1b: Kyogre|Water Spout|p2a: Calyrex|[spread] p2a,p2b
|-resisted|p2b: Koraidon
|-damage|p2a: Calyrex|48/100
|-damage|p2b: Koraidon|69/100
|move|p2a: Calyrex|Expanding Force|p1b: Kyogre|[spread] p1a,p1b
|-damage|p1a: Whimsicott|0 fnt
|-damage|p1b: Kyogre|46/100
|faint|p1a: Whimsicott
|-ability|p2a: Calyrex|Grim Neigh|boost
|-boost|p2a: Calyrex|spa|1
|-damage|p2a: Calyrex|38/100|[from] item: Life Orb
|
|-weather|SunnyDay|[upkeep]
|upkeep
|
|t:|1750719609
|switch|p1a: Latias|Latias, L50, F|100/100
|turn|2
|inactive|ItsZachStone has 30 seconds left.
|
|t:|1750719639
|switch|p2b: Indeedee|Indeedee-F, L50, F|100/100
|-terastallize|p2a: Calyrex|Dark
|move|p1a: Latias|Rain Dance|p1a: Latias
|-weather|RainDance
|move|p1b: Kyogre|Origin Pulse|p2b: Indeedee|[spread] p2a
|-miss|p1b: Kyogre|p2b: Indeedee
|-damage|p2a: Calyrex|0 fnt
|faint|p2a: Calyrex
|
|-weather|RainDance|[upkeep]
|upkeep
|inactive|ItsZachStone has 30 seconds left.
|inactive|ItsZachStone has 20 seconds left.
|inactive|ItsZachStone has 15 seconds left.
|
|t:|1750719682
|switch|p2a: Koraidon|Koraidon, L50|69/100
|-weather|SunnyDay|[from] ability: Orichalcum Pulse|[of] p2a: Koraidon
|-activate|p2a: Koraidon|Orichalcum Pulse|[source]
|turn|3
|
|t:|1750719689
|move|p2b: Indeedee|Follow Me|p2b: Indeedee
|-singleturn|p2b: Indeedee|move: Follow Me
|move|p1a: Latias|Rain Dance|p1a: Latias
|-weather|RainDance
|move|p1b: Kyogre|Origin Pulse|p2b: Indeedee|[spread] p2a,p2b
|-resisted|p2a: Koraidon
|-damage|p2a: Koraidon|6/100
|-damage|p2b: Indeedee|0 fnt
|faint|p2b: Indeedee
|move|p2a: Koraidon|Collision Course|p1b: Kyogre
|-damage|p1b: Kyogre|0 fnt
|faint|p1b: Kyogre
|
|-weather|RainDance|[upkeep]
|upkeep
|inactive|ItsZachStone has 30 seconds left.
|inactive|ItsZachStone has 20 seconds left.
|
|t:|1750719728
|switch|p1b: Zacian|Zacian-Crowned, L50|100/100
|switch|p2b: Scovillain|Scovillain, L50, F|100/100
|-ability|p1b: Zacian|Intrepid Sword|boost
|-boost|p1b: Zacian|atk|1
|turn|4
|inactive|plsdontspeaktome has 30 seconds left.
|inactive|plsdontspeaktome has 20 seconds left.
|
|t:|1750719766
|move|p2b: Scovillain|Rage Powder|p2b: Scovillain
|-singleturn|p2b: Scovillain|move: Rage Powder
|move|p1b: Zacian|Behemoth Blade|p2b: Scovillain
|-resisted|p2b: Scovillain
|-damage|p2b: Scovillain|32/100
|move|p1a: Latias|Psychic|p2b: Scovillain
|-damage|p2b: Scovillain|0 fnt
|faint|p2b: Scovillain
|move|p2a: Koraidon|Collision Course|p1b: Zacian
|-damage|p1b: Zacian|50/100
|
|-weather|RainDance|[upkeep]
|-sideend|p1: plsdontspeaktome|move: Tailwind
|upkeep
|turn|5
|-message|ItsZachStone forfeited.
|
|win|plsdontspeaktome
|raw|plsdontspeaktome's rating: 1189 &rarr; <strong>1216</strong><br />(+27 for winning)
|raw|ItsZachStone's rating: 1214 &rarr; <strong>1187</strong><br />(-27 for losing)
|l|☆ItsZachStone
|player|p2|
|l|☆plsdontspeaktome
|player|p1|
