|j|☆MalteseShark
|j|☆robbinzantinge
|t:|1750769114
|gametype|doubles
|player|p1|MalteseShark|169|1494
|player|p2|robbinzantinge|102|1375
|teamsize|p1|6
|teamsize|p2|6
|gen|9
|tier|[Gen 9] VGC 2025 Reg I
|rated|
|rule|Species Clause: Limit one of each Pokémon
|rule|Item Clause: Limit 1 of each item
|clearpoke
|poke|p1|Miraidon, L50|
|poke|p1|Calyrex-Ice, L50|
|poke|p1|Amoonguss, L50, F|
|poke|p1|Flutter Mane, L50|
|poke|p1|Garchomp, L50, F|
|poke|p1|Ogerpon-Wellspring, L50, F|
|poke|p2|Terapagos, L50, M|
|poke|p2|Lunala, L50|
|poke|p2|Sinistcha-Masterpiece, L50|
|poke|p2|Incineroar, L50, F|
|poke|p2|Urshifu-*, L50, F|
|poke|p2|Kingambit, L50, M|
|teampreview|4
|inactive|Battle timer is ON: inactive players will automatically lose when time's up. (requested by MalteseShark)
|
|t:|1750769145
|start
|switch|p1a: Calyrex|Calyrex-Ice, L50|100/100
|switch|p1b: Ogerpon|Ogerpon-Wellspring, L50, F|100/100
|switch|p2a: Terapagos|Terapagos, L50, M|100/100
|switch|p2b: Incineroar|Incineroar, L50, F|100/100
|-activate|p2a: Terapagos|ability: Tera Shift
|detailschange|p2a: Terapagos|Terapagos-Terastal, L50, M
|-heal|p2a: Terapagos|100/100|[silent]
|-ability|p1a: Calyrex|As One
|-ability|p1a: Calyrex|Unnerve
|-ability|p2b: Incineroar|Intimidate|boost
|-fail|p1a: Calyrex|unboost|[from] item: Clear Amulet|[of] p1a: Calyrex
|-unboost|p1b: Ogerpon|atk|1
|turn|1
|
|t:|1750769166
|move|p2b: Incineroar|Fake Out|p1b: Ogerpon
|-damage|p1b: Ogerpon|92/100
|cant|p1b: Ogerpon|flinch
|move|p2a: Terapagos|Calm Mind|p2a: Terapagos
|-boost|p2a: Terapagos|spa|1
|-boost|p2a: Terapagos|spd|1
|move|p1a: Calyrex|Swords Dance|p1a: Calyrex
|-boost|p1a: Calyrex|atk|2
|
|upkeep
|turn|2
|
|t:|1750769190
|move|p1b: Ogerpon|Follow Me|p1b: Ogerpon
|-singleturn|p1b: Ogerpon|move: Follow Me
|move|p2a: Terapagos|Calm Mind|p2a: Terapagos
|-boost|p2a: Terapagos|spa|1
|-boost|p2a: Terapagos|spd|1
|move|p2b: Incineroar|Parting Shot|p1b: Ogerpon
|-unboost|p1b: Ogerpon|atk|1
|-unboost|p1b: Ogerpon|spa|1
|
|t:|1750769199
|switch|p2b: Lunala|Lunala, L50|100/100|[from] Parting Shot
|move|p1a: Calyrex|Glacial Lance|p2b: Lunala|[spread] p2a,p2b
|-activate|p2a: Terapagos|ability: Tera Shell
|-resisted|p2a: Terapagos
|-damage|p2a: Terapagos|62/100
|-damage|p2b: Lunala|54/100
|
|-heal|p2a: Terapagos|68/100|[from] item: Leftovers
|upkeep
|turn|3
|
|t:|1750769215
|-terastallize|p2a: Terapagos|Stellar
|detailschange|p2a: Terapagos|Terapagos-Stellar, L50, M, tera:Stellar
|-heal|p2a: Terapagos|76/100|[silent]
|move|p1a: Calyrex|Protect|p1a: Calyrex
|-singleturn|p1a: Calyrex|Protect
|move|p2b: Lunala|Wide Guard|p2b: Lunala
|-singleturn|p2b: Lunala|Wide Guard
|move|p1b: Ogerpon|Leech Seed|p2a: Terapagos
|-start|p2a: Terapagos|move: Leech Seed
|move|p2a: Terapagos|Tera Starstorm|p1a: Calyrex|[spread] p1b
|-activate|p1a: Calyrex|move: Protect
|-damage|p1b: Ogerpon|41/100
|
|-heal|p2a: Terapagos|82/100|[from] item: Leftovers
|-damage|p2a: Terapagos|69/100|[from] Leech Seed|[of] p1b: Ogerpon
|-heal|p1b: Ogerpon|59/100|[silent]
|upkeep
|turn|4
|inactive|MalteseShark has 30 seconds left.
|inactive|MalteseShark has 20 seconds left.
|inactive|MalteseShark has 15 seconds left.
|
|t:|1750769259
|switch|p2b: Sinistcha|Sinistcha-Masterpiece, L50|100/100
|-heal|p2a: Terapagos|94/100|[from] ability: Hospitality|[of] p2b: Sinistcha
|move|p1b: Ogerpon|Follow Me|p1b: Ogerpon
|-singleturn|p1b: Ogerpon|move: Follow Me
|move|p2a: Terapagos|Tera Starstorm|p1a: Calyrex|[spread] p1a,p1b
|-damage|p1a: Calyrex|58/100
|-damage|p1b: Ogerpon|6/100
|move|p1a: Calyrex|High Horsepower|p2a: Terapagos
|-damage|p2a: Terapagos|52/100
|
|-heal|p2a: Terapagos|58/100|[from] item: Leftovers
|-damage|p2a: Terapagos|45/100|[from] Leech Seed|[of] p1b: Ogerpon
|-heal|p1b: Ogerpon|24/100|[silent]
|upkeep
|turn|5
|inactive|robbinzantinge has 30 seconds left.
|
|t:|1750769288
|move|p1b: Ogerpon|Follow Me|p1b: Ogerpon
|-singleturn|p1b: Ogerpon|move: Follow Me
|move|p2a: Terapagos|Tera Starstorm|p1b: Ogerpon|[spread] p1a,p1b
|-damage|p1a: Calyrex|14/100
|-damage|p1b: Ogerpon|0 fnt
|faint|p1b: Ogerpon
|move|p2b: Sinistcha|Life Dew||[still]|[spread] p2a,p2b
|-heal|p2a: Terapagos|71/100
|-fail|p2b: Sinistcha|heal
|move|p1a: Calyrex|Glacial Lance|p2b: Sinistcha|[spread] p2a,p2b
|-supereffective|p2b: Sinistcha
|-damage|p2a: Terapagos|11/100
|-damage|p2b: Sinistcha|0 fnt
|faint|p2b: Sinistcha
|-ability|p1a: Calyrex|Chilling Neigh|boost
|-boost|p1a: Calyrex|atk|1
|
|-heal|p2a: Terapagos|17/100|[from] item: Leftovers
|upkeep
|
|t:|1750769306
|switch|p1b: Miraidon|Miraidon, L50|100/100
|switch|p2b: Incineroar|Incineroar, L50, F|100/100
|-fieldstart|move: Electric Terrain|[from] ability: Hadron Engine|[of] p1b: Miraidon
|-ability|p2b: Incineroar|Intimidate|boost
|-fail|p1a: Calyrex|unboost|[from] item: Clear Amulet|[of] p1a: Calyrex
|-unboost|p1b: Miraidon|atk|1
|turn|6
|
|t:|1750769321
|move|p1b: Miraidon|Protect|p1b: Miraidon
|-singleturn|p1b: Miraidon|Protect
|move|p1a: Calyrex|Protect|p1a: Calyrex
|-singleturn|p1a: Calyrex|Protect
|move|p2b: Incineroar|Fake Out|p1b: Miraidon
|-activate|p1b: Miraidon|move: Protect
|move|p2a: Terapagos|Earth Power|p1b: Miraidon
|-activate|p1b: Miraidon|move: Protect
|
|-heal|p2a: Terapagos|23/100|[from] item: Leftovers
|-damage|p2a: Terapagos|11/100|[from] Leech Seed|[of] p1b: Miraidon
|upkeep
|turn|7
|
|t:|1750769344
|move|p1b: Miraidon|Electro Drift|p2a: Terapagos
|-damage|p2a: Terapagos|0 fnt
|faint|p2a: Terapagos
|detailschange|p2: Terapagos|Terapagos, L50, M|[silent]
|move|p2b: Incineroar|Knock Off|p1b: Miraidon
|-damage|p1b: Miraidon|65/100
|-enditem|p1b: Miraidon|Weakness Policy|[from] move: Knock Off|[of] p2b: Incineroar
|move|p1a: Calyrex|High Horsepower|p2b: Incineroar
|-supereffective|p2b: Incineroar
|-damage|p2b: Incineroar|0 fnt
|faint|p2b: Incineroar
|-ability|p1a: Calyrex|Chilling Neigh|boost
|-boost|p1a: Calyrex|atk|1
|
|upkeep
|-message|robbinzantinge forfeited.
|
|win|MalteseShark
|raw|MalteseShark's rating: 1494 &rarr; <strong>1507</strong><br />(+13 for winning)
|raw|robbinzantinge's rating: 1375 &rarr; <strong>1362</strong><br />(-13 for losing)
|l|☆robbinzantinge
|player|p2|
|l|☆MalteseShark
|player|p1|
