|j|☆Rhizanthes
|j|☆Arcosara
|t:|1750801250
|gametype|doubles
|player|p1|Rhizanthes|liko|1200
|player|p2|Arcosara|miku-water|1237
|teamsize|p1|6
|teamsize|p2|6
|gen|9
|tier|[Gen 9] VGC 2025 Reg I
|rated|
|rule|Species Clause: Limit one of each Pokémon
|rule|Item Clause: Limit 1 of each item
|clearpoke
|poke|p1|Delphox, L50, F|
|poke|p1|Meowscarada, L50, F|
|poke|p1|Miraidon, L50|
|poke|p1|Ho-Oh, L50|
|poke|p1|Iron Bundle, L50|
|poke|p1|Iron Hands, L50|
|poke|p2|Kyogre, L50|
|poke|p2|Basculegion, L50, M|
|poke|p2|Flutter Mane, L50|
|poke|p2|Amoonguss, L50, F|
|poke|p2|Calyrex-Ice, L50|
|poke|p2|Iron Jugulis, L50|
|teampreview|4
|inactive|Battle timer is ON: inactive players will automatically lose when time's up. (requested by Arcosara)
Arcosara has agreed to open team sheets.
Rhizanthes has agreed to open team sheets.
|showteam|p1|Delphox||ThroatSpray|Magician|PsychicNoise,HeatWave,ScorchingSands,DazzlingGleam|||F|||50|,,,,,Fighting]Meowscarada||ChoiceBand|Protean|FlowerTrick,KnockOff,TripleAxel,Uturn|||F|||50|,,,,,Stellar]Miraidon||LifeOrb|HadronEngine|ElectroDrift,VoltSwitch,DazzlingGleam,Protect||||||50|,,,,,Fairy]Ho-Oh||ClearAmulet|Regenerator|SacredFire,BraveBird,Tailwind,Protect||||||50|,,,,,Grass]Iron Bundle||FocusSash|QuarkDrive|FreezeDry,Encore,IcyWind,Protect||||||50|,,,,,Ice]Iron Hands||AssaultVest|QuarkDrive|SupercellSlam,LowKick,DrainPunch,FakeOut||||||50|,,,,,Fighting
|showteam|p2|Kyogre||MysticWater|Drizzle|OriginPulse,Protect,HydroPump,WaterSpout||||||50|,,,,,Grass]Basculegion||LifeOrb|SwiftSwim|WaveCrash,LastRespects,Protect,AquaJet|||M|||50|,,,,,Ghost]Flutter Mane||FocusSash|Protosynthesis|Moonblast,IcyWind,ShadowBall,Taunt||||||50|,,,,,Fairy]Amoonguss||MentalHerb|Regenerator|RagePowder,PollenPuff,Spore,Protect|||F|||50|,,,,,Dark]Calyrex-Ice||Leftovers|AsOneGlastrier|GlacialLance,TrickRoom,LeechSeed,Protect||||||50|,,,,,Fairy]Iron Jugulis||BoosterEnergy|QuarkDrive|Tailwind,Snarl,Protect,Hurricane||||||50|,,,,,Fire
|inactive|Rhizanthes has 60 seconds left.
|inactive|Arcosara has 60 seconds left.
|
|t:|1750801289
|start
|switch|p1a: Meowscarada|Meowscarada, L50, F|100/100
|switch|p1b: Miraidon|Miraidon, L50|100/100
|switch|p2a: Iron Jugulis|Iron Jugulis, L50|100/100
|switch|p2b: Calyrex|Calyrex-Ice, L50|100/100
|-ability|p2b: Calyrex|As One
|-ability|p2b: Calyrex|Unnerve
|-fieldstart|move: Electric Terrain|[from] ability: Hadron Engine|[of] p1b: Miraidon
|-activate|p2a: Iron Jugulis|ability: Quark Drive
|-start|p2a: Iron Jugulis|quarkdrivespe
|turn|1
|inactive|Rhizanthes has 30 seconds left.
|inactive|Arcosara has 30 seconds left.
|
|t:|1750801319
|-terastallize|p1b: Miraidon|Fairy
|move|p2a: Iron Jugulis|Hurricane|p1a: Meowscarada|[miss]
|-miss|p2a: Iron Jugulis|p1a: Meowscarada
|move|p1a: Meowscarada|Knock Off|p2b: Calyrex
|-start|p1a: Meowscarada|typechange|Dark|[from] ability: Protean
|-supereffective|p2b: Calyrex
|-damage|p2b: Calyrex|14/100
|-enditem|p2b: Calyrex|Leftovers|[from] move: Knock Off|[of] p1a: Meowscarada
|move|p1b: Miraidon|Dazzling Gleam|p2a: Iron Jugulis|[spread] p2a,p2b
|-supereffective|p2a: Iron Jugulis
|-damage|p2a: Iron Jugulis|0 fnt
|-damage|p2b: Calyrex|0 fnt
|faint|p2a: Iron Jugulis
|-end|p2a: Iron Jugulis|Quark Drive|[silent]
|faint|p2b: Calyrex
|-damage|p1b: Miraidon|91/100|[from] item: Life Orb
|
|upkeep
|
|t:|1750801327
|switch|p2a: Kyogre|Kyogre, L50|100/100
|switch|p2b: Amoonguss|Amoonguss, L50, F|100/100
|-weather|RainDance|[from] ability: Drizzle|[of] p2a: Kyogre
|turn|2
|
|t:|1750801347
|move|p2b: Amoonguss|Rage Powder|p2b: Amoonguss
|-singleturn|p2b: Amoonguss|move: Rage Powder
|move|p1a: Meowscarada|Knock Off|p2b: Amoonguss
|-damage|p2b: Amoonguss|46/100
|-enditem|p2b: Amoonguss|Mental Herb|[from] move: Knock Off|[of] p1a: Meowscarada
|move|p1b: Miraidon|Volt Switch|p2b: Amoonguss
|-resisted|p2b: Amoonguss
|-damage|p2b: Amoonguss|6/100
|-damage|p1b: Miraidon|82/100|[from] item: Life Orb
|
|t:|1750801359
|switch|p1b: Iron Hands|Iron Hands, L50|100/100|[from] Volt Switch
|-activate|p1b: Iron Hands|ability: Quark Drive
|-start|p1b: Iron Hands|quarkdriveatk
|move|p2a: Kyogre|Water Spout|p1a: Meowscarada|[spread] p1a,p1b
|-damage|p1a: Meowscarada|0 fnt
|-damage|p1b: Iron Hands|11/100
|faint|p1a: Meowscarada
|
|-weather|RainDance|[upkeep]
|upkeep
|
|t:|1750801365
|switch|p1a: Miraidon|Miraidon, L50, tera:Fairy|82/100
|-activate|p1a: Miraidon|ability: Hadron Engine
|turn|3
|
|t:|1750801385
|move|p2a: Kyogre|Protect|p2a: Kyogre
|-singleturn|p2a: Kyogre|Protect
|move|p2b: Amoonguss|Protect|p2b: Amoonguss
|-singleturn|p2b: Amoonguss|Protect
|move|p1b: Iron Hands|Fake Out|p2b: Amoonguss
|-activate|p2b: Amoonguss|move: Protect
|move|p1a: Miraidon|Dazzling Gleam|p2b: Amoonguss|[spread] 
|-activate|p2a: Kyogre|move: Protect
|-activate|p2b: Amoonguss|move: Protect
|
|-weather|RainDance|[upkeep]
|upkeep
|turn|4
|
|t:|1750801395
|-end|p1b: Iron Hands|Quark Drive|[silent]
|switch|p1b: Ho-Oh|Ho-Oh, L50|100/100
|move|p2b: Amoonguss|Rage Powder|p2b: Amoonguss
|-singleturn|p2b: Amoonguss|move: Rage Powder
|move|p1a: Miraidon|Dazzling Gleam|p2b: Amoonguss|[spread] p2a,p2b
|-resisted|p2b: Amoonguss
|-damage|p2a: Kyogre|60/100
|-damage|p2b: Amoonguss|0 fnt
|faint|p2b: Amoonguss
|-damage|p1a: Miraidon|72/100|[from] item: Life Orb
|move|p2a: Kyogre|Water Spout|p1b: Ho-Oh|[spread] p1a,p1b
|-supereffective|p1b: Ho-Oh
|-damage|p1a: Miraidon|11/100
|-damage|p1b: Ho-Oh|4/100
|
|-weather|RainDance|[upkeep]
|upkeep
|turn|5
|
|t:|1750801419
|-terastallize|p2a: Kyogre|Grass
|move|p1a: Miraidon|Electro Drift|p2a: Kyogre
|-resisted|p2a: Kyogre
|-damage|p2a: Kyogre|15/100
|-damage|p1a: Miraidon|2/100|[from] item: Life Orb
|move|p2a: Kyogre|Origin Pulse|p1b: Ho-Oh|[spread] p1a
|-miss|p2a: Kyogre|p1b: Ho-Oh
|-damage|p1a: Miraidon|0 fnt
|faint|p1a: Miraidon
|move|p1b: Ho-Oh|Brave Bird|p2a: Kyogre
|-supereffective|p2a: Kyogre
|-damage|p2a: Kyogre|0 fnt
|faint|p2a: Kyogre
|-damage|p1b: Ho-Oh|0 fnt|[from] Recoil
|faint|p1b: Ho-Oh
|
|win|Rhizanthes
|raw|Rhizanthes's rating: 1200 &rarr; <strong>1228</strong><br />(+28 for winning)
|raw|Arcosara's rating: 1237 &rarr; <strong>1209</strong><br />(-28 for losing)
|l|☆Arcosara
|player|p2|
|l|☆Rhizanthes
|player|p1|
