|j|☆GrizHawk
|j|☆TheRogueElf
|t:|1750868057
|gametype|doubles
|player|p1|GrizHawk|170|1270
|player|p2|TheRogueElf|169|1253
|teamsize|p1|6
|teamsize|p2|6
|gen|9
|tier|[Gen 9] VGC 2025 Reg I
|rated|
|rule|Species Clause: Limit one of each Pokémon
|rule|Item Clause: Limit 1 of each item
|clearpoke
|poke|p1|Amoonguss, L50, F|
|poke|p1|Calyrex-Ice, L50|
|poke|p1|Kyogre, L50|
|poke|p1|Grimmsnarl, L50, M|
|poke|p1|Flutter Mane, L50|
|poke|p1|Basculegion, L50, M|
|poke|p2|Miraidon, L50|
|poke|p2|Farigiraf, L50, F|
|poke|p2|Flutter Mane, L50|
|poke|p2|Landorus, L50, M|
|poke|p2|Iron Jugulis, L50|
|poke|p2|Koraidon, L50|
|teampreview|4
GrizHawk has agreed to open team sheets.
|inactive|Battle timer is ON: inactive players will automatically lose when time's up. (requested by GrizHawk)
|inactive|TheRogueElf has 60 seconds left.
|
|t:|1750868119
|start
|switch|p1a: Amoonguss|Amoonguss, L50, F|100/100
|switch|p1b: Calyrex|Calyrex-Ice, L50|100/100
|switch|p2a: Koraidon|Koraidon, L50|100/100
|switch|p2b: Farigiraf|Farigiraf, L50, F|100/100
|-ability|p1b: Calyrex|As One
|-ability|p1b: Calyrex|Unnerve
|-weather|SunnyDay|[from] ability: Orichalcum Pulse|[of] p2a: Koraidon
|-activate|p2a: Koraidon|Orichalcum Pulse|[source]
|turn|1
|inactive|GrizHawk has 30 seconds left.
|inactive|TheRogueElf has 30 seconds left.
|inactive|GrizHawk has 20 seconds left.
|inactive|GrizHawk has 15 seconds left.
|
|t:|1750868161
|switch|p1a: Kyogre|Kyogre, L50|100/100
|-weather|RainDance|[from] ability: Drizzle|[of] p1a: Kyogre
|-terastallize|p2a: Koraidon|Fire
|move|p2a: Koraidon|Flare Blitz|p1a: Kyogre
|-resisted|p1a: Kyogre
|-damage|p1a: Kyogre|81/100
|-damage|p2a: Koraidon|94/100|[from] Recoil
|move|p2b: Farigiraf|Imprison|p2b: Farigiraf
|-start|p2b: Farigiraf|move: Imprison
|cant|p1b: Calyrex|move: Imprison|Trick Room
|
|-weather|RainDance|[upkeep]
|upkeep
|turn|2
|inactive|GrizHawk has 30 seconds left.
|inactive|TheRogueElf has 30 seconds left.
|inactive|TheRogueElf has 20 seconds left.
|inactive|TheRogueElf has 15 seconds left.
|inactive|TheRogueElf has 10 seconds left.
|inactive|TheRogueElf has 5 seconds left.
|
|t:|1750868212
|move|p2b: Farigiraf|Helping Hand|p2a: Koraidon
|-singleturn|p2a: Koraidon|Helping Hand|[of] p2b: Farigiraf
|move|p2a: Koraidon|Collision Course|p1a: Kyogre
|-damage|p1a: Kyogre|0 fnt
|faint|p1a: Kyogre
|move|p1b: Calyrex|Glacial Lance|p2a: Koraidon|[spread] p2a,p2b
|-resisted|p2a: Koraidon
|-damage|p2a: Koraidon|73/100
|-damage|p2b: Farigiraf|50/100
|
|-weather|RainDance|[upkeep]
|upkeep
|
|t:|1750868223
|switch|p1a: Amoonguss|Amoonguss, L50, F|100/100
|turn|3
|inactive|TheRogueElf has 30 seconds left.
|inactive|TheRogueElf has 20 seconds left.
|inactive|TheRogueElf has 15 seconds left.
|
|t:|1750868266
|switch|p2a: Miraidon|Miraidon, L50|100/100
|-fieldstart|move: Electric Terrain|[from] ability: Hadron Engine|[of] p2a: Miraidon
|-enditem|p2b: Farigiraf|Electric Seed
|-boost|p2b: Farigiraf|def|1|[from] item: Electric Seed
|move|p1b: Calyrex|Protect|p1b: Calyrex
|-singleturn|p1b: Calyrex|Protect
|move|p2b: Farigiraf|Psychic Noise|p1a: Amoonguss
|-supereffective|p1a: Amoonguss
|-damage|p1a: Amoonguss|51/100
|-start|p1a: Amoonguss|move: Heal Block
|move|p1a: Amoonguss|Spore|p2a: Miraidon
|-activate|p2a: Miraidon|move: Electric Terrain
|
|-weather|RainDance|[upkeep]
|upkeep
|turn|4
|
|t:|1750868290
|move|p1a: Amoonguss|Rage Powder|p1a: Amoonguss
|-singleturn|p1a: Amoonguss|move: Rage Powder
|move|p2a: Miraidon|Volt Switch|p1a: Amoonguss
|-resisted|p1a: Amoonguss
|-damage|p1a: Amoonguss|24/100
|
|t:|1750868295
|switch|p2a: Koraidon|Koraidon, L50, tera:Fire|73/100|[from] Volt Switch
|-weather|SunnyDay|[from] ability: Orichalcum Pulse|[of] p2a: Koraidon
|-activate|p2a: Koraidon|Orichalcum Pulse|[source]
|move|p2b: Farigiraf|Psychic Noise|p1a: Amoonguss
|-supereffective|p1a: Amoonguss
|-damage|p1a: Amoonguss|0 fnt
|faint|p1a: Amoonguss
|move|p1b: Calyrex|Glacial Lance|p2b: Farigiraf|[spread] p2a,p2b
|-resisted|p2a: Koraidon
|-damage|p2a: Koraidon|51/100
|-damage|p2b: Farigiraf|18/100
|
|-weather|SunnyDay|[upkeep]
|upkeep
|
|t:|1750868303
|switch|p1a: Flutter Mane|Flutter Mane, L50|100/100
|-activate|p1a: Flutter Mane|ability: Protosynthesis
|-start|p1a: Flutter Mane|protosynthesisspe
|turn|5
|inactive|TheRogueElf has 30 seconds left.
|
|t:|1750868331
|move|p1a: Flutter Mane|Shadow Ball|p2a: Koraidon
|-damage|p2a: Koraidon|8/100
|move|p2a: Koraidon|Flare Blitz|p1a: Flutter Mane
|-enditem|p1a: Flutter Mane|Focus Sash
|-damage|p1a: Flutter Mane|1/100
|-damage|p2a: Koraidon|0 fnt|[from] Recoil
|faint|p2a: Koraidon
|move|p2b: Farigiraf|Psychic Noise|p1a: Flutter Mane
|-damage|p1a: Flutter Mane|0 fnt
|faint|p1a: Flutter Mane
|-end|p1a: Flutter Mane|Protosynthesis|[silent]
|move|p1b: Calyrex|Glacial Lance|p2b: Farigiraf
|-damage|p2b: Farigiraf|0 fnt
|faint|p2b: Farigiraf
|-ability|p1b: Calyrex|Chilling Neigh|boost
|-boost|p1b: Calyrex|atk|1
|
|-weather|SunnyDay|[upkeep]
|upkeep
|
|t:|1750868352
|switch|p2a: Miraidon|Miraidon, L50|100/100
|switch|p2b: Flutter Mane|Flutter Mane, L50, shiny|100/100
|-activate|p2a: Miraidon|ability: Hadron Engine
|-activate|p2b: Flutter Mane|ability: Protosynthesis
|-start|p2b: Flutter Mane|protosynthesisspe
|turn|6
|inactive|GrizHawk has 30 seconds left.
|
|t:|1750868377
|-terastallize|p1b: Calyrex|Fairy
|move|p2b: Flutter Mane|Shadow Ball|p1b: Calyrex
|-damage|p1b: Calyrex|76/100
|move|p2a: Miraidon|Electro Drift|p1b: Calyrex
|-damage|p1b: Calyrex|21/100
|move|p1b: Calyrex|Trick Room|p1b: Calyrex
|-fieldstart|move: Trick Room|[of] p1b: Calyrex
|
|-weather|SunnyDay|[upkeep]
|-heal|p1b: Calyrex|27/100|[from] item: Leftovers
|upkeep
|turn|7
|inactive|TheRogueElf has 30 seconds left.
|
|t:|1750868405
|move|p1b: Calyrex|Protect|p1b: Calyrex
|-singleturn|p1b: Calyrex|Protect
|move|p2a: Miraidon|Electro Drift|p1b: Calyrex
|-activate|p1b: Calyrex|move: Protect
|move|p2b: Flutter Mane|Shadow Ball|p1b: Calyrex
|-activate|p1b: Calyrex|move: Protect
|
|-weather|SunnyDay|[upkeep]
|-heal|p1b: Calyrex|32/100|[from] item: Leftovers
|-fieldend|move: Electric Terrain
|upkeep
|turn|8
|
|t:|1750868424
|move|p1b: Calyrex|Glacial Lance|p2a: Miraidon|[spread] p2a,p2b
|-supereffective|p2a: Miraidon
|-damage|p2a: Miraidon|0 fnt
|-enditem|p2b: Flutter Mane|Focus Sash
|-damage|p2b: Flutter Mane|1/100
|faint|p2a: Miraidon
|-ability|p1b: Calyrex|Chilling Neigh|boost
|-boost|p1b: Calyrex|atk|1
|move|p2b: Flutter Mane|Shadow Ball|p1b: Calyrex
|-damage|p1b: Calyrex|10/100
|-unboost|p1b: Calyrex|spd|1
|
|-weather|none
|-end|p2b: Flutter Mane|Protosynthesis
|-heal|p1b: Calyrex|16/100|[from] item: Leftovers
|upkeep
|turn|9
|
|t:|1750868441
|move|p2b: Flutter Mane|Protect|p2b: Flutter Mane
|-singleturn|p2b: Flutter Mane|Protect
|move|p1b: Calyrex|Glacial Lance|p2b: Flutter Mane
|-activate|p2b: Flutter Mane|move: Protect
|
|-heal|p1b: Calyrex|22/100|[from] item: Leftovers
|upkeep
|turn|10
|
|t:|1750868452
|move|p2b: Flutter Mane|Protect||[still]
|-fail|p2b: Flutter Mane
|move|p1b: Calyrex|Glacial Lance|p2b: Flutter Mane
|-damage|p2b: Flutter Mane|0 fnt
|faint|p2b: Flutter Mane
|-end|p2b: Flutter Mane|Protosynthesis|[silent]
|
|win|GrizHawk
|raw|GrizHawk's rating: 1270 &rarr; <strong>1294</strong><br />(+24 for winning)
|raw|TheRogueElf's rating: 1253 &rarr; <strong>1229</strong><br />(-24 for losing)
