|j|☆monstermixmuffin
|j|☆Typhon1175
|html|<table width="100%"><tr><td align="left">monstermixmuffin</td><td align="right">Typhon1175</tr><tr><td align="left"><i class="fa fa-circle-o"></i> <i class="fa fa-circle-o"></i> </td><td align="right"><i class="fa fa-circle-o"></i> <i class="fa fa-circle"></i> </tr></table>
|uhtml|bestof|<h2><strong>Game 2</strong> of <a href="/game-bestof3-gen9vgc2025regi-2391672566">a best-of-3</a></h2>
|t:|1750882633
|gametype|doubles
|player|p1|monstermixmuffin|hanbei-conquest|
|player|p2|Typhon1175|caitlin-masters|
|teamsize|p1|6
|teamsize|p2|6
|gen|9
|tier|[Gen 9] VGC 2025 Reg I
|rule|Species Clause: Limit one of each Pokémon
|rule|Item Clause: Limit 1 of each item
|rule|Terastal Clause: You cannot Terastallize
|raw|<div class="infobox"><details class="readmore"><summary><strong>51 custom rules:</strong></summary> Terastal Clause, -All Pokemon, +Unobtainable, +Past, !!Min Source Gen = 1, bestof=3, -ND Uber, -ND AG, -ND OU, -ND UUBL, -ND UU, -ND RUBL, -ND RU, -ND NFE, -ND LC, +Tyranitar-Base, +Masquerain, +Electrode-Base, +Arctozolt, +Honchkrow, +Mienshao, +Simisage, +Luvdisc, +Quaquaval, +Toedscruel, +Grapploct, +Slowking-Base, +Smeargle, +Tangrowth, +Furfrou, +Rabsca, +Drakloak, +Mimikyu-Base, +Uxie, +Primeape, +Purugly, +Orbeetle, +Glimmora, +Klawf, +Archeops, +Espeon, +Arbok, +Dugtrio-Alola, +Slowking-Galar, +Ditto, +Bruxish, +Escavalier, +Simipour, +Calyrex-Base, +Lunatone, -Tyranitarite</details></div>
|clearpoke
|poke|p1|Escavalier, L50, M|
|poke|p1|Glimmora, L50, F|
|poke|p1|Dugtrio-Alola, L50, F|
|poke|p1|Espeon, L50, M|
|poke|p1|Tangrowth, L50, F|
|poke|p1|Tyranitar, L50, M|
|poke|p2|Masquerain, L50, M|
|poke|p2|Tyranitar, L50, F|
|poke|p2|Dugtrio-Alola, L50, F|
|poke|p2|Glimmora, L50, F|
|poke|p2|Mienshao, L50, F|
|poke|p2|Tangrowth, L50, M|
|teampreview|4
Typhon1175 has agreed to open team sheets.
monstermixmuffin has agreed to open team sheets.
|showteam|p1|Escavalier||ClearAmulet|Overcoat|Taunt,Megahorn,IronHead,CloseCombat|||M|||50|]Glimmora||PowerHerb|ToxicDebris|MeteorBeam,SludgeBomb,EarthPower,SpikyShield|||F|||50|]Dugtrio-Alola||LifeOrb|SandForce|RockSlide,Protect,IronHead,HighHorsepower|||F|||50|]Espeon||ChoiceSpecs|MagicBounce|Psychic,AlluringVoice,Trick,ShadowBall|||M|||50|]Tangrowth||EjectPack|Regenerator|GigaDrain,KnockOff,RagePowder,SleepPowder|||F|||50|]Tyranitar||FocusSash|SandStream|Taunt,RockSlide,Crunch,LowKick|||M|||50|
|showteam|p2|Masquerain||FocusSash|Intimidate|Tailwind,BugBuzz,Hurricane,Protect|||M|||50|]Tyranitar||AirBalloon|SandStream|KnockOff,DragonDance,RockSlide,Protect|||F|||50|]Dugtrio-Alola||ClearAmulet|SandForce|Earthquake,RockSlide,IronHead,Protect|||F|||50|]Glimmora||PowerHerb|ToxicDebris|SludgeWave,MeteorBeam,EarthPower,EnergyBall|||F|||50|]Mienshao||LifeOrb|InnerFocus|FakeOut,TripleAxel,CloseCombat,WideGuard|||F|||50|]Tangrowth||SitrusBerry|Regenerator|RagePowder,GigaDrain,StunSpore,KnockOff|||M|||50|
|j| RetroDude42YT
|
|t:|1750882689
|start
|switch|p1a: Lancelot|Escavalier, L50, M|100/100
|switch|p1b: Sailor Neptune|Tangrowth, L50, F, shiny|100/100
|switch|p2a: Kafka Hibino|Tyranitar, L50, F|100/100
|switch|p2b: Kiokru Shinomiya|Dugtrio-Alola, L50, F|100/100
|-weather|Sandstorm|[from] ability: Sand Stream|[of] p2a: Kafka Hibino
|-item|p2a: Kafka Hibino|Air Balloon
|turn|1
|
|t:|1750882754
|move|p1b: Sailor Neptune|Rage Powder|p1b: Sailor Neptune
|-singleturn|p1b: Sailor Neptune|move: Rage Powder
|move|p2b: Kiokru Shinomiya|Earthquake|p1a: Lancelot|[spread] p1a,p1b
|-immune|p2a: Kafka Hibino
|-resisted|p1b: Sailor Neptune
|-damage|p1a: Lancelot|60/100
|-damage|p1b: Sailor Neptune|89/100
|move|p2a: Kafka Hibino|Rock Slide|p1b: Sailor Neptune|[spread] p1a,p1b
|-damage|p1a: Lancelot|28/100
|-damage|p1b: Sailor Neptune|73/100
|move|p1a: Lancelot|Close Combat|p2b: Kiokru Shinomiya
|-supereffective|p2b: Kiokru Shinomiya
|-crit|p2b: Kiokru Shinomiya
|-damage|p2b: Kiokru Shinomiya|0 fnt
|-unboost|p1a: Lancelot|def|1
|-unboost|p1a: Lancelot|spd|1
|faint|p2b: Kiokru Shinomiya
|
|-weather|Sandstorm|[upkeep]
|-damage|p1b: Sailor Neptune|67/100|[from] Sandstorm
|upkeep
|
|t:|1750882772
|switch|p2b: Tangrowth|Tangrowth, L50, M|100/100
|turn|2
|
|t:|1750882787
|switch|p1a: TPPG|Dugtrio-Alola, L50, F|100/100
|move|p2b: Tangrowth|Rage Powder|p2b: Tangrowth
|-singleturn|p2b: Tangrowth|move: Rage Powder
|move|p2a: Kafka Hibino|Rock Slide|p1b: Sailor Neptune|[spread] p1a,p1b
|-resisted|p1a: TPPG
|-damage|p1a: TPPG|81/100
|-damage|p1b: Sailor Neptune|51/100
|move|p1b: Sailor Neptune|Giga Drain|p2a: Kafka Hibino
|-supereffective|p2a: Kafka Hibino
|-damage|p2a: Kafka Hibino|63/100
|-heal|p1b: Sailor Neptune|67/100|[from] drain|[of] p2a: Kafka Hibino
|-enditem|p2a: Kafka Hibino|Air Balloon
|
|-weather|Sandstorm|[upkeep]
|-damage|p2b: Tangrowth|95/100|[from] Sandstorm
|-damage|p1b: Sailor Neptune|61/100|[from] Sandstorm
|upkeep
|turn|3
|
|t:|1750882816
|switch|p1a: Lancelot|Escavalier, L50, M|28/100
|move|p2b: Tangrowth|Rage Powder|p2b: Tangrowth
|-singleturn|p2b: Tangrowth|move: Rage Powder
|move|p2a: Kafka Hibino|Knock Off|p1a: Lancelot
|-damage|p1a: Lancelot|0 fnt
|-enditem|p1a: Lancelot|Clear Amulet|[from] move: Knock Off|[of] p2a: Kafka Hibino
|faint|p1a: Lancelot
|move|p1b: Sailor Neptune|Sleep Powder|p2a: Kafka Hibino|[miss]
|-miss|p1b: Sailor Neptune|p2a: Kafka Hibino
|
|-weather|Sandstorm|[upkeep]
|-damage|p2b: Tangrowth|89/100|[from] Sandstorm
|-damage|p1b: Sailor Neptune|55/100|[from] Sandstorm
|upkeep
|
|t:|1750882832
|switch|p1a: Vicious|Tyranitar, L50, M|100/100
|turn|4
|c|☆monstermixmuffin|i have the wrong item
|c|☆Typhon1175|oh rip
|c|☆monstermixmuffin|o well
|
|t:|1750882899
|move|p2b: Tangrowth|Rage Powder|p2b: Tangrowth
|-singleturn|p2b: Tangrowth|move: Rage Powder
|move|p1b: Sailor Neptune|Rage Powder|p1b: Sailor Neptune
|-singleturn|p1b: Sailor Neptune|move: Rage Powder
|move|p2a: Kafka Hibino|Knock Off|p1b: Sailor Neptune
|-damage|p1b: Sailor Neptune|28/100
|-enditem|p1b: Sailor Neptune|Eject Pack|[from] move: Knock Off|[of] p2a: Kafka Hibino
|move|p1a: Vicious|Taunt|p2b: Tangrowth
|-start|p2b: Tangrowth|move: Taunt
|
|-weather|Sandstorm|[upkeep]
|-damage|p2b: Tangrowth|83/100|[from] Sandstorm
|-damage|p1b: Sailor Neptune|22/100|[from] Sandstorm
|upkeep
|turn|5
|inactive|Battle timer is ON: inactive players will automatically lose when time's up. (requested by monstermixmuffin)
|
|t:|1750882963
|move|p2a: Kafka Hibino|Protect|p2a: Kafka Hibino
|-singleturn|p2a: Kafka Hibino|Protect
|move|p1b: Sailor Neptune|Rage Powder|p1b: Sailor Neptune
|-singleturn|p1b: Sailor Neptune|move: Rage Powder
|move|p1a: Vicious|Low Kick|p2a: Kafka Hibino
|-activate|p2a: Kafka Hibino|move: Protect
|move|p2b: Tangrowth|Giga Drain|p1a: Vicious
|-supereffective|p1a: Vicious
|-damage|p1a: Vicious|65/100
|-heal|p2b: Tangrowth|98/100|[from] drain|[of] p1a: Vicious
|
|-weather|none
|upkeep
|turn|6
|
|t:|1750882984
|switch|p2a: Glimmora|Glimmora, L50, F|100/100
|move|p1a: Vicious|Low Kick|p2a: Glimmora
|-damage|p2a: Glimmora|70/100
|-activate|p2a: Glimmora|ability: Toxic Debris
|-sidestart|p1: monstermixmuffin|move: Toxic Spikes
|move|p2b: Tangrowth|Giga Drain|p1a: Vicious
|-supereffective|p1a: Vicious
|-damage|p1a: Vicious|10/100
|-heal|p2b: Tangrowth|100/100|[from] drain|[of] p1a: Vicious
|move|p1b: Sailor Neptune|Knock Off|p2b: Tangrowth
|-damage|p2b: Tangrowth|89/100
|-enditem|p2b: Tangrowth|Sitrus Berry|[from] move: Knock Off|[of] p1b: Sailor Neptune
|
|upkeep
|turn|7
|inactive|Typhon1175 has 30 seconds left.
|j| Rooftni
|
|t:|1750883022
|switch|p1a: TPPG|Dugtrio-Alola, L50, F|81/100
|move|p2a: Glimmora|Meteor Beam||[still]
|-prepare|p2a: Glimmora|Meteor Beam
|-boost|p2a: Glimmora|spa|1
|-enditem|p2a: Glimmora|Power Herb
|-anim|p2a: Glimmora|Meteor Beam|p1b: Sailor Neptune
|-damage|p1b: Sailor Neptune|0 fnt
|faint|p1b: Sailor Neptune
|move|p2b: Tangrowth|Giga Drain|p1a: TPPG
|-damage|p1a: TPPG|24/100
|-heal|p2b: Tangrowth|100/100|[from] drain|[of] p1a: TPPG
|
|-end|p2b: Tangrowth|move: Taunt
|upkeep
|
|t:|1750883024
|switch|p1b: Vicious|Tyranitar, L50, M|10/100
|-status|p1b: Vicious|psn
|-weather|Sandstorm|[from] ability: Sand Stream|[of] p1b: Vicious
|turn|8
|l| Rooftni
|
|t:|1750883046
|move|p1a: TPPG|Protect|p1a: TPPG
|-singleturn|p1a: TPPG|Protect
|move|p2b: Tangrowth|Rage Powder|p2b: Tangrowth
|-singleturn|p2b: Tangrowth|move: Rage Powder
|move|p2a: Glimmora|Earth Power|p1a: TPPG
|-activate|p1a: TPPG|move: Protect
|move|p1b: Vicious|Taunt|p2b: Tangrowth
|-start|p2b: Tangrowth|move: Taunt
|
|-weather|Sandstorm|[upkeep]
|-damage|p2b: Tangrowth|95/100|[from] Sandstorm
|-damage|p1b: Vicious|0 fnt|[from] psn
|faint|p1b: Vicious
|upkeep
|turn|9
|j| Rooftni
|c|☆monstermixmuffin|ggs i gtg by
|inactive|Typhon1175 has 30 seconds left.
|
|t:|1750883073
|move|p1a: TPPG|High Horsepower|p2a: Glimmora
|-supereffective|p2a: Glimmora
|-damage|p2a: Glimmora|0 fnt
|-activate|p2a: Glimmora|ability: Toxic Debris
|-sidestart|p1: monstermixmuffin|move: Toxic Spikes
|faint|p2a: Glimmora
|-damage|p1a: TPPG|14/100|[from] item: Life Orb
|move|p2b: Tangrowth|Giga Drain|p1a: TPPG
|-damage|p1a: TPPG|0 fnt
|-heal|p2b: Tangrowth|99/100|[from] drain|[of] p1a: TPPG
|faint|p1a: TPPG
|
|win|Typhon1175
|c|☆monstermixmuffin|bye
|c|☆Typhon1175|ggswp
|c|☆Typhon1175|bye
|l| Rooftni
