|j|☆marcxhenry
|j|☆Zordor
|t:|1750710148
|gametype|doubles
|player|p1|marcxhenry|plasmagrunt-gen5bw|1611
|player|p2|Zordor|pilot|1643
|teamsize|p1|6
|teamsize|p2|6
|gen|9
|tier|[Gen 9] VGC 2025 Reg I
|rated|
|rule|Species Clause: Limit one of each Pokémon
|rule|Item Clause: Limit 1 of each item
|clearpoke
|poke|p1|Calyrex-Shadow, L50|
|poke|p1|Urshifu-*, L50, M|
|poke|p1|Tsareena, L50, F|
|poke|p1|Roaring Moon, L50|
|poke|p1|Kyogre, L50|
|poke|p1|Kingambit, L50, M|
|poke|p2|Entei, L50|
|poke|p2|Walking Wake, L50|
|poke|p2|Groudon, L50|
|poke|p2|Zacian-*, L50|
|poke|p2|Thundurus, L50, M|
|poke|p2|Ogerpon-Wellspring, L50, F|
|teampreview|4
|
|t:|1750710194
|start
|switch|p1a: Roter Baron|Roaring Moon, L50, shiny|100/100
|switch|p1b: Kaiser Karl|Calyrex-Shadow, L50|100/100
|switch|p2a: Thundurus|Thundurus, L50, M|100/100
|switch|p2b: Zacian|Zacian-Crowned, L50|100/100
|-ability|p1b: Kaiser Karl|As One
|-ability|p1b: Kaiser Karl|Unnerve
|-ability|p2b: Zacian|Intrepid Sword|boost
|-boost|p2b: Zacian|atk|1
|-enditem|p1a: Roter Baron|Booster Energy
|-activate|p1a: Roter Baron|ability: Protosynthesis|[fromitem]
|-start|p1a: Roter Baron|protosynthesisspe
|turn|1
|
|t:|1750710214
|move|p1b: Kaiser Karl|Protect|p1b: Kaiser Karl
|-singleturn|p1b: Kaiser Karl|Protect
|move|p1a: Roter Baron|Tailwind|p1a: Roter Baron
|-sidestart|p1: marcxhenry|move: Tailwind
|move|p2b: Zacian|Behemoth Blade|p1b: Kaiser Karl
|-activate|p1b: Kaiser Karl|move: Protect
|move|p2a: Thundurus|Electroweb|p1a: Roter Baron|[spread] p1a
|-activate|p1b: Kaiser Karl|move: Protect
|-resisted|p1a: Roter Baron
|-damage|p1a: Roter Baron|93/100
|-unboost|p1a: Roter Baron|spe|1
|
|upkeep
|turn|2
|
|t:|1750710230
|-end|p1a: Roter Baron|Protosynthesis|[silent]
|switch|p1a: Hitmonshe|Tsareena, L50, F, shiny|100/100
|move|p2a: Thundurus|Eerie Impulse||[still]
|cant|p1a: Hitmonshe|ability: Queenly Majesty|Eerie Impulse|[of] p2a: Thundurus
|move|p1b: Kaiser Karl|Astral Barrage|p2a: Thundurus|[spread] p2a,p2b
|-crit|p2a: Thundurus
|-damage|p2a: Thundurus|13/100
|-damage|p2b: Zacian|54/100
|move|p2b: Zacian|Behemoth Blade|p1b: Kaiser Karl
|-enditem|p1b: Kaiser Karl|Focus Sash
|-damage|p1b: Kaiser Karl|1/100
|
|upkeep
|turn|3
|
|t:|1750710253
|move|p2b: Zacian|Protect|p2b: Zacian
|-singleturn|p2b: Zacian|Protect
|move|p1b: Kaiser Karl|Astral Barrage|p2a: Thundurus|[spread] p2a
|-activate|p2b: Zacian|move: Protect
|-damage|p2a: Thundurus|0 fnt
|faint|p2a: Thundurus
|-ability|p1b: Kaiser Karl|Grim Neigh|boost
|-boost|p1b: Kaiser Karl|spa|1
|move|p1a: Hitmonshe|Power Whip|p2b: Zacian
|-activate|p2b: Zacian|move: Protect
|
|upkeep
|
|t:|1750710274
|switch|p2a: Walking Wake|Walking Wake, L50|100/100
|-enditem|p2a: Walking Wake|Booster Energy
|-activate|p2a: Walking Wake|ability: Protosynthesis|[fromitem]
|-start|p2a: Walking Wake|protosynthesisspe
|turn|4
|
|t:|1750710315
|switch|p2b: Groudon|Groudon, L50|100/100
|-weather|SunnyDay|[from] ability: Drought|[of] p2b: Groudon
|move|p2a: Walking Wake|Protect|p2a: Walking Wake
|-singleturn|p2a: Walking Wake|Protect
|move|p1b: Kaiser Karl|Astral Barrage|p2b: Groudon|[spread] p2b
|-activate|p2a: Walking Wake|move: Protect
|-damage|p2b: Groudon|28/100
|move|p1a: Hitmonshe|Power Whip|p2b: Groudon
|-supereffective|p2b: Groudon
|-damage|p2b: Groudon|0 fnt
|faint|p2b: Groudon
|
|-weather|SunnyDay|[upkeep]
|-sideend|p1: marcxhenry|move: Tailwind
|upkeep
|
|t:|1750710323
|switch|p2b: Zacian|Zacian-Crowned, L50|54/100
|turn|5
|
|t:|1750710352
|switch|p1b: Tirpitz|Kyogre, L50, shiny|100/100
|-weather|RainDance|[from] ability: Drizzle|[of] p1b: Tirpitz
|move|p2a: Walking Wake|Snarl|p1a: Hitmonshe|[spread] p1a,p1b
|-damage|p1a: Hitmonshe|86/100
|-damage|p1b: Tirpitz|90/100
|-unboost|p1a: Hitmonshe|spa|1
|-unboost|p1b: Tirpitz|spa|1
|move|p2b: Zacian|Play Rough|p1a: Hitmonshe
|-damage|p1a: Hitmonshe|25/100
|move|p1a: Hitmonshe|Power Whip|p2a: Walking Wake
|-damage|p2a: Walking Wake|37/100
|
|-weather|RainDance|[upkeep]
|upkeep
|turn|6
|
|t:|1750710386
|move|p2a: Walking Wake|Protect|p2a: Walking Wake
|-singleturn|p2a: Walking Wake|Protect
|move|p2b: Zacian|Behemoth Blade|p1a: Hitmonshe
|-damage|p1a: Hitmonshe|0 fnt
|faint|p1a: Hitmonshe
|move|p1b: Tirpitz|Origin Pulse|p2a: Walking Wake|[spread] 
|-activate|p2a: Walking Wake|move: Protect
|-miss|p1b: Tirpitz|p2b: Zacian
|
|-weather|RainDance|[upkeep]
|upkeep
|
|t:|1750710397
|switch|p1a: Roter Baron|Roaring Moon, L50, shiny|93/100
|turn|7
|
|t:|1750710405
|-terastallize|p1a: Roter Baron|Flying
|move|p2a: Walking Wake|Snarl|p1a: Roter Baron|[spread] p1a,p1b
|-damage|p1a: Roter Baron|79/100
|-damage|p1b: Tirpitz|80/100
|-unboost|p1a: Roter Baron|spa|1
|-unboost|p1b: Tirpitz|spa|1
|move|p2b: Zacian|Play Rough|p1a: Roter Baron
|-damage|p1a: Roter Baron|23/100
|move|p1a: Roter Baron|Tailwind|p1a: Roter Baron
|-sidestart|p1: marcxhenry|move: Tailwind
|move|p1b: Tirpitz|Origin Pulse|p2a: Walking Wake|[spread] p2a,p2b
|-resisted|p2a: Walking Wake
|-damage|p2a: Walking Wake|21/100
|-damage|p2b: Zacian|2/100
|
|-weather|RainDance|[upkeep]
|upkeep
|turn|8
|
|t:|1750710424
|move|p2a: Walking Wake|Protect|p2a: Walking Wake
|-singleturn|p2a: Walking Wake|Protect
|move|p2b: Zacian|Protect|p2b: Zacian
|-singleturn|p2b: Zacian|Protect
|move|p1a: Roter Baron|Knock Off|p2a: Walking Wake
|-activate|p2a: Walking Wake|move: Protect
|move|p1b: Tirpitz|Origin Pulse|p2b: Zacian|[spread] 
|-activate|p2a: Walking Wake|move: Protect
|-activate|p2b: Zacian|move: Protect
|
|-weather|RainDance|[upkeep]
|upkeep
|turn|9
|
|t:|1750710437
|move|p1a: Roter Baron|Knock Off|p2a: Walking Wake
|-damage|p2a: Walking Wake|0 fnt
|faint|p2a: Walking Wake
|-end|p2a: Walking Wake|Protosynthesis|[silent]
|move|p1b: Tirpitz|Origin Pulse|p2b: Zacian
|-damage|p2b: Zacian|0 fnt
|faint|p2b: Zacian
|
|win|marcxhenry
|raw|marcxhenry's rating: 1611 &rarr; <strong>1633</strong><br />(+22 for winning)
|raw|Zordor's rating: 1643 &rarr; <strong>1621</strong><br />(-22 for losing)
|l|☆Zordor
|player|p2|
|l|☆marcxhenry
|player|p1|
