|j|☆pokemonmastern2009
|j|☆sunnypp
|t:|1750848969
|gametype|doubles
|player|p1|pokemonmastern2009|steven|1595
|player|p2|sunnypp|arven-s|1517
|teamsize|p1|6
|teamsize|p2|6
|gen|9
|tier|[Gen 9] VGC 2025 Reg I
|rated|
|rule|Species Clause: Limit one of each Pokémon
|rule|Item Clause: Limit 1 of each item
|clearpoke
|poke|p1|Calyrex-Shadow, L50|
|poke|p1|Lunala, L50|
|poke|p1|Dondozo, L50, F|
|poke|p1|Tatsugiri-Droopy, L50, M|
|poke|p1|Flutter Mane, L50|
|poke|p1|Scream Tail, L50|
|poke|p2|Koraidon, L50|
|poke|p2|Groudon, L50|
|poke|p2|Hariyama, L50, M|
|poke|p2|Chien-Pao, L50|
|poke|p2|Flutter Mane, L50|
|poke|p2|Ogerpon-Cornerstone, L50, F|
|teampreview|4
|inactive|Battle timer is ON: inactive players will automatically lose when time's up. (requested by sunnypp)
|inactive|pokemonmastern2009 also wants the timer to be on.
|j| Mknt
|
|t:|1750848996
|start
|switch|p1a: Tatsugiri|Tatsugiri-Droopy, L50, M|100/100
|switch|p1b: Flutter Mane|Flutter Mane, L50|100/100
|switch|p2a: Groudon|Groudon, L50|100/100
|switch|p2b: Flutter Mane|Flutter Mane, L50|100/100
|-weather|SunnyDay|[from] ability: Drought|[of] p2a: Groudon
|-activate|p1b: Flutter Mane|ability: Protosynthesis
|-start|p1b: Flutter Mane|protosynthesisspe
|-activate|p2b: Flutter Mane|ability: Protosynthesis
|-start|p2b: Flutter Mane|protosynthesisspe
|turn|1
|inactive|sunnypp has 30 seconds left.
|
|t:|1750849021
|move|p1a: Tatsugiri|Protect|p1a: Tatsugiri
|-singleturn|p1a: Tatsugiri|Protect
|move|p1b: Flutter Mane|Perish Song|p1b: Flutter Mane
|-start|p1a: Tatsugiri|perish3|[silent]
|-start|p1b: Flutter Mane|perish3|[silent]
|-start|p2a: Groudon|perish3|[silent]
|-start|p2b: Flutter Mane|perish3|[silent]
|-fieldactivate|move: Perish Song
|move|p2b: Flutter Mane|Moonblast|p1b: Flutter Mane
|-crit|p1b: Flutter Mane
|-damage|p1b: Flutter Mane|0 fnt
|faint|p1b: Flutter Mane
|-end|p1b: Flutter Mane|Protosynthesis|[silent]
|move|p2a: Groudon|High Horsepower|p1a: Tatsugiri
|-activate|p1a: Tatsugiri|move: Protect
|
|-weather|SunnyDay|[upkeep]
|-start|p2b: Flutter Mane|perish3
|-start|p1a: Tatsugiri|perish3
|-start|p2a: Groudon|perish3
|upkeep
|
|t:|1750849031
|switch|p1b: Dondozo|Dondozo, L50, F|100/100
|-activate|p1a: Tatsugiri|ability: Commander|[of] p1b: Dondozo
|-boost|p1b: Dondozo|atk|2
|-boost|p1b: Dondozo|spa|2
|-boost|p1b: Dondozo|spe|2
|-boost|p1b: Dondozo|def|2
|-boost|p1b: Dondozo|spd|2
|turn|2
|
|t:|1750849050
|-end|p2b: Flutter Mane|Protosynthesis|[silent]
|switch|p2b: Chien-Pao|Chien-Pao, L50|100/100
|-ability|p2b: Chien-Pao|Sword of Ruin
|switch|p2a: Koraidon|Koraidon, L50|100/100
|-activate|p2a: Koraidon|ability: Orichalcum Pulse
|move|p1b: Dondozo|Order Up|p2a: Koraidon
|-supereffective|p2a: Koraidon
|-damage|p2a: Koraidon|24/100
|-boost|p1b: Dondozo|def|1
|
|-weather|SunnyDay|[upkeep]
|-start|p1a: Tatsugiri|perish2
|upkeep
|turn|3
|
|t:|1750849070
|move|p2a: Koraidon|Protect|p2a: Koraidon
|-singleturn|p2a: Koraidon|Protect
|move|p1b: Dondozo|Protect|p1b: Dondozo
|-singleturn|p1b: Dondozo|Protect
|move|p2b: Chien-Pao|Haze|p2b: Chien-Pao
|-clearallboost
|
|-weather|SunnyDay|[upkeep]
|-start|p1a: Tatsugiri|perish1
|upkeep
|turn|4
|
|t:|1750849085
|switch|p2a: Flutter Mane|Flutter Mane, L50|100/100
|-activate|p2a: Flutter Mane|ability: Protosynthesis
|-start|p2a: Flutter Mane|protosynthesisspe
|move|p2b: Chien-Pao|Crunch|p1b: Dondozo
|-damage|p1b: Dondozo|71/100
|-unboost|p1b: Dondozo|def|1
|move|p1b: Dondozo|Body Press|p2b: Chien-Pao
|-supereffective|p2b: Chien-Pao
|-damage|p2b: Chien-Pao|5/100
|
|-weather|SunnyDay|[upkeep]
|-heal|p1b: Dondozo|77/100|[from] item: Leftovers
|-start|p1a: Tatsugiri|perish0
|upkeep
|faint|p1a: Tatsugiri
|
|t:|1750849090
|switch|p1a: Calyrex|Calyrex-Shadow, L50|100/100
|-ability|p1a: Calyrex|As One
|-ability|p1a: Calyrex|Unnerve
|turn|5
|
|t:|1750849108
|-terastallize|p2a: Flutter Mane|Fairy
|-terastallize|p1a: Calyrex|Fairy
|move|p2b: Chien-Pao|Protect|p2b: Chien-Pao
|-singleturn|p2b: Chien-Pao|Protect
|move|p2a: Flutter Mane|Dazzling Gleam|p1b: Dondozo|[spread] p1a,p1b
|-damage|p1a: Calyrex|48/100
|-damage|p1b: Dondozo|30/100
|move|p1a: Calyrex|Astral Barrage|p2b: Chien-Pao|[spread] p2a
|-activate|p2b: Chien-Pao|move: Protect
|-damage|p2a: Flutter Mane|40/100
|move|p1b: Dondozo|Wave Crash|p2a: Flutter Mane
|-damage|p2a: Flutter Mane|0 fnt
|faint|p2a: Flutter Mane
|-end|p2a: Flutter Mane|Protosynthesis|[silent]
|-damage|p1b: Dondozo|21/100|[from] Recoil
|
|-weather|none
|-heal|p1b: Dondozo|27/100|[from] item: Leftovers
|upkeep
|
|t:|1750849130
|switch|p2a: Groudon|Groudon, L50|100/100
|-weather|SunnyDay|[from] ability: Drought|[of] p2a: Groudon
|turn|6
|
|t:|1750849144
|move|p1a: Calyrex|Protect|p1a: Calyrex
|-singleturn|p1a: Calyrex|Protect
|move|p2b: Chien-Pao|Crunch|p1b: Dondozo
|-damage|p1b: Dondozo|0 fnt
|faint|p1b: Dondozo
|move|p2a: Groudon|Precipice Blades|p1a: Calyrex
|-activate|p1a: Calyrex|move: Protect
|
|-weather|SunnyDay|[upkeep]
|upkeep
|turn|7
|
|t:|1750849157
|move|p1a: Calyrex|Astral Barrage|p2b: Chien-Pao|[spread] p2a,p2b
|-resisted|p2b: Chien-Pao
|-damage|p2a: Groudon|65/100
|-damage|p2b: Chien-Pao|0 fnt
|faint|p2b: Chien-Pao
|-ability|p1a: Calyrex|Grim Neigh|boost
|-boost|p1a: Calyrex|spa|1
|move|p2a: Groudon|Heavy Slam|p1a: Calyrex
|-supereffective|p1a: Calyrex
|-damage|p1a: Calyrex|0 fnt
|faint|p1a: Calyrex
|
|win|sunnypp
|raw|pokemonmastern2009's rating: 1595 &rarr; <strong>1571</strong><br />(-24 for losing)
|raw|sunnypp's rating: 1517 &rarr; <strong>1541</strong><br />(+24 for winning)
|l|☆pokemonmastern2009
|player|p1|
|l|☆sunnypp
|player|p2|
|l| Mknt
