|j|☆dror1234
|j|☆zekstr
|t:|1750831936
|gametype|doubles
|player|p1|dror1234|266|1153
|player|p2|zekstr|roxie|1218
|teamsize|p1|6
|teamsize|p2|6
|gen|9
|tier|[Gen 9] VGC 2025 Reg I
|rated|
|rule|Species Clause: Limit one of each Pokémon
|rule|Item Clause: Limit 1 of each item
|clearpoke
|poke|p1|Koraidon, L50|
|poke|p1|Flutter Mane, L50|
|poke|p1|Groudon, L50|
|poke|p1|Gouging Fire, L50|
|poke|p1|Leafeon, L50, F|
|poke|p1|Walking Wake, L50|
|poke|p2|Ho-Oh, L50|
|poke|p2|Chien-Pao, L50|
|poke|p2|Whimsicott, L50, M|
|poke|p2|Koraidon, L50|
|poke|p2|Farigiraf, L50, M|
|poke|p2|Brute Bonnet, L50|
|teampreview|4
|l|☆zekstr
|player|p2|
|inactive|Battle timer is ON: inactive players will automatically lose when time's up. (requested by dror1234)
|j|☆zekstr
|inactive|zekstr reconnected and has 90 seconds left.
|player|p2|zekstr|roxie|
|
|t:|1750831992
|start
|switch|p1a: Groudon|Groudon, L50, shiny|100/100
|switch|p1b: Flutter Mane|Flutter Mane, L50, shiny|100/100
|switch|p2a: Ho-Oh|Ho-Oh, L50, shiny|100/100
|switch|p2b: Whimsicott|Whimsicott, L50, M|100/100
|-weather|SunnyDay|[from] ability: Drought|[of] p1a: Groudon
|-activate|p1b: Flutter Mane|ability: Protosynthesis
|-start|p1b: Flutter Mane|protosynthesisspa
|turn|1
|inactive|zekstr has 30 seconds left.
|inactive|zekstr has 20 seconds left.
|
|t:|1750832029
|-terastallize|p2a: Ho-Oh|Grass
|move|p2b: Whimsicott|Tailwind|p2b: Whimsicott
|-sidestart|p2: zekstr|move: Tailwind
|move|p2a: Ho-Oh|Sacred Fire|p1b: Flutter Mane
|-enditem|p1b: Flutter Mane|Focus Sash
|-damage|p1b: Flutter Mane|1/100
|-status|p1b: Flutter Mane|brn
|move|p1b: Flutter Mane|Icy Wind|p2b: Whimsicott|[spread] p2a,p2b
|-supereffective|p2a: Ho-Oh
|-supereffective|p2b: Whimsicott
|-damage|p2a: Ho-Oh|76/100
|-damage|p2b: Whimsicott|41/100
|-unboost|p2a: Ho-Oh|spe|1
|-enditem|p2a: Ho-Oh|Eject Button
|
|t:|1750832048
|switch|p2a: Koraidon|Koraidon, L50|100/100
|-activate|p2a: Koraidon|ability: Orichalcum Pulse
|move|p1a: Groudon|Thunderbolt|p2a: Koraidon
|-resisted|p2a: Koraidon
|-damage|p2a: Koraidon|88/100
|
|-weather|SunnyDay|[upkeep]
|-damage|p1b: Flutter Mane|0 fnt|[from] brn
|faint|p1b: Flutter Mane
|-end|p1b: Flutter Mane|Protosynthesis|[silent]
|upkeep
|
|t:|1750832058
|switch|p1b: Gouging Fire|Gouging Fire, L50|100/100
|-activate|p1b: Gouging Fire|ability: Protosynthesis
|-start|p1b: Gouging Fire|protosynthesisatk
|turn|2
|
|t:|1750832083
|move|p1b: Gouging Fire|Burning Bulwark|p1b: Gouging Fire
|-singleturn|p1b: Gouging Fire|move: Protect
|move|p2b: Whimsicott|Moonblast|p1b: Gouging Fire
|-activate|p1b: Gouging Fire|move: Protect
|move|p2a: Koraidon|Collision Course|p1a: Groudon
|-damage|p1a: Groudon|49/100
|move|p1a: Groudon|Heat Wave|p2b: Whimsicott|[spread] p2a,p2b
|-resisted|p2a: Koraidon
|-supereffective|p2b: Whimsicott
|-damage|p2a: Koraidon|71/100
|-damage|p2b: Whimsicott|0 fnt
|-status|p2a: Koraidon|brn
|faint|p2b: Whimsicott
|
|-weather|SunnyDay|[upkeep]
|-damage|p2a: Koraidon|65/100 brn|[from] brn
|upkeep
|inactive|zekstr has 30 seconds left.
|
|t:|1750832109
|switch|p2b: Ho-Oh|Ho-Oh, L50, shiny, tera:Grass|100/100
|turn|3
|inactive|zekstr has 30 seconds left.
|
|t:|1750832134
|move|p2a: Koraidon|Collision Course|p1a: Groudon
|-damage|p1a: Groudon|21/100
|move|p2b: Ho-Oh|Earthquake|p1a: Groudon|[spread] p2a,p1a,p1b
|-supereffective|p1b: Gouging Fire
|-damage|p2a: Koraidon|40/100 brn
|-damage|p1a: Groudon|0 fnt
|-damage|p1b: Gouging Fire|57/100
|faint|p1a: Groudon
|move|p1b: Gouging Fire|Breaking Swipe|p2b: Ho-Oh|[spread] p2a,p2b
|-supereffective|p2a: Koraidon
|-damage|p2a: Koraidon|0 fnt
|-damage|p2b: Ho-Oh|77/100
|-unboost|p2b: Ho-Oh|atk|1
|faint|p2a: Koraidon
|
|-weather|SunnyDay|[upkeep]
|-heal|p1b: Gouging Fire|63/100|[from] item: Leftovers
|upkeep
|
|t:|1750832149
|switch|p2a: Chien-Pao|Chien-Pao, L50|100/100
|switch|p1a: Leafeon|Leafeon, L50, F|100/100
|-ability|p2a: Chien-Pao|Sword of Ruin
|turn|4
|inactive|dror1234 has 30 seconds left.
|
|t:|1750832180
|move|p1b: Gouging Fire|Burning Bulwark|p1b: Gouging Fire
|-singleturn|p1b: Gouging Fire|move: Protect
|move|p2a: Chien-Pao|Sacred Sword|p1b: Gouging Fire
|-activate|p1b: Gouging Fire|move: Protect
|-status|p2a: Chien-Pao|brn
|move|p1a: Leafeon|Weather Ball|p2b: Ho-Oh
|-supereffective|p2b: Ho-Oh
|-damage|p2b: Ho-Oh|52/100
|move|p2b: Ho-Oh|Sacred Fire|p1a: Leafeon
|-supereffective|p1a: Leafeon
|-damage|p1a: Leafeon|0 fnt
|faint|p1a: Leafeon
|
|-weather|SunnyDay|[upkeep]
|-heal|p1b: Gouging Fire|69/100|[from] item: Leftovers
|-damage|p2a: Chien-Pao|95/100 brn|[from] brn
|-sideend|p2: zekstr|move: Tailwind
|upkeep
|turn|5
|inactive|dror1234 has 30 seconds left.
|inactive|zekstr has 30 seconds left.
|inactive|zekstr has 20 seconds left.
|
|t:|1750832217
|-terastallize|p1b: Gouging Fire|Dark
|move|p2b: Ho-Oh|Protect|p2b: Ho-Oh
|-singleturn|p2b: Ho-Oh|Protect
|move|p2a: Chien-Pao|Ice Spinner|p1b: Gouging Fire
|-damage|p1b: Gouging Fire|52/100
|move|p1b: Gouging Fire|Flare Blitz|p2a: Chien-Pao
|-supereffective|p2a: Chien-Pao
|-crit|p2a: Chien-Pao
|-damage|p2a: Chien-Pao|0 fnt
|faint|p2a: Chien-Pao
|-damage|p1b: Gouging Fire|29/100|[from] Recoil
|
|-weather|none
|-end|p1b: Gouging Fire|Protosynthesis
|-heal|p1b: Gouging Fire|35/100|[from] item: Leftovers
|upkeep
|turn|6
|
|t:|1750832240
|move|p1b: Gouging Fire|Burning Bulwark|p1b: Gouging Fire
|-singleturn|p1b: Gouging Fire|move: Protect
|move|p2b: Ho-Oh|Sacred Fire|p1b: Gouging Fire
|-activate|p1b: Gouging Fire|move: Protect
|
|-heal|p1b: Gouging Fire|42/100|[from] item: Leftovers
|upkeep
|turn|7
|
|t:|1750832247
|move|p1b: Gouging Fire|Morning Sun|p1b: Gouging Fire
|-heal|p1b: Gouging Fire|92/100
|move|p2b: Ho-Oh|Sacred Fire|p1b: Gouging Fire
|-damage|p1b: Gouging Fire|66/100
|
|-heal|p1b: Gouging Fire|72/100|[from] item: Leftovers
|upkeep
|turn|8
|
|t:|1750832257
|move|p2b: Ho-Oh|Sacred Fire|p1b: Gouging Fire
|-damage|p1b: Gouging Fire|44/100
|move|p1b: Gouging Fire|Flare Blitz|p2b: Ho-Oh
|-supereffective|p2b: Ho-Oh
|-damage|p2b: Ho-Oh|0 fnt
|faint|p2b: Ho-Oh
|-damage|p1b: Gouging Fire|27/100|[from] Recoil
|
|win|dror1234
|raw|dror1234's rating: 1153 &rarr; <strong>1183</strong><br />(+30 for winning)
|raw|zekstr's rating: 1218 &rarr; <strong>1188</strong><br />(-30 for losing)
|l|☆zekstr
|player|p2|
|c|☆dror1234|gg
|l|☆dror1234
|player|p1|
