|j|☆cjjsir
|j|☆pabloam2006
|t:|1750839450
|gametype|doubles
|player|p1|cjjsir|169|1571
|player|p2|pabloam2006|skyla|1604
|teamsize|p1|6
|teamsize|p2|6
|gen|9
|tier|[Gen 9] VGC 2025 Reg I
|rated|
|rule|Species Clause: Limit one of each Pokémon
|rule|Item Clause: Limit 1 of each item
|clearpoke
|poke|p1|Grimmsnarl, L50, M|
|poke|p1|Gallade, L50, M|
|poke|p1|Metagross, L50|
|poke|p1|Lunala, L50|
|poke|p1|Amoonguss, L50, F|
|poke|p1|Calyrex-Ice, L50|
|poke|p2|Tornadus, L50, M|
|poke|p2|Smeargle, L50, M|
|poke|p2|Calyrex-Shadow, L50|
|poke|p2|Raging Bolt, L50|
|poke|p2|Zamazenta-*, L50|
|poke|p2|Rillaboom, L50, M|
|teampreview|4
|inactive|Battle timer is ON: inactive players will automatically lose when time's up. (requested by pabloam2006)
|inactive|cjjsir has 60 seconds left.
|
|t:|1750839528
|start
|switch|p1a: Grimmsnarl|Grimmsnarl, L50, M|100/100
|switch|p1b: Calyrex|Calyrex-Ice, L50|100/100
|switch|p2a: Smeargle|Smeargle, L50, M|100/100
|switch|p2b: Calyrex|Calyrex-Shadow, L50|100/100
|-ability|p2b: Calyrex|As One
|-ability|p2b: Calyrex|Unnerve
|-ability|p1b: Calyrex|As One
|-ability|p1b: Calyrex|Unnerve
|turn|1
|
|t:|1750839544
|-terastallize|p1b: Calyrex|Water
|move|p2a: Smeargle|Fake Out|p1b: Calyrex
|-damage|p1b: Calyrex|98/100
|move|p1a: Grimmsnarl|Light Screen|p1a: Grimmsnarl
|-sidestart|p1: cjjsir|move: Light Screen
|move|p2b: Calyrex|Nasty Plot|p2b: Calyrex
|-boost|p2b: Calyrex|spa|2
|cant|p1b: Calyrex|flinch
|
|-ability|p2a: Smeargle|Moody|boost
|-boost|p2a: Smeargle|def|2
|-unboost|p2a: Smeargle|spd|1
|upkeep
|turn|2
|
|t:|1750839558
|-terastallize|p2b: Calyrex|Dark
|move|p2b: Calyrex|Astral Barrage|p1b: Calyrex|[spread] p1a,p1b
|-resisted|p1a: Grimmsnarl
|-damage|p1a: Grimmsnarl|67/100
|-damage|p1b: Calyrex|32/100
|-damage|p2b: Calyrex|91/100|[from] item: Life Orb
|move|p2a: Smeargle|Spore|p1b: Calyrex
|-activate|p1b: Calyrex|item: Safety Goggles|Spore
|move|p1a: Grimmsnarl|Spirit Break|p2b: Calyrex
|-supereffective|p2b: Calyrex
|-damage|p2b: Calyrex|19/100
|-unboost|p2b: Calyrex|spa|1
|move|p1b: Calyrex|High Horsepower|p2b: Calyrex
|-damage|p2b: Calyrex|0 fnt
|faint|p2b: Calyrex
|-ability|p1b: Calyrex|Chilling Neigh|boost
|-boost|p1b: Calyrex|atk|1
|
|-ability|p2a: Smeargle|Moody|boost
|-boost|p2a: Smeargle|spa|2
|-unboost|p2a: Smeargle|atk|1
|upkeep
|
|t:|1750839578
|switch|p2b: Zamazenta|Zamazenta-Crowned, L50|100/100
|-ability|p2b: Zamazenta|Dauntless Shield|boost
|-boost|p2b: Zamazenta|def|1
|turn|3
|
|t:|1750839599
|move|p1a: Grimmsnarl|Reflect|p1a: Grimmsnarl
|-sidestart|p1: cjjsir|Reflect
|move|p2b: Zamazenta|Body Press|p1b: Calyrex
|-crit|p1b: Calyrex
|-damage|p1b: Calyrex|0 fnt
|faint|p1b: Calyrex
|move|p2a: Smeargle|Spore|p1a: Grimmsnarl
|-status|p1a: Grimmsnarl|slp|[from] move: Spore
|
|-ability|p2a: Smeargle|Moody|boost
|-boost|p2a: Smeargle|spe|2
|-unboost|p2a: Smeargle|spd|1
|upkeep
|
|t:|1750839607
|switch|p1b: Amoonguss|Amoonguss, L50, F|100/100
|turn|4
|
|t:|1750839627
|switch|p1a: Lunala|Lunala, L50|100/100
|move|p2a: Smeargle|Decorate|p2b: Zamazenta
|-boost|p2b: Zamazenta|atk|2
|-boost|p2b: Zamazenta|spa|2
|move|p2b: Zamazenta|Heavy Slam|p1b: Amoonguss
|-damage|p1b: Amoonguss|55/100
|-damage|p2b: Zamazenta|84/100|[from] item: Rocky Helmet|[of] p1b: Amoonguss
|move|p1b: Amoonguss|Spore|p2b: Zamazenta
|-status|p2b: Zamazenta|slp|[from] move: Spore
|
|-ability|p2a: Smeargle|Moody|boost
|-boost|p2a: Smeargle|spa|2
|-unboost|p2a: Smeargle|def|1
|upkeep
|turn|5
|
|t:|1750839652
|move|p1b: Amoonguss|Rage Powder|p1b: Amoonguss
|-singleturn|p1b: Amoonguss|move: Rage Powder
|move|p2a: Smeargle|Spore|p1b: Amoonguss
|-immune|p1b: Amoonguss
|cant|p2b: Zamazenta|slp
|move|p1a: Lunala|Meteor Beam||[still]
|-prepare|p1a: Lunala|Meteor Beam
|-boost|p1a: Lunala|spa|1
|-enditem|p1a: Lunala|Power Herb
|-anim|p1a: Lunala|Meteor Beam|p2a: Smeargle
|-enditem|p2a: Smeargle|Focus Sash
|-damage|p2a: Smeargle|1/100
|
|-sideend|p1: cjjsir|move: Light Screen
|-ability|p2a: Smeargle|Moody|boost
|-boost|p2a: Smeargle|spd|2
|-unboost|p2a: Smeargle|spe|1
|upkeep
|turn|6
|inactive|cjjsir has 30 seconds left.
|
|t:|1750839678
|move|p1b: Amoonguss|Rage Powder|p1b: Amoonguss
|-singleturn|p1b: Amoonguss|move: Rage Powder
|move|p2a: Smeargle|Spore|p1b: Amoonguss
|-immune|p1b: Amoonguss
|cant|p2b: Zamazenta|slp
|move|p1a: Lunala|Moonblast|p2a: Smeargle
|-damage|p2a: Smeargle|0 fnt
|faint|p2a: Smeargle
|
|upkeep
|
|t:|1750839685
|switch|p2a: Rillaboom|Rillaboom, L50, M|100/100
|-fieldstart|move: Grassy Terrain|[from] ability: Grassy Surge|[of] p2a: Rillaboom
|turn|7
|
|t:|1750839709
|cant|p2b: Zamazenta|slp
|move|p2a: Rillaboom|Fake Out|p1b: Amoonguss
|-crit|p1b: Amoonguss
|-damage|p1b: Amoonguss|38/100
|-damage|p2a: Rillaboom|84/100|[from] item: Rocky Helmet|[of] p1b: Amoonguss
|move|p1a: Lunala|Moongeist Beam|p2a: Rillaboom
|-damage|p2a: Rillaboom|17/100
|cant|p1b: Amoonguss|flinch
|
|-heal|p2b: Zamazenta|90/100 slp|[from] Grassy Terrain
|-heal|p2a: Rillaboom|23/100|[from] Grassy Terrain
|-heal|p1b: Amoonguss|44/100|[from] Grassy Terrain
|-sideend|p1: cjjsir|Reflect
|upkeep
|turn|8
|inactive|cjjsir has 30 seconds left.
|inactive|cjjsir has 20 seconds left.
|inactive|cjjsir has 15 seconds left.
|
|t:|1750839753
|switch|p1b: Grimmsnarl|Grimmsnarl, L50, M|67/100 slp
|move|p2a: Rillaboom|Grassy Glide|p1a: Lunala
|-damage|p1a: Lunala|83/100
|-curestatus|p2b: Zamazenta|slp|[msg]
|move|p2b: Zamazenta|Heavy Slam|p1a: Lunala
|-damage|p1a: Lunala|7/100
|move|p1a: Lunala|Moongeist Beam|p2a: Rillaboom
|-damage|p2a: Rillaboom|0 fnt
|faint|p2a: Rillaboom
|
|-heal|p2b: Zamazenta|96/100|[from] Grassy Terrain
|-heal|p1a: Lunala|13/100|[from] Grassy Terrain
|-heal|p1b: Grimmsnarl|73/100 slp|[from] Grassy Terrain
|upkeep
|turn|9
|
|t:|1750839772
|switch|p1a: Amoonguss|Amoonguss, L50, F|77/100
|cant|p1b: Grimmsnarl|slp
|move|p2b: Zamazenta|Heavy Slam|p1a: Amoonguss
|-damage|p1a: Amoonguss|0 fnt
|-damage|p2b: Zamazenta|80/100|[from] item: Rocky Helmet|[of] p1a: Amoonguss
|faint|p1a: Amoonguss
|
|-heal|p2b: Zamazenta|86/100|[from] Grassy Terrain
|-heal|p1b: Grimmsnarl|79/100 slp|[from] Grassy Terrain
|upkeep
|
|t:|1750839780
|switch|p1a: Lunala|Lunala, L50|13/100
|turn|10
|j| keltr1ck
|
|t:|1750839790
|cant|p1b: Grimmsnarl|slp
|move|p2b: Zamazenta|Heavy Slam|p1a: Lunala
|-damage|p1a: Lunala|0 fnt
|faint|p1a: Lunala
|
|-heal|p2b: Zamazenta|92/100|[from] Grassy Terrain
|-heal|p1b: Grimmsnarl|85/100 slp|[from] Grassy Terrain
|upkeep
|turn|11
|-message|cjjsir forfeited.
|
|win|pabloam2006
|raw|cjjsir's rating: 1571 &rarr; <strong>1553</strong><br />(-18 for losing)
|raw|pabloam2006's rating: 1604 &rarr; <strong>1622</strong><br />(+18 for winning)
|l|☆cjjsir
|player|p1|
|l|☆pabloam2006
|player|p2|
|l| keltr1ck
