|j|☆Rotomotopoto
|j|☆It'sJustKen VGC
|t:|1750728781
|gametype|doubles
|player|p1|Rotomotopoto|cynthia|1413
|player|p2|It'sJustKen VGC|player-go|1514
|teamsize|p1|6
|teamsize|p2|6
|gen|9
|tier|[Gen 9] VGC 2025 Reg I
|rated|
|rule|Species Clause: Limit one of each Pokémon
|rule|Item Clause: Limit 1 of each item
|clearpoke
|poke|p1|Koraidon, L50|
|poke|p1|Lilligant-Hisui, L50, F|
|poke|p1|Raging Bolt, L50|
|poke|p1|Lunala, L50|
|poke|p1|Incineroar, L50, F|
|poke|p1|Ursaluna, L50, M|
|poke|p2|Incineroar, L50, F|
|poke|p2|Urshifu-*, L50, M|
|poke|p2|Amoonguss, L50, M|
|poke|p2|Calyrex-Shadow, L50|
|poke|p2|Tornadus, L50, M|
|poke|p2|Terapagos, L50, M|
|teampreview|4
|inactive|Battle timer is ON: inactive players will automatically lose when time's up. (requested by It'sJustKen VGC)
|
|t:|1750728807
|start
|switch|p1a: Koraidon|Koraidon, L50|100/100
|switch|p1b: Lilligant|Lilligant-Hisui, L50, F, shiny|100/100
|switch|p2a: @Not Wolfe Glick|Incineroar, L50, F|100/100
|switch|p2b: Chicken Jockey|Calyrex-Shadow, L50|100/100
|-ability|p2b: Chicken Jockey|As One
|-ability|p2b: Chicken Jockey|Unnerve
|-weather|SunnyDay|[from] ability: Orichalcum Pulse|[of] p1a: Koraidon
|-activate|p1a: Koraidon|Orichalcum Pulse|[source]
|-ability|p2a: @Not Wolfe Glick|Intimidate|boost
|-fail|p1a: Koraidon|unboost|[from] item: Clear Amulet|[of] p1a: Koraidon
|-unboost|p1b: Lilligant|atk|1
|turn|1
|
|t:|1750728828
|-terastallize|p2b: Chicken Jockey|Ghost
|move|p1a: Koraidon|Protect|p1a: Koraidon
|-singleturn|p1a: Koraidon|Protect
|move|p2a: @Not Wolfe Glick|Fake Out|p1b: Lilligant
|-damage|p1b: Lilligant|83/100
|move|p1b: Lilligant|Coaching|p1a: Koraidon
|-boost|p1a: Koraidon|atk|1
|-boost|p1a: Koraidon|def|1
|move|p2b: Chicken Jockey|Astral Barrage|p1a: Koraidon|[spread] p1b
|-activate|p1a: Koraidon|move: Protect
|-damage|p1b: Lilligant|0 fnt
|faint|p1b: Lilligant
|-ability|p2b: Chicken Jockey|Grim Neigh|boost
|-boost|p2b: Chicken Jockey|spa|1
|-damage|p2b: Chicken Jockey|91/100|[from] item: Life Orb
|
|-weather|SunnyDay|[upkeep]
|upkeep
|
|t:|1750728847
|switch|p1b: Lunala|Lunala, L50|100/100
|turn|2
|
|t:|1750728859
|-terastallize|p1a: Koraidon|Fire
|move|p1b: Lunala|Wide Guard|p1b: Lunala
|-singleturn|p1b: Lunala|Wide Guard
|move|p1a: Koraidon|Flame Charge|p2b: Chicken Jockey
|-damage|p2b: Chicken Jockey|0 fnt
|-boost|p1a: Koraidon|spe|1
|faint|p2b: Chicken Jockey
|move|p2a: @Not Wolfe Glick|U-turn|p1b: Lunala
|-damage|p1b: Lunala|92/100
|
|t:|1750728872
|switch|p2a: PTSD Mushroom|Amoonguss, L50, M|100/100|[from] U-turn
|
|-weather|SunnyDay|[upkeep]
|-heal|p1b: Lunala|98/100|[from] item: Leftovers
|upkeep
|
|t:|1750728874
|switch|p2b: @Not Wolfe Glick|Incineroar, L50, F|100/100
|-ability|p2b: @Not Wolfe Glick|Intimidate|boost
|-fail|p1a: Koraidon|unboost|[from] item: Clear Amulet|[of] p1a: Koraidon
|-unboost|p1b: Lunala|atk|1
|turn|3
|
|t:|1750728890
|move|p1a: Koraidon|Protect|p1a: Koraidon
|-singleturn|p1a: Koraidon|Protect
|move|p2a: PTSD Mushroom|Protect|p2a: PTSD Mushroom
|-singleturn|p2a: PTSD Mushroom|Protect
|move|p1b: Lunala|Moongeist Beam|p2a: PTSD Mushroom
|-activate|p2a: PTSD Mushroom|move: Protect
|move|p2b: @Not Wolfe Glick|Knock Off|p1b: Lunala
|-supereffective|p1b: Lunala
|-damage|p1b: Lunala|0 fnt
|-enditem|p1b: Lunala|Leftovers|[from] move: Knock Off|[of] p2b: @Not Wolfe Glick
|faint|p1b: Lunala
|
|-weather|SunnyDay|[upkeep]
|upkeep
|
|t:|1750728903
|switch|p1b: Incineroar|Incineroar, L50, F|100/100
|-ability|p1b: Incineroar|Intimidate|boost
|-unboost|p2a: PTSD Mushroom|atk|1
|-unboost|p2b: @Not Wolfe Glick|atk|1
|turn|4
|
|t:|1750728915
|switch|p2a: Steven He|Urshifu-Rapid-Strike, L50, M|100/100
|move|p1b: Incineroar|Fake Out|p2b: @Not Wolfe Glick
|-crit|p2b: @Not Wolfe Glick
|-damage|p2b: @Not Wolfe Glick|83/100
|move|p1a: Koraidon|Flame Charge|p2a: Steven He
|-resisted|p2a: Steven He
|-damage|p2a: Steven He|47/100
|-boost|p1a: Koraidon|spe|1
|cant|p2b: @Not Wolfe Glick|flinch
|
|-weather|SunnyDay|[upkeep]
|upkeep
|turn|5
|inactive|Rotomotopoto has 30 seconds left.
|
|t:|1750728944
|switch|p2a: PTSD Mushroom|Amoonguss, L50, M|100/100
|move|p1a: Koraidon|Flame Charge|p2a: PTSD Mushroom
|-supereffective|p2a: PTSD Mushroom
|-damage|p2a: PTSD Mushroom|0 fnt
|-boost|p1a: Koraidon|spe|1
|faint|p2a: PTSD Mushroom
|move|p2b: @Not Wolfe Glick|U-turn|p1b: Incineroar
|-damage|p1b: Incineroar|88/100
|-damage|p2b: @Not Wolfe Glick|66/100|[from] item: Rocky Helmet|[of] p1b: Incineroar
|
|t:|1750728953
|switch|p2b: Steven He|Urshifu-Rapid-Strike, L50, M|47/100|[from] U-turn
|move|p1b: Incineroar|Knock Off|p2b: Steven He
|-resisted|p2b: Steven He
|-damage|p2b: Steven He|28/100
|-enditem|p2b: Steven He|Choice Scarf|[from] move: Knock Off|[of] p1b: Incineroar
|
|-weather|none
|upkeep
|
|t:|1750728957
|switch|p2a: @Not Wolfe Glick|Incineroar, L50, F|66/100
|-ability|p2a: @Not Wolfe Glick|Intimidate|boost
|-fail|p1a: Koraidon|unboost|[from] item: Clear Amulet|[of] p1a: Koraidon
|-unboost|p1b: Incineroar|atk|1
|turn|6
|
|t:|1750728970
|move|p2a: @Not Wolfe Glick|Fake Out|p1a: Koraidon
|-damage|p1a: Koraidon|92/100
|cant|p1a: Koraidon|flinch
|move|p2b: Steven He|Surging Strikes|p1a: Koraidon
|-supereffective|p1a: Koraidon
|-crit|p1a: Koraidon
|-damage|p1a: Koraidon|54/100
|-supereffective|p1a: Koraidon
|-crit|p1a: Koraidon
|-damage|p1a: Koraidon|16/100
|-supereffective|p1a: Koraidon
|-crit|p1a: Koraidon
|-damage|p1a: Koraidon|0 fnt
|faint|p1a: Koraidon
|-hitcount|p1: Koraidon|3
|move|p1b: Incineroar|Knock Off|p2a: @Not Wolfe Glick
|-resisted|p2a: @Not Wolfe Glick
|-crit|p2a: @Not Wolfe Glick
|-damage|p2a: @Not Wolfe Glick|39/100
|-enditem|p2a: @Not Wolfe Glick|Assault Vest|[from] move: Knock Off|[of] p1b: Incineroar
|
|upkeep
|turn|7
|
|t:|1750728984
|move|p2b: Steven He|Close Combat|p1b: Incineroar
|-supereffective|p1b: Incineroar
|-damage|p1b: Incineroar|0 fnt
|-unboost|p2b: Steven He|def|1
|-unboost|p2b: Steven He|spd|1
|-damage|p2b: Steven He|11/100|[from] item: Rocky Helmet|[of] p1b: Incineroar
|faint|p1b: Incineroar
|
|win|It'sJustKen VGC
|raw|Rotomotopoto's rating: 1413 &rarr; <strong>1399</strong><br />(-14 for losing)
|raw|It&apos;sJustKen VGC's rating: 1514 &rarr; <strong>1528</strong><br />(+14 for winning)
