|j|☆Slowpoke Well YT
|j|☆amandaToriMeating
|t:|1750874817
|gametype|doubles
|player|p1|Slowpoke Well YT|ethan|1503
|player|p2|amandaToriMeating|265|1506
|teamsize|p1|6
|teamsize|p2|6
|gen|9
|tier|[Gen 9] VGC 2025 Reg I
|rated|
|rule|Species Clause: Limit one of each Pokémon
|rule|Item Clause: Limit 1 of each item
|clearpoke
|poke|p1|Swanna, L50, F|
|poke|p1|Kyogre, L50|
|poke|p1|Zacian-*, L50|
|poke|p1|Landorus, L50, M|
|poke|p1|Urshifu-*, L50, M|
|poke|p1|Raging Bolt, L50|
|poke|p2|Rillaboom, L50, F|
|poke|p2|Incineroar, L50, M|
|poke|p2|Calyrex-Shadow, L50|
|poke|p2|Volcarona, L50, M|
|poke|p2|Zamazenta-*, L50|
|poke|p2|Raging Bolt, L50|
|teampreview|4
|inactive|Battle timer is ON: inactive players will automatically lose when time's up. (requested by Slowpoke Well YT)
|
|t:|1750874846
|start
|switch|p1a: Swanna|Swanna, L50, F, shiny|100/100
|switch|p1b: Kyogre|Kyogre, L50|100/100
|switch|p2a: Rillaboom|Rillaboom, L50, F|100/100
|switch|p2b: Volcarona|Volcarona, L50, M|100/100
|-weather|RainDance|[from] ability: Drizzle|[of] p1b: Kyogre
|-fieldstart|move: Grassy Terrain|[from] ability: Grassy Surge|[of] p2a: Rillaboom
|-enditem|p2b: Volcarona|Grassy Seed
|-boost|p2b: Volcarona|def|1|[from] item: Grassy Seed
|turn|1
|inactive|Slowpoke Well YT has 30 seconds left.
|
|t:|1750874871
|-terastallize|p2b: Volcarona|Grass
|-terastallize|p1b: Kyogre|Grass
|move|p2a: Rillaboom|Fake Out|p1b: Kyogre
|-damage|p1b: Kyogre|85/100
|move|p1a: Swanna|Tailwind|p1a: Swanna
|-sidestart|p1: Slowpoke Well YT|move: Tailwind
|cant|p1b: Kyogre|flinch
|move|p2b: Volcarona|Quiver Dance|p2b: Volcarona
|-boost|p2b: Volcarona|spa|1
|-boost|p2b: Volcarona|spd|1
|-boost|p2b: Volcarona|spe|1
|
|-weather|RainDance|[upkeep]
|-heal|p1b: Kyogre|91/100|[from] Grassy Terrain
|upkeep
|turn|2
|
|t:|1750874894
|move|p2b: Volcarona|Protect|p2b: Volcarona
|-singleturn|p2b: Volcarona|Protect
|move|p1a: Swanna|Hurricane|p2b: Volcarona
|-activate|p2b: Volcarona|move: Protect
|move|p1b: Kyogre|Ice Beam|p2b: Volcarona
|-activate|p2b: Volcarona|move: Protect
|move|p2a: Rillaboom|U-turn|p1b: Kyogre
|-supereffective|p1b: Kyogre
|-damage|p1b: Kyogre|42/100
|
|t:|1750874909
|switch|p2a: Raging Bolt|Raging Bolt, L50|100/100|[from] U-turn
|-enditem|p2a: Raging Bolt|Booster Energy
|-activate|p2a: Raging Bolt|ability: Protosynthesis|[fromitem]
|-start|p2a: Raging Bolt|protosynthesisspa
|
|-weather|RainDance|[upkeep]
|-heal|p1b: Kyogre|47/100|[from] Grassy Terrain
|upkeep
|turn|3
|
|t:|1750874921
|switch|p1a: Landorus|Landorus, L50, M|100/100
|move|p2a: Raging Bolt|Thunderclap||[still]
|-fail|p2a: Raging Bolt
|move|p1b: Kyogre|Ice Beam|p2b: Volcarona
|-supereffective|p2b: Volcarona
|-damage|p2b: Volcarona|57/100
|move|p2b: Volcarona|Quiver Dance|p2b: Volcarona
|-boost|p2b: Volcarona|spa|1
|-boost|p2b: Volcarona|spd|1
|-boost|p2b: Volcarona|spe|1
|
|-weather|RainDance|[upkeep]
|-heal|p2b: Volcarona|63/100|[from] Grassy Terrain
|-heal|p1b: Kyogre|53/100|[from] Grassy Terrain
|upkeep
|turn|4
|
|t:|1750874946
|switch|p1b: Swanna|Swanna, L50, F, shiny|100/100
|move|p2b: Volcarona|Protect|p2b: Volcarona
|-singleturn|p2b: Volcarona|Protect
|move|p2a: Raging Bolt|Protect|p2a: Raging Bolt
|-singleturn|p2a: Raging Bolt|Protect
|move|p1a: Landorus|Sandsear Storm|p2a: Raging Bolt|[spread] 
|-activate|p2a: Raging Bolt|move: Protect
|-activate|p2b: Volcarona|move: Protect
|
|-weather|RainDance|[upkeep]
|-heal|p2b: Volcarona|69/100|[from] Grassy Terrain
|-sideend|p1: Slowpoke Well YT|move: Tailwind
|upkeep
|turn|5
|
|t:|1750874970
|-end|p2a: Raging Bolt|Protosynthesis|[silent]
|switch|p2a: Rillaboom|Rillaboom, L50, F|100/100
|move|p2b: Volcarona|Giga Drain|p1b: Swanna
|-enditem|p1b: Swanna|Focus Sash
|-damage|p1b: Swanna|1/100
|-heal|p2b: Volcarona|100/100|[from] drain|[of] p1b: Swanna
|move|p1b: Swanna|Tailwind|p1b: Swanna
|-sidestart|p1: Slowpoke Well YT|move: Tailwind
|move|p1a: Landorus|Sludge Bomb|p2b: Volcarona
|-supereffective|p2b: Volcarona
|-damage|p2b: Volcarona|52/100
|
|-weather|none
|-heal|p2b: Volcarona|58/100|[from] Grassy Terrain
|-fieldend|move: Grassy Terrain
|upkeep
|turn|6
|inactive|amandaToriMeating has 30 seconds left.
|
|t:|1750875002
|move|p1b: Swanna|Protect|p1b: Swanna
|-singleturn|p1b: Swanna|Protect
|move|p1a: Landorus|Protect|p1a: Landorus
|-singleturn|p1a: Landorus|Protect
|move|p2a: Rillaboom|Fake Out|p1a: Landorus
|-activate|p1a: Landorus|move: Protect
|move|p2b: Volcarona|Quiver Dance|p2b: Volcarona
|-boost|p2b: Volcarona|spa|1
|-boost|p2b: Volcarona|spd|1
|-boost|p2b: Volcarona|spe|1
|
|upkeep
|turn|7
|
|t:|1750875018
|switch|p1b: Kyogre|Kyogre, L50, tera:Grass|53/100
|-weather|RainDance|[from] ability: Drizzle|[of] p1b: Kyogre
|move|p2b: Volcarona|Giga Drain|p1a: Landorus
|-damage|p1a: Landorus|0 fnt
|-heal|p2b: Volcarona|100/100|[from] drain|[of] p1a: Landorus
|faint|p1a: Landorus
|move|p2a: Rillaboom|U-turn|p1b: Kyogre
|-supereffective|p1b: Kyogre
|-damage|p1b: Kyogre|4/100
|-message|Slowpoke Well YT forfeited.
|
|win|amandaToriMeating
|raw|Slowpoke Well YT's rating: 1503 &rarr; <strong>1483</strong><br />(-20 for losing)
|raw|amandaToriMeating's rating: 1506 &rarr; <strong>1526</strong><br />(+20 for winning)
|l|☆Slowpoke Well YT
|player|p1|
|l|☆amandaToriMeating
|player|p2|
|j|☆amandaToriMeating
|player|p2|amandaToriMeating|265|
|l|☆amandaToriMeating
|player|p2|
