|j|☆Ijnk
|j|☆wuhanyiluanma
|t:|1750758980
|gametype|doubles
|player|p1|Ijnk|102|1367
|player|p2|wuhanyiluanma|101|1407
|teamsize|p1|6
|teamsize|p2|6
|gen|9
|tier|[Gen 9] VGC 2025 Reg I
|rated|
|rule|Species Clause: Limit one of each Pokémon
|rule|Item Clause: Limit 1 of each item
|clearpoke
|poke|p1|Sableye, L50, M|
|poke|p1|Lunala, L50|
|poke|p1|Calyrex-Ice, L50|
|poke|p1|Iron Hands, L50|
|poke|p1|Oranguru, L50, M|
|poke|p1|Indeedee-F, L50, F|
|poke|p2|Okidogi, L50, M|
|poke|p2|Palkia, L50|
|poke|p2|Lanturn, L50, F|
|poke|p2|Miraidon, L50|
|poke|p2|Grimmsnarl, L50, M|
|poke|p2|Oranguru, L50, M|
|teampreview|4
|inactive|Battle timer is ON: inactive players will automatically lose when time's up. (requested by Ijnk)
|
|t:|1750759013
|start
|switch|p1a: Lunala|Lunala, L50|100/100
|switch|p1b: Iron Hands|Iron Hands, L50, shiny|100/100
|switch|p2a: Grimmsnarl|Grimmsnarl, L50, M|100/100
|switch|p2b: Okidogi|Okidogi, L50, M|100/100
|turn|1
|
|t:|1750759028
|move|p2b: Okidogi|Upper Hand|p1b: Iron Hands
|-damage|p1b: Iron Hands|76/100
|move|p1b: Iron Hands|Fake Out|p2a: Grimmsnarl
|-damage|p2a: Grimmsnarl|84/100
|cant|p2a: Grimmsnarl|flinch
|move|p1a: Lunala|Will-O-Wisp|p2b: Okidogi
|-status|p2b: Okidogi|brn
|
|-damage|p2b: Okidogi|94/100 brn|[from] brn
|upkeep
|turn|2
|inactive|wuhanyiluanma has 30 seconds left.
|
|t:|1750759056
|move|p2a: Grimmsnarl|Reflect|p2a: Grimmsnarl
|-sidestart|p2: wuhanyiluanma|Reflect
|move|p2b: Okidogi|Knock Off|p1a: Lunala
|-supereffective|p1a: Lunala
|-crit|p1a: Lunala
|-damage|p1a: Lunala|62/100
|-enditem|p1a: Lunala|Power Herb|[from] move: Knock Off|[of] p2b: Okidogi
|move|p1b: Iron Hands|Drain Punch|p2a: Grimmsnarl
|-damage|p2a: Grimmsnarl|55/100
|-heal|p1b: Iron Hands|87/100|[from] drain|[of] p2a: Grimmsnarl
|move|p1a: Lunala|Trick Room|p1a: Lunala
|-fieldstart|move: Trick Room|[of] p1a: Lunala
|
|-damage|p2b: Okidogi|88/100 brn|[from] brn
|upkeep
|turn|3
|
|t:|1750759078
|move|p2a: Grimmsnarl|Light Screen|p2a: Grimmsnarl
|-sidestart|p2: wuhanyiluanma|move: Light Screen
|move|p1b: Iron Hands|Drain Punch|p2a: Grimmsnarl
|-damage|p2a: Grimmsnarl|26/100
|-heal|p1b: Iron Hands|99/100|[from] drain|[of] p2a: Grimmsnarl
|move|p1a: Lunala|Moongeist Beam|p2b: Okidogi
|-damage|p2b: Okidogi|64/100 brn
|move|p2b: Okidogi|Poison Jab|p1a: Lunala
|-resisted|p1a: Lunala
|-damage|p1a: Lunala|54/100
|
|-damage|p2b: Okidogi|57/100 brn|[from] brn
|upkeep
|turn|4
|inactive|Ijnk has 30 seconds left.
|inactive|wuhanyiluanma has 30 seconds left.
|
|t:|1750759107
|move|p2a: Grimmsnarl|Parting Shot|p1b: Iron Hands
|-unboost|p1b: Iron Hands|atk|1
|-unboost|p1b: Iron Hands|spa|1
|
|t:|1750759111
|switch|p2a: Miraidon|Miraidon, L50|100/100|[from] Parting Shot
|-fieldstart|move: Electric Terrain|[from] ability: Hadron Engine|[of] p2a: Miraidon
|-activate|p1b: Iron Hands|ability: Quark Drive
|-start|p1b: Iron Hands|quarkdriveatk
|move|p1b: Iron Hands|Drain Punch|p2a: Miraidon
|-damage|p2a: Miraidon|83/100
|-heal|p1b: Iron Hands|100/100|[from] drain|[of] p2a: Miraidon
|move|p1a: Lunala|Moongeist Beam|p2b: Okidogi
|-damage|p2b: Okidogi|35/100 brn
|move|p2b: Okidogi|Knock Off|p1a: Lunala
|-supereffective|p1a: Lunala
|-damage|p1a: Lunala|18/100
|
|-damage|p2b: Okidogi|29/100 brn|[from] brn
|upkeep
|turn|5
|inactive|wuhanyiluanma has 30 seconds left.
|
|t:|1750759137
|-end|p1b: Iron Hands|Quark Drive|[silent]
|switch|p1b: Oranguru|Oranguru, L50, M|100/100
|switch|p1a: Calyrex|Calyrex-Ice, L50|100/100
|-ability|p1a: Calyrex|As One
|-ability|p1a: Calyrex|Unnerve
|move|p2b: Okidogi|Knock Off|p1b: Oranguru
|-supereffective|p1b: Oranguru
|-damage|p1b: Oranguru|76/100
|-enditem|p1b: Oranguru|Safety Goggles|[from] move: Knock Off|[of] p2b: Okidogi
|move|p2a: Miraidon|Calm Mind|p2a: Miraidon
|-boost|p2a: Miraidon|spa|1
|-boost|p2a: Miraidon|spd|1
|
|-damage|p2b: Okidogi|23/100 brn|[from] brn
|upkeep
|turn|6
|inactive|wuhanyiluanma has 30 seconds left.
|inactive|wuhanyiluanma has 20 seconds left.
|inactive|wuhanyiluanma has 15 seconds left.
|inactive|wuhanyiluanma has 10 seconds left.
|
|t:|1750759182
|move|p2a: Miraidon|Protect|p2a: Miraidon
|-singleturn|p2a: Miraidon|Protect
|move|p1a: Calyrex|Glacial Lance|p2a: Miraidon|[spread] p2b
|-activate|p2a: Miraidon|move: Protect
|-damage|p2b: Okidogi|0 fnt
|faint|p2b: Okidogi
|-ability|p1a: Calyrex|Chilling Neigh|boost
|-boost|p1a: Calyrex|atk|1
|move|p1b: Oranguru|Instruct|p1a: Calyrex
|-singleturn|p1a: Calyrex|move: Instruct|[of] p1b: Oranguru
|move|p1a: Calyrex|Glacial Lance|p2a: Miraidon
|-activate|p2a: Miraidon|move: Protect
|
|-fieldend|move: Trick Room
|upkeep
|
|t:|1750759200
|switch|p2b: Oranguru|Oranguru, L50, M|100/100
|turn|7
|
|t:|1750759210
|move|p2a: Miraidon|Parabolic Charge|p1b: Oranguru|[spread] p1a,p1b
|-activate|p2b: Oranguru|ability: Telepathy
|-damage|p1a: Calyrex|64/100
|-heal|p2a: Miraidon|100/100|[from] drain|[of] p1a: Calyrex
|-damage|p1b: Oranguru|20/100
|move|p2b: Oranguru|Imprison|p2b: Oranguru
|-start|p2b: Oranguru|move: Imprison
|move|p1b: Oranguru|Taunt|p2a: Miraidon
|-start|p2a: Miraidon|move: Taunt
|cant|p1a: Calyrex|move: Imprison|Trick Room
|
|upkeep
|turn|8
|inactive|Ijnk has 30 seconds left.
|
|t:|1750759239
|move|p2a: Miraidon|Parabolic Charge|p1b: Oranguru|[spread] p1a,p1b
|-activate|p2b: Oranguru|ability: Telepathy
|-damage|p1a: Calyrex|22/100
|-damage|p1b: Oranguru|0 fnt
|faint|p1b: Oranguru
|move|p2b: Oranguru|Instruct|p2a: Miraidon
|-singleturn|p2a: Miraidon|move: Instruct|[of] p2b: Oranguru
|move|p2a: Miraidon|Parabolic Charge|p1a: Calyrex|[spread] p1a
|-activate|p2b: Oranguru|ability: Telepathy
|-damage|p1a: Calyrex|0 fnt
|faint|p1a: Calyrex
|
|-fieldend|move: Electric Terrain
|upkeep
|-message|Ijnk forfeited.
|
|win|wuhanyiluanma
|raw|Ijnk's rating: 1367 &rarr; <strong>1349</strong><br />(-18 for losing)
|raw|wuhanyiluanma's rating: 1407 &rarr; <strong>1425</strong><br />(+18 for winning)
|l|☆Ijnk
|player|p1|
