|j|☆Novicebest
|j|☆SryI'mBusyAtWork
|t:|1750722646
|gametype|doubles
|player|p1|Novicebest|170|1587
|player|p2|SryI'mBusyAtWork|kieran|1521
|teamsize|p1|6
|teamsize|p2|6
|gen|9
|tier|[Gen 9] VGC 2025 Reg I
|rated|
|rule|Species Clause: Limit one of each Pokémon
|rule|Item Clause: Limit 1 of each item
|clearpoke
|poke|p1|Lunala, L50|
|poke|p1|Miraidon, L50|
|poke|p1|Urshifu-*, L50, M|
|poke|p1|Incineroar, L50, F|
|poke|p1|Whimsicott, L50, M|
|poke|p1|Ursaluna, L50, F|
|poke|p2|Tornadus, L50, M|
|poke|p2|Calyrex-Shadow, L50|
|poke|p2|Incineroar, L50, F|
|poke|p2|Clefairy, L50, F|
|poke|p2|Grimmsnarl, L50, M|
|poke|p2|Zamazenta-*, L50|
|teampreview|4
|inactive|Battle timer is ON: inactive players will automatically lose when time's up. (requested by SryI'mBusyAtWork)
|
|t:|1750722660
|start
|switch|p1a: Lunala|Lunala, L50|100/100
|switch|p1b: Miraidon|Miraidon, L50|100/100
|switch|p2a: Tornadus|Tornadus, L50, M|100/100
|switch|p2b: Incineroar|Incineroar, L50, F|100/100
|-fieldstart|move: Electric Terrain|[from] ability: Hadron Engine|[of] p1b: Miraidon
|-enditem|p1a: Lunala|Electric Seed
|-boost|p1a: Lunala|def|1|[from] item: Electric Seed
|-ability|p2b: Incineroar|Intimidate|boost
|-unboost|p1a: Lunala|atk|1
|-unboost|p1b: Miraidon|atk|1
|turn|1
|inactive|Novicebest has 30 seconds left.
|
|t:|1750722687
|move|p2a: Tornadus|Tailwind|p2a: Tornadus
|-sidestart|p2: SryI'mBusyAtWork|move: Tailwind
|move|p1b: Miraidon|Volt Switch|p2a: Tornadus
|-supereffective|p2a: Tornadus
|-damage|p2a: Tornadus|0 fnt
|faint|p2a: Tornadus
|
|t:|1750722695
|switch|p1b: Incineroar|Incineroar, L50, F|100/100|[from] Volt Switch
|-ability|p1b: Incineroar|Intimidate|boost
|-unboost|p2b: Incineroar|atk|1
|move|p2b: Incineroar|Taunt|p1a: Lunala
|-start|p1a: Lunala|move: Taunt
|move|p1a: Lunala|Moongeist Beam|p2b: Incineroar
|-resisted|p2b: Incineroar
|-damage|p2b: Incineroar|74/100
|
|upkeep
|
|t:|1750722707
|switch|p2a: Calyrex|Calyrex-Shadow, L50|100/100
|-ability|p2a: Calyrex|As One
|-ability|p2a: Calyrex|Unnerve
|turn|2
|j| mistball2
|
|t:|1750722731
|switch|p2b: Zamazenta|Zamazenta-Crowned, L50|100/100
|-ability|p2b: Zamazenta|Dauntless Shield|boost
|-boost|p2b: Zamazenta|def|1
|-terastallize|p2a: Calyrex|Ghost
|-terastallize|p1a: Lunala|Fairy
|move|p2a: Calyrex|Astral Barrage|p1a: Lunala|[spread] p1a,p1b
|-resisted|p1b: Incineroar
|-damage|p1a: Lunala|59/100
|-damage|p1b: Incineroar|50/100
|move|p1a: Lunala|Moonblast|p2a: Calyrex
|-damage|p2a: Calyrex|49/100
|move|p1b: Incineroar|Parting Shot|p2a: Calyrex
|-unboost|p2a: Calyrex|atk|1
|-unboost|p2a: Calyrex|spa|1
|
|t:|1750722751
|switch|p1b: Miraidon|Miraidon, L50|100/100|[from] Parting Shot
|-activate|p1b: Miraidon|ability: Hadron Engine
|
|upkeep
|turn|3
|inactive|Novicebest has 30 seconds left.
|inactive|Novicebest has 20 seconds left.
|inactive|Novicebest has 15 seconds left.
|inactive|Novicebest has 10 seconds left.
|
|t:|1750722799
|switch|p1a: Ursaluna|Ursaluna, L50, F|100/100
|move|p2b: Zamazenta|Helping Hand|p2a: Calyrex
|-singleturn|p2a: Calyrex|Helping Hand|[of] p2b: Zamazenta
|move|p2a: Calyrex|Astral Barrage|p1a: Ursaluna|[spread] p1b
|-immune|p1a: Ursaluna
|-damage|p1b: Miraidon|40/100
|move|p1b: Miraidon|Volt Switch|p2a: Calyrex
|-damage|p2a: Calyrex|0 fnt
|faint|p2a: Calyrex
|
|t:|1750722814
|switch|p1b: Incineroar|Incineroar, L50, F|50/100|[from] Volt Switch
|-ability|p1b: Incineroar|Intimidate|boost
|-unboost|p2b: Zamazenta|atk|1
|
|-status|p1a: Ursaluna|brn|[from] item: Flame Orb
|upkeep
|
|t:|1750722818
|switch|p2a: Incineroar|Incineroar, L50, F|74/100
|-ability|p2a: Incineroar|Intimidate|boost
|-unboost|p1a: Ursaluna|atk|1
|-unboost|p1b: Incineroar|atk|1
|turn|4
|
|t:|1750722833
|switch|p1b: Lunala|Lunala, L50, tera:Fairy|59/100
|move|p1a: Ursaluna|Protect|p1a: Ursaluna
|-singleturn|p1a: Ursaluna|Protect
|move|p2a: Incineroar|Fake Out|p1a: Ursaluna
|-activate|p1a: Ursaluna|move: Protect
|move|p2b: Zamazenta|Body Press|p1b: Lunala
|-resisted|p1b: Lunala
|-damage|p1b: Lunala|32/100
|
|-damage|p1a: Ursaluna|95/100 brn|[from] brn
|-sideend|p2: SryI'mBusyAtWork|move: Tailwind
|upkeep
|turn|5
|inactive|SryI'mBusyAtWork has 30 seconds left.
|inactive|SryI'mBusyAtWork has 20 seconds left.
|
|t:|1750722872
|move|p2b: Zamazenta|Body Press|p1a: Ursaluna
|-supereffective|p1a: Ursaluna
|-damage|p1a: Ursaluna|0 fnt
|faint|p1a: Ursaluna
|move|p1b: Lunala|Moongeist Beam|p2b: Zamazenta
|-damage|p2b: Zamazenta|58/100
|move|p2a: Incineroar|Taunt|p1b: Lunala
|-start|p1b: Lunala|move: Taunt
|
|-fieldend|move: Electric Terrain
|upkeep
|
|t:|1750722885
|switch|p1a: Miraidon|Miraidon, L50|40/100
|-fieldstart|move: Electric Terrain|[from] ability: Hadron Engine|[of] p1a: Miraidon
|turn|6
|
|t:|1750722899
|move|p2b: Zamazenta|Wide Guard|p2b: Zamazenta
|-singleturn|p2b: Zamazenta|Wide Guard
|move|p1a: Miraidon|Volt Switch|p2b: Zamazenta
|-crit|p2b: Zamazenta
|-damage|p2b: Zamazenta|0 fnt
|faint|p2b: Zamazenta
|
|t:|1750722906
|switch|p1a: Incineroar|Incineroar, L50, F|50/100|[from] Volt Switch
|-ability|p1a: Incineroar|Intimidate|boost
|-unboost|p2a: Incineroar|atk|1
|move|p1b: Lunala|Moongeist Beam|p2a: Incineroar
|-resisted|p2a: Incineroar
|-damage|p2a: Incineroar|48/100
|move|p2a: Incineroar|Knock Off|p1a: Incineroar
|-resisted|p1a: Incineroar
|-crit|p1a: Incineroar
|-damage|p1a: Incineroar|31/100
|-damage|p2a: Incineroar|32/100|[from] item: Rocky Helmet|[of] p1a: Incineroar
|-enditem|p1a: Incineroar|Rocky Helmet|[from] move: Knock Off|[of] p2a: Incineroar
|
|upkeep
|turn|7
|-message|SryI'mBusyAtWork forfeited.
|
|win|Novicebest
|raw|Novicebest's rating: 1587 &rarr; <strong>1603</strong><br />(+16 for winning)
|raw|SryI&apos;mBusyAtWork's rating: 1521 &rarr; <strong>1505</strong><br />(-16 for losing)
|l|☆SryI'mBusyAtWork
|player|p2|
|l| mistball2
