|j|☆mincarretta
|j|☆B0R3D_I4M
|t:|1750769545
|gametype|doubles
|player|p1|mincarretta|266|1271
|player|p2|B0R3D_I4M|hoopster|1279
|teamsize|p1|6
|teamsize|p2|6
|gen|9
|tier|[Gen 9] VGC 2025 Reg I
|rated|
|rule|Species Clause: Limit one of each Pokémon
|rule|Item Clause: Limit 1 of each item
|clearpoke
|poke|p1|Kyurem-White, L50|
|poke|p1|Calyrex-Ice, L50|
|poke|p1|Sandslash-Alola, L50, F|
|poke|p1|Chien-Pao, L50|
|poke|p1|Ninetales-Alola, L50, M|
|poke|p1|Avalugg-Hisui, L50, M|
|poke|p2|Groudon, L50|
|poke|p2|Iron Valiant, L50|
|poke|p2|Incineroar, L50, M|
|poke|p2|Volcarona, L50, M|
|poke|p2|Miraidon, L50|
|poke|p2|Grimmsnarl, L50, M|
|teampreview|4
|inactive|Battle timer is ON: inactive players will automatically lose when time's up. (requested by mincarretta)
|inactive|mincarretta has 60 seconds left.
|inactive|B0R3D_I4M has 60 seconds left.
|
|t:|1750769603
|start
|switch|p1a: Kyurem|Kyurem-White, L50|100/100
|switch|p1b: Avalugg|Avalugg-Hisui, L50, M|100/100
|switch|p2a: Miraidon|Miraidon, L50|100/100
|switch|p2b: Iron Valiant|Iron Valiant, L50|100/100
|-fieldstart|move: Electric Terrain|[from] ability: Hadron Engine|[of] p2a: Miraidon
|-activate|p2b: Iron Valiant|ability: Quark Drive
|-start|p2b: Iron Valiant|quarkdrivespe
|-ability|p1a: Kyurem|Turboblaze
|turn|1
|inactive|B0R3D_I4M has 30 seconds left.
|inactive|B0R3D_I4M has 20 seconds left.
|
|t:|1750769641
|move|p1b: Avalugg|Wide Guard|p1b: Avalugg
|-singleturn|p1b: Avalugg|Wide Guard
|move|p2a: Miraidon|Volt Switch|p1a: Kyurem
|-resisted|p1a: Kyurem
|-damage|p1a: Kyurem|84/100
|
|t:|1750769646
|switch|p2a: Groudon|Groudon, L50|100/100|[from] Volt Switch
|-weather|SunnyDay|[from] ability: Drought|[of] p2a: Groudon
|move|p2b: Iron Valiant|Coaching|p2a: Groudon
|-boost|p2a: Groudon|atk|1
|-boost|p2a: Groudon|def|1
|move|p1a: Kyurem|Freeze-Dry|p2a: Groudon
|-supereffective|p2a: Groudon
|-crit|p2a: Groudon
|-damage|p2a: Groudon|0 fnt
|faint|p2a: Groudon
|
|-weather|SunnyDay|[upkeep]
|upkeep
|
|t:|1750769658
|switch|p2a: Incineroar|Incineroar, L50, M, shiny|100/100
|-ability|p2a: Incineroar|Intimidate|boost
|-unboost|p1a: Kyurem|atk|1
|-unboost|p1b: Avalugg|atk|1
|turn|2
|
|t:|1750769677
|move|p2b: Iron Valiant|Moonblast|p1a: Kyurem
|-supereffective|p1a: Kyurem
|-damage|p1a: Kyurem|47/100
|move|p1a: Kyurem|Earth Power|p2a: Incineroar
|-supereffective|p2a: Incineroar
|-crit|p2a: Incineroar
|-damage|p2a: Incineroar|0 fnt
|faint|p2a: Incineroar
|move|p1b: Avalugg|Body Press|p2b: Iron Valiant
|-resisted|p2b: Iron Valiant
|-damage|p2b: Iron Valiant|80/100
|
|-weather|SunnyDay|[upkeep]
|upkeep
|
|t:|1750769687
|switch|p2a: Miraidon|Miraidon, L50|100/100
|-activate|p2a: Miraidon|ability: Hadron Engine
|turn|3
|
|t:|1750769709
|move|p2a: Miraidon|Dragon Pulse|p1a: Kyurem
|-supereffective|p1a: Kyurem
|-damage|p1a: Kyurem|0 fnt
|faint|p1a: Kyurem
|move|p2b: Iron Valiant|Coaching|p2a: Miraidon
|-boost|p2a: Miraidon|atk|1
|-boost|p2a: Miraidon|def|1
|move|p1b: Avalugg|Mountain Gale|p2a: Miraidon|[miss]
|-miss|p1b: Avalugg|p2a: Miraidon
|
|-weather|SunnyDay|[upkeep]
|upkeep
|
|t:|1750769720
|switch|p1a: Ninetales|Ninetales-Alola, L50, M|100/100
|-weather|Snowscape|[from] ability: Snow Warning|[of] p1a: Ninetales
|turn|4
|
|t:|1750769739
|-terastallize|p2a: Miraidon|Fairy
|move|p2a: Miraidon|Dragon Pulse|p1b: Avalugg
|-damage|p1b: Avalugg|21/100
|move|p2b: Iron Valiant|Moonblast|p1a: Ninetales
|-damage|p1a: Ninetales|65/100
|move|p1a: Ninetales|Aurora Veil|p1a: Ninetales
|-sidestart|p1: mincarretta|move: Aurora Veil
|move|p1b: Avalugg|Body Press|p2a: Miraidon
|-resisted|p2a: Miraidon
|-damage|p2a: Miraidon|88/100
|
|-weather|Snowscape|[upkeep]
|-heal|p1b: Avalugg|27/100|[from] ability: Ice Body
|-heal|p1b: Avalugg|33/100|[from] item: Leftovers
|upkeep
|turn|5
|
|t:|1750769762
|move|p2a: Miraidon|Dragon Pulse|p1b: Avalugg
|-damage|p1b: Avalugg|0 fnt
|faint|p1b: Avalugg
|move|p2b: Iron Valiant|Moonblast|p1a: Ninetales
|-damage|p1a: Ninetales|39/100
|-unboost|p1a: Ninetales|spa|1
|move|p1a: Ninetales|Freeze-Dry|p2b: Iron Valiant
|-damage|p2b: Iron Valiant|63/100
|
|-weather|Snowscape|[upkeep]
|-fieldend|move: Electric Terrain
|-end|p2b: Iron Valiant|Quark Drive
|upkeep
|-enditem|p2b: Iron Valiant|Booster Energy
|-activate|p2b: Iron Valiant|ability: Quark Drive|[fromitem]
|-start|p2b: Iron Valiant|quarkdrivespe
|
|t:|1750769772
|switch|p1b: Calyrex|Calyrex-Ice, L50|100/100
|-ability|p1b: Calyrex|As One
|-ability|p1b: Calyrex|Unnerve
|turn|6
|
|t:|1750769791
|move|p1a: Ninetales|Helping Hand|p1b: Calyrex
|-singleturn|p1b: Calyrex|Helping Hand|[of] p1a: Ninetales
|move|p2a: Miraidon|Dragon Pulse|p1b: Calyrex
|-damage|p1b: Calyrex|84/100
|move|p2b: Iron Valiant|Coaching|p2a: Miraidon
|-boost|p2a: Miraidon|atk|1
|-boost|p2a: Miraidon|def|1
|move|p1b: Calyrex|Glacial Lance|p2b: Iron Valiant|[spread] p2a,p2b
|-damage|p2a: Miraidon|54/100
|-damage|p2b: Iron Valiant|0 fnt
|faint|p2b: Iron Valiant
|-end|p2b: Iron Valiant|Quark Drive|[silent]
|-ability|p1b: Calyrex|Chilling Neigh|boost
|-boost|p1b: Calyrex|atk|1
|
|-weather|Snowscape|[upkeep]
|upkeep
|turn|7
|
|t:|1750769812
|move|p2a: Miraidon|Dragon Pulse|p1b: Calyrex
|-damage|p1b: Calyrex|70/100
|move|p1a: Ninetales|Freeze-Dry|p2a: Miraidon
|-damage|p2a: Miraidon|42/100
|move|p1b: Calyrex|Leech Seed|p2a: Miraidon
|-start|p2a: Miraidon|move: Leech Seed
|
|-weather|Snowscape|[upkeep]
|-damage|p2a: Miraidon|30/100|[from] Leech Seed|[of] p1b: Calyrex
|-heal|p1b: Calyrex|80/100|[silent]
|upkeep
|turn|8
|
|t:|1750769825
|move|p1b: Calyrex|Protect|p1b: Calyrex
|-singleturn|p1b: Calyrex|Protect
|move|p2a: Miraidon|Dragon Pulse|p1b: Calyrex
|-activate|p1b: Calyrex|move: Protect
|move|p1a: Ninetales|Freeze-Dry|p2a: Miraidon
|-damage|p2a: Miraidon|17/100
|
|-weather|none
|-damage|p2a: Miraidon|5/100|[from] Leech Seed|[of] p1b: Calyrex
|-heal|p1b: Calyrex|90/100|[silent]
|upkeep
|turn|9
|
|t:|1750769842
|move|p2a: Miraidon|Dragon Pulse|p1b: Calyrex
|-damage|p1b: Calyrex|74/100
|move|p1a: Ninetales|Freeze-Dry|p2a: Miraidon
|-damage|p2a: Miraidon|0 fnt
|faint|p2a: Miraidon
|
|win|mincarretta
|raw|mincarretta's rating: 1271 &rarr; <strong>1297</strong><br />(+26 for winning)
|raw|B0R3D_I4M's rating: 1279 &rarr; <strong>1253</strong><br />(-26 for losing)
|l|☆mincarretta
|player|p1|
|l|☆B0R3D_I4M
|player|p2|
