|j|☆kdjhxjccc
|j|☆johnkharkiv
|t:|1750756017
|gametype|doubles
|player|p1|kdjhxjccc|170|1045
|player|p2|johnkharkiv|swimmerf-gen4dp|1112
|teamsize|p1|6
|teamsize|p2|6
|gen|9
|tier|[Gen 9] VGC 2025 Reg I
|rated|
|rule|Species Clause: Limit one of each Pokémon
|rule|Item Clause: Limit 1 of each item
|clearpoke
|poke|p1|Calyrex-Shadow, L50|
|poke|p1|Zamazenta-*, L50|
|poke|p1|Incineroar, L50, M|
|poke|p1|Rillaboom, L50, M|
|poke|p1|Amoonguss, L50, F|
|poke|p1|Urshifu-*, L50, M|
|poke|p2|Ho-Oh, L50|
|poke|p2|Annihilape, L50, M|
|poke|p2|Electivire, L50, M|
|poke|p2|Whimsicott, L50, F|
|poke|p2|Indeedee-F, L50, F|
|poke|p2|Miraidon, L50|
|teampreview|4
|inactive|Battle timer is ON: inactive players will automatically lose when time's up. (requested by johnkharkiv)
|inactive|kdjhxjccc has 60 seconds left.
|
|t:|1750756087
|start
|switch|p1a: Calyrex|Calyrex-Shadow, L50|100/100
|switch|p1b: Amoonguss|Amoonguss, L50, F|100/100
|switch|p2a: Annihilape|Annihilape, L50, M, shiny|100/100
|switch|p2b: Whimsicott|Whimsicott, L50, F, shiny|100/100
|-ability|p1a: Calyrex|As One
|-ability|p1a: Calyrex|Unnerve
|turn|1
|inactive|kdjhxjccc has 30 seconds left.
|inactive|kdjhxjccc has 20 seconds left.
|inactive|kdjhxjccc has 15 seconds left.
|inactive|johnkharkiv has 30 seconds left.
|inactive|kdjhxjccc has 10 seconds left.
|
|t:|1750756134
|-terastallize|p2a: Annihilape|Grass
|move|p1b: Amoonguss|Rage Powder|p1b: Amoonguss
|-singleturn|p1b: Amoonguss|move: Rage Powder
|move|p2b: Whimsicott|Tailwind|p2b: Whimsicott
|-sidestart|p2: johnkharkiv|move: Tailwind
|move|p2a: Annihilape|Shadow Claw|p1a: Calyrex
|-supereffective|p1a: Calyrex
|-enditem|p1a: Calyrex|Focus Sash
|-damage|p1a: Calyrex|1/100
|move|p1a: Calyrex|Nasty Plot|p1a: Calyrex
|-boost|p1a: Calyrex|spa|2
|
|upkeep
|turn|2
|
|t:|1750756151
|switch|p1b: Rillaboom|Rillaboom, L50, M|100/100
|-fieldstart|move: Grassy Terrain|[from] ability: Grassy Surge|[of] p1b: Rillaboom
|move|p1a: Calyrex|Protect|p1a: Calyrex
|-singleturn|p1a: Calyrex|Protect
|move|p2b: Whimsicott|Encore||[still]
|-fail|p2b: Whimsicott
|move|p2a: Annihilape|Shadow Claw|p1a: Calyrex
|-activate|p1a: Calyrex|move: Protect
|
|-heal|p1a: Calyrex|7/100|[from] Grassy Terrain
|upkeep
|turn|3
|inactive|kdjhxjccc has 30 seconds left.
|inactive|kdjhxjccc has 20 seconds left.
|inactive|kdjhxjccc has 15 seconds left.
|inactive|kdjhxjccc has 10 seconds left.
|
|t:|1750756200
|switch|p2a: Miraidon|Miraidon, L50|100/100
|-fieldstart|move: Electric Terrain|[from] ability: Hadron Engine|[of] p2a: Miraidon
|switch|p1a: Amoonguss|Amoonguss, L50, F|100/100
|move|p1b: Rillaboom|Fake Out|p2a: Miraidon
|-damage|p2a: Miraidon|87/100
|move|p2b: Whimsicott|Dazzling Gleam|p1b: Rillaboom|[spread] p1a,p1b
|-resisted|p1a: Amoonguss
|-damage|p1a: Amoonguss|94/100
|-damage|p1b: Rillaboom|90/100
|
|upkeep
|turn|4
|inactive|johnkharkiv has 30 seconds left.
|
|t:|1750756229
|move|p1a: Amoonguss|Protect|p1a: Amoonguss
|-singleturn|p1a: Amoonguss|Protect
|move|p2a: Miraidon|Draco Meteor|p1a: Amoonguss
|-activate|p1a: Amoonguss|move: Protect
|move|p2b: Whimsicott|Dazzling Gleam|p1a: Amoonguss|[spread] p1b
|-activate|p1a: Amoonguss|move: Protect
|-damage|p1b: Rillaboom|81/100
|move|p1b: Rillaboom|U-turn|p2b: Whimsicott
|-damage|p2b: Whimsicott|80/100
|
|t:|1750756247
|switch|p1b: Calyrex|Calyrex-Shadow, L50|7/100|[from] U-turn
|-ability|p1b: Calyrex|As One
|-ability|p1b: Calyrex|Unnerve
|
|-sideend|p2: johnkharkiv|move: Tailwind
|upkeep
|turn|5
|
|t:|1750756265
|move|p1a: Amoonguss|Rage Powder|p1a: Amoonguss
|-singleturn|p1a: Amoonguss|move: Rage Powder
|move|p2b: Whimsicott|Tailwind|p2b: Whimsicott
|-sidestart|p2: johnkharkiv|move: Tailwind
|move|p2a: Miraidon|Discharge|p1b: Calyrex|[spread] p2b,p1a,p1b
|-resisted|p2b: Whimsicott
|-resisted|p1a: Amoonguss
|-damage|p2b: Whimsicott|31/100
|-damage|p1a: Amoonguss|69/100
|-damage|p1b: Calyrex|0 fnt
|-status|p1a: Amoonguss|par
|faint|p1b: Calyrex
|-damage|p2a: Miraidon|78/100|[from] item: Life Orb
|
|upkeep
|
|t:|1750756281
|switch|p1b: Rillaboom|Rillaboom, L50, M|81/100
|-fieldstart|move: Grassy Terrain|[from] ability: Grassy Surge|[of] p1b: Rillaboom
|turn|6
|inactive|kdjhxjccc has 30 seconds left.
|
|t:|1750756315
|switch|p2a: Ho-Oh|Ho-Oh, L50, shiny|100/100
|move|p2b: Whimsicott|Encore|p1a: Amoonguss
|-start|p1a: Amoonguss|Encore
|-enditem|p1a: Amoonguss|Mental Herb
|-end|p1a: Amoonguss|Encore
|move|p1b: Rillaboom|U-turn|p2a: Ho-Oh
|-resisted|p2a: Ho-Oh
|-damage|p2a: Ho-Oh|94/100
|
|t:|1750756324
|switch|p1b: Zamazenta|Zamazenta-Crowned, L50|100/100|[from] U-turn
|-ability|p1b: Zamazenta|Dauntless Shield|boost
|-boost|p1b: Zamazenta|def|1
|move|p1a: Amoonguss|Pollen Puff|p2b: Whimsicott
|-damage|p2b: Whimsicott|7/100
|
|-heal|p2b: Whimsicott|13/100|[from] Grassy Terrain
|-heal|p1a: Amoonguss|75/100 par|[from] Grassy Terrain
|upkeep
|turn|7
|inactive|kdjhxjccc has 30 seconds left.
|
|t:|1750756353
|switch|p1a: Rillaboom|Rillaboom, L50, M|81/100
|move|p1b: Zamazenta|Protect|p1b: Zamazenta
|-singleturn|p1b: Zamazenta|Protect
|move|p2b: Whimsicott|Encore||[still]
|-fail|p2b: Whimsicott
|move|p2a: Ho-Oh|Sacred Fire|p1b: Zamazenta
|-activate|p1b: Zamazenta|move: Protect
|
|-heal|p2b: Whimsicott|19/100|[from] Grassy Terrain
|-heal|p1a: Rillaboom|87/100|[from] Grassy Terrain
|upkeep
|turn|8
|inactive|kdjhxjccc has 30 seconds left.
|inactive|kdjhxjccc has 20 seconds left.
|inactive|kdjhxjccc has 15 seconds left.
|
|t:|1750756395
|move|p1a: Rillaboom|Fake Out|p2a: Ho-Oh
|-damage|p2a: Ho-Oh|80/100
|move|p2b: Whimsicott|Encore|p1b: Zamazenta
|-start|p1b: Zamazenta|Encore
|cant|p2a: Ho-Oh|flinch
|move|p1b: Zamazenta|Protect||[still]
|-fail|p1b: Zamazenta
|
|-heal|p2b: Whimsicott|25/100|[from] Grassy Terrain
|-heal|p1a: Rillaboom|93/100|[from] Grassy Terrain
|-sideend|p2: johnkharkiv|move: Tailwind
|upkeep
|turn|9
|
|t:|1750756411
|switch|p1b: Amoonguss|Amoonguss, L50, F|100/100 par
|move|p2b: Whimsicott|Encore|p1a: Rillaboom
|-start|p1a: Rillaboom|Encore
|move|p2a: Ho-Oh|Flame Charge|p1a: Rillaboom
|-supereffective|p1a: Rillaboom
|-damage|p1a: Rillaboom|33/100
|-boost|p2a: Ho-Oh|spe|1
|move|p1a: Rillaboom|Fake Out||[still]
|-hint|Fake Out only works on your first turn out.
|-fail|p1a: Rillaboom
|
|-heal|p2b: Whimsicott|31/100|[from] Grassy Terrain
|-heal|p1a: Rillaboom|39/100|[from] Grassy Terrain
|upkeep
|turn|10
|
|t:|1750756433
|switch|p1a: Zamazenta|Zamazenta-Crowned, L50|100/100
|move|p2b: Whimsicott|Sunny Day|p2b: Whimsicott
|-weather|SunnyDay
|move|p2a: Ho-Oh|Sacred Fire|p1b: Amoonguss
|-supereffective|p1b: Amoonguss
|-damage|p1b: Amoonguss|0 fnt
|faint|p1b: Amoonguss
|
|-weather|SunnyDay|[upkeep]
|-heal|p2b: Whimsicott|37/100|[from] Grassy Terrain
|-fieldend|move: Grassy Terrain
|upkeep
|-message|kdjhxjccc forfeited.
|
|win|johnkharkiv
|raw|kdjhxjccc's rating: 1045 &rarr; <strong>1031</strong><br />(-14 for losing)
|raw|johnkharkiv's rating: 1112 &rarr; <strong>1132</strong><br />(+20 for winning)
|l|☆kdjhxjccc
|player|p1|
