|j|☆josephstalechipp
|j|☆Maaaaple
|t:|1750864768
|gametype|doubles
|player|p1|josephstalechipp|ghetsis|1243
|player|p2|Maaaaple|170|1214
|teamsize|p1|6
|teamsize|p2|6
|gen|9
|tier|[Gen 9] VGC 2025 Reg I
|rated|
|rule|Species Clause: Limit one of each Pokémon
|rule|Item Clause: Limit 1 of each item
|clearpoke
|poke|p1|Zacian-*, L50|
|poke|p1|Calyrex-Shadow, L50|
|poke|p1|Indeedee-F, L50, F|
|poke|p1|Torkoal, L50, F|
|poke|p1|Heatran, L50, F|
|poke|p1|Walking Wake, L50|
|poke|p2|Whimsicott, L50, F|
|poke|p2|Calyrex-Shadow, L50|
|poke|p2|Miraidon, L50|
|poke|p2|Incineroar, L50, M|
|poke|p2|Iron Hands, L50|
|poke|p2|Chi-Yu, L50|
|teampreview|4
|inactive|Battle timer is ON: inactive players will automatically lose when time's up. (requested by josephstalechipp)
|
|t:|1750864810
|start
|switch|p1a: Calyrex|Calyrex-Shadow, L50|100/100
|switch|p1b: Indeedee|Indeedee-F, L50, F, shiny|100/100
|switch|p2a: Whimsicott|Whimsicott, L50, F, shiny|100/100
|switch|p2b: Calyrex|Calyrex-Shadow, L50|100/100
|-ability|p2b: Calyrex|As One
|-ability|p2b: Calyrex|Unnerve
|-ability|p1a: Calyrex|As One
|-ability|p1a: Calyrex|Unnerve
|-fieldstart|move: Psychic Terrain|[from] ability: Psychic Surge|[of] p1b: Indeedee
|turn|1
|inactive|Maaaaple has 30 seconds left.
|inactive|josephstalechipp has 30 seconds left.
|inactive|Maaaaple has 20 seconds left.
|inactive|josephstalechipp has 20 seconds left.
|
|t:|1750864853
|-terastallize|p1a: Calyrex|Normal
|move|p2b: Calyrex|Protect|p2b: Calyrex
|-singleturn|p2b: Calyrex|Protect
|move|p2a: Whimsicott|Tailwind|p2a: Whimsicott
|-sidestart|p2: Maaaaple|move: Tailwind
|move|p1a: Calyrex|Astral Barrage|p2b: Calyrex|[spread] p2a
|-activate|p2b: Calyrex|move: Protect
|-damage|p2a: Whimsicott|0 fnt
|faint|p2a: Whimsicott
|-ability|p1a: Calyrex|Grim Neigh|boost
|-boost|p1a: Calyrex|spa|1
|move|p1b: Indeedee|Trick Room|p1b: Indeedee
|-fieldstart|move: Trick Room|[of] p1b: Indeedee
|
|upkeep
|
|t:|1750864868
|switch|p2a: Iron Hands|Iron Hands, L50, shiny|100/100
|turn|2
|inactive|Maaaaple has 30 seconds left.
|inactive|josephstalechipp has 30 seconds left.
|
|t:|1750864906
|switch|p2b: Miraidon|Miraidon, L50|100/100
|-fieldstart|move: Electric Terrain|[from] ability: Hadron Engine|[of] p2b: Miraidon
|-activate|p2a: Iron Hands|ability: Quark Drive
|-start|p2a: Iron Hands|quarkdriveatk
|move|p2a: Iron Hands|Drain Punch|p1b: Indeedee
|-damage|p1b: Indeedee|46/100
|move|p1b: Indeedee|Heal Pulse|p1a: Calyrex
|-fail|p1a: Calyrex|heal
|move|p1a: Calyrex|Astral Barrage|p2b: Miraidon|[spread] p2a,p2b
|-damage|p2a: Iron Hands|30/100
|-damage|p2b: Miraidon|0 fnt
|faint|p2b: Miraidon
|-ability|p1a: Calyrex|Grim Neigh|boost
|-boost|p1a: Calyrex|spa|1
|
|upkeep
|
|t:|1750864922
|switch|p2b: Calyrex|Calyrex-Shadow, L50|100/100
|-ability|p2b: Calyrex|As One
|-ability|p2b: Calyrex|Unnerve
|turn|3
|inactive|Maaaaple has 30 seconds left.
|
|t:|1750864953
|move|p1b: Indeedee|Protect|p1b: Indeedee
|-singleturn|p1b: Indeedee|Protect
|move|p2b: Calyrex|Protect|p2b: Calyrex
|-singleturn|p2b: Calyrex|Protect
|move|p2a: Iron Hands|Drain Punch|p1a: Calyrex
|-supereffective|p1a: Calyrex
|-damage|p1a: Calyrex|0 fnt
|-heal|p2a: Iron Hands|66/100|[from] drain|[of] p1a: Calyrex
|faint|p1a: Calyrex
|
|upkeep
|
|t:|1750864964
|switch|p1a: Torkoal|Torkoal, L50, F, shiny|100/100
|-weather|SunnyDay|[from] ability: Drought|[of] p1a: Torkoal
|turn|4
|inactive|Maaaaple has 30 seconds left.
|inactive|Maaaaple has 20 seconds left.
|inactive|Maaaaple has 15 seconds left.
|inactive|Maaaaple has 10 seconds left.
|
|t:|1750865009
|move|p1b: Indeedee|Helping Hand|p1a: Torkoal
|-singleturn|p1a: Torkoal|Helping Hand|[of] p1b: Indeedee
|move|p1a: Torkoal|Eruption|p2a: Iron Hands|[spread] p2a,p2b
|-damage|p2a: Iron Hands|6/100
|-enditem|p2b: Calyrex|Focus Sash
|-damage|p2b: Calyrex|1/100
|move|p2a: Iron Hands|Drain Punch|p1b: Indeedee
|-damage|p1b: Indeedee|0 fnt
|-heal|p2a: Iron Hands|23/100|[from] drain|[of] p1b: Indeedee
|faint|p1b: Indeedee
|move|p2b: Calyrex|Psychic|p1a: Torkoal
|-damage|p1a: Torkoal|23/100
|
|-weather|SunnyDay|[upkeep]
|-sideend|p2: Maaaaple|move: Tailwind
|upkeep
|
|t:|1750865026
|switch|p1b: Heatran|Heatran, L50, F, shiny|100/100
|turn|5
|
|t:|1750865048
|move|p1b: Heatran|Protect|p1b: Heatran
|-singleturn|p1b: Heatran|Protect
|move|p2b: Calyrex|Protect|p2b: Calyrex
|-singleturn|p2b: Calyrex|Protect
|move|p1a: Torkoal|Eruption|p2a: Iron Hands|[spread] p2a
|-activate|p2b: Calyrex|move: Protect
|-damage|p2a: Iron Hands|14/100
|move|p2a: Iron Hands|Drain Punch|p1b: Heatran
|-activate|p1b: Heatran|move: Protect
|
|-weather|SunnyDay|[upkeep]
|-fieldend|move: Trick Room
|upkeep
|turn|6
|inactive|josephstalechipp has 30 seconds left.
|
|t:|1750865083
|-terastallize|p2b: Calyrex|Ghost
|move|p2b: Calyrex|Astral Barrage|p1b: Heatran|[spread] p1a,p1b
|-damage|p1a: Torkoal|0 fnt
|-damage|p1b: Heatran|37/100
|faint|p1a: Torkoal
|-ability|p2b: Calyrex|Grim Neigh|boost
|-boost|p2b: Calyrex|spa|1
|move|p1b: Heatran|Earth Power|p2b: Calyrex
|-damage|p2b: Calyrex|0 fnt
|faint|p2b: Calyrex
|move|p2a: Iron Hands|Drain Punch|p1b: Heatran
|-supereffective|p1b: Heatran
|-damage|p1b: Heatran|0 fnt
|-heal|p2a: Iron Hands|28/100|[from] drain|[of] p1b: Heatran
|faint|p1b: Heatran
|
|win|Maaaaple
|raw|josephstalechipp's rating: 1243 &rarr; <strong>1216</strong><br />(-27 for losing)
|raw|Maaaaple's rating: 1214 &rarr; <strong>1241</strong><br />(+27 for winning)
|l|☆josephstalechipp
|player|p1|
