|j|☆pkmnboo
|j|☆Naktix
|t:|1750853943
|gametype|doubles
|player|p1|pkmnboo|rood|1214
|player|p2|Naktix|juggler|1263
|teamsize|p1|6
|teamsize|p2|4
|gen|9
|tier|[Gen 9] VGC 2025 Reg I
|rated|
|rule|Species Clause: Limit one of each Pokémon
|rule|Item Clause: Limit 1 of each item
|clearpoke
|poke|p1|Ogerpon, L50, F|
|poke|p1|Calyrex-Shadow, L50|
|poke|p1|Rillaboom, L50, F|
|poke|p1|Incineroar, L50, F|
|poke|p1|Urshifu-*, L50, M|
|poke|p1|Zacian-*, L50|
|poke|p2|Calyrex-Ice, L50|
|poke|p2|Zamazenta-*, L50|
|poke|p2|Incineroar, L50, F|
|poke|p2|Rillaboom, L50, M|
|teampreview|4
|inactive|Battle timer is ON: inactive players will automatically lose when time's up. (requested by Naktix)
|inactive|pkmnboo also wants the timer to be on.
|inactive|Naktix has 60 seconds left.
|inactive|pkmnboo has 60 seconds left.
|
|t:|1750853995
|start
|switch|p1a: Ogerpon|Ogerpon, L50, F|100/100
|switch|p1b: Calyrex|Calyrex-Shadow, L50|100/100
|switch|p2a: Incineroar|Incineroar, L50, F|100/100
|switch|p2b: Calyrex|Calyrex-Ice, L50|100/100
|-ability|p1b: Calyrex|As One
|-ability|p1b: Calyrex|Unnerve
|-ability|p2b: Calyrex|As One
|-ability|p2b: Calyrex|Unnerve
|-ability|p2a: Incineroar|Intimidate|boost
|-unboost|p1a: Ogerpon|atk|1
|-ability|p1a: Ogerpon|Defiant|boost
|-boost|p1a: Ogerpon|atk|2
|-unboost|p1b: Calyrex|atk|1
|turn|1
|inactive|pkmnboo has 30 seconds left.
|inactive|Naktix has 30 seconds left.
|inactive|pkmnboo has 20 seconds left.
|inactive|Naktix has 20 seconds left.
|inactive|pkmnboo has 15 seconds left.
|inactive|Naktix has 15 seconds left.
|
|t:|1750854038
|-terastallize|p2b: Calyrex|Grass
|move|p1b: Calyrex|Astral Barrage|p2b: Calyrex|[spread] p2a,p2b
|-resisted|p2a: Incineroar
|-damage|p2a: Incineroar|80/100
|-damage|p2b: Calyrex|62/100
|move|p1a: Ogerpon|Superpower|p2a: Incineroar
|-supereffective|p2a: Incineroar
|-damage|p2a: Incineroar|0 fnt
|-unboost|p1a: Ogerpon|atk|1
|-unboost|p1a: Ogerpon|def|1
|faint|p2a: Incineroar
|move|p2b: Calyrex|Trick Room|p2b: Calyrex
|-fieldstart|move: Trick Room|[of] p2b: Calyrex
|
|-heal|p2b: Calyrex|68/100|[from] item: Leftovers
|upkeep
|
|t:|1750854055
|switch|p2a: Rillaboom|Rillaboom, L50, M|100/100
|-fieldstart|move: Grassy Terrain|[from] ability: Grassy Surge|[of] p2a: Rillaboom
|turn|2
|
|t:|1750854063
|switch|p1a: Incineroar|Incineroar, L50, F|100/100
|-ability|p1a: Incineroar|Intimidate|boost
|-unboost|p2a: Rillaboom|atk|1
|-unboost|p2b: Calyrex|atk|1
|move|p1b: Calyrex|Protect|p1b: Calyrex
|-singleturn|p1b: Calyrex|Protect
|move|p2b: Calyrex|Glacial Lance|p1a: Incineroar|[spread] p1a
|-activate|p1b: Calyrex|move: Protect
|-resisted|p1a: Incineroar
|-damage|p1a: Incineroar|86/100
|move|p2a: Rillaboom|Wood Hammer|p1b: Calyrex
|-activate|p1b: Calyrex|move: Protect
|
|-heal|p2b: Calyrex|74/100|[from] Grassy Terrain
|-heal|p2b: Calyrex|80/100|[from] item: Leftovers
|-heal|p1a: Incineroar|92/100|[from] Grassy Terrain
|upkeep
|turn|3
|inactive|Naktix has 30 seconds left.
|inactive|Naktix has 20 seconds left.
|
|t:|1750854098
|move|p2b: Calyrex|Protect|p2b: Calyrex
|-singleturn|p2b: Calyrex|Protect
|move|p1a: Incineroar|Fake Out|p2b: Calyrex
|-activate|p2b: Calyrex|move: Protect
|move|p2a: Rillaboom|U-turn|p1a: Incineroar
|-damage|p1a: Incineroar|79/100
|
|t:|1750854104
|switch|p2a: Zamazenta|Zamazenta-Crowned, L50|100/100|[from] U-turn
|-ability|p2a: Zamazenta|Dauntless Shield|boost
|-boost|p2a: Zamazenta|def|1
|move|p1b: Calyrex|Astral Barrage|p2a: Zamazenta|[spread] p2a
|-activate|p2b: Calyrex|move: Protect
|-damage|p2a: Zamazenta|64/100
|
|-heal|p2b: Calyrex|86/100|[from] Grassy Terrain
|-heal|p2b: Calyrex|91/100|[from] item: Leftovers
|-heal|p1a: Incineroar|85/100|[from] Grassy Terrain
|-heal|p2a: Zamazenta|70/100|[from] Grassy Terrain
|upkeep
|turn|4
|
|t:|1750854120
|switch|p1a: Ogerpon|Ogerpon, L50, F|100/100
|move|p1b: Calyrex|Protect|p1b: Calyrex
|-singleturn|p1b: Calyrex|Protect
|move|p2b: Calyrex|Leech Seed|p1b: Calyrex
|-activate|p1b: Calyrex|move: Protect
|move|p2a: Zamazenta|Body Press|p1a: Ogerpon
|-damage|p1a: Ogerpon|10/100
|
|-heal|p2b: Calyrex|97/100|[from] Grassy Terrain
|-heal|p2b: Calyrex|100/100|[from] item: Leftovers
|-heal|p1a: Ogerpon|16/100|[from] Grassy Terrain
|-heal|p2a: Zamazenta|76/100|[from] Grassy Terrain
|upkeep
|turn|5
|
|t:|1750854139
|switch|p1b: Incineroar|Incineroar, L50, F|85/100
|-ability|p1b: Incineroar|Intimidate|boost
|-unboost|p2a: Zamazenta|atk|1
|-unboost|p2b: Calyrex|atk|1
|move|p1a: Ogerpon|Spiky Shield|p1a: Ogerpon
|-singleturn|p1a: Ogerpon|move: Protect
|move|p2a: Zamazenta|Wide Guard|p2a: Zamazenta
|-singleturn|p2a: Zamazenta|Wide Guard
|move|p2b: Calyrex|Leech Seed|p1b: Incineroar
|-start|p1b: Incineroar|move: Leech Seed
|
|-heal|p1b: Incineroar|91/100|[from] Grassy Terrain
|-heal|p2a: Zamazenta|82/100|[from] Grassy Terrain
|-heal|p1a: Ogerpon|23/100|[from] Grassy Terrain
|-damage|p1b: Incineroar|78/100|[from] Leech Seed|[of] p2b: Calyrex
|-fieldend|move: Trick Room
|upkeep
|turn|6
|
|t:|1750854162
|switch|p1a: Calyrex|Calyrex-Shadow, L50|100/100
|-ability|p1a: Calyrex|As One
|-ability|p1a: Calyrex|Unnerve
|move|p1b: Incineroar|Fake Out|p2b: Calyrex
|-damage|p2b: Calyrex|93/100
|move|p2a: Zamazenta|Body Press|p1b: Incineroar
|-supereffective|p1b: Incineroar
|-damage|p1b: Incineroar|0 fnt
|faint|p1b: Incineroar
|cant|p2b: Calyrex|flinch
|
|-heal|p2a: Zamazenta|88/100|[from] Grassy Terrain
|-heal|p2b: Calyrex|99/100|[from] Grassy Terrain
|-heal|p2b: Calyrex|100/100|[from] item: Leftovers
|-fieldend|move: Grassy Terrain
|upkeep
|inactive|pkmnboo has 30 seconds left.
|
|t:|1750854194
|switch|p1b: Ogerpon|Ogerpon, L50, F|23/100
|turn|7
|inactive|Naktix has 30 seconds left.
|
|t:|1750854225
|move|p2a: Zamazenta|Wide Guard|p2a: Zamazenta
|-singleturn|p2a: Zamazenta|Wide Guard
|move|p1a: Calyrex|Disable|p2a: Zamazenta
|-start|p2a: Zamazenta|Disable|Wide Guard
|move|p1b: Ogerpon|Taunt|p2b: Calyrex
|-start|p2b: Calyrex|move: Taunt
|move|p2b: Calyrex|Glacial Lance|p1b: Ogerpon|[spread] p1a,p1b
|-supereffective|p1b: Ogerpon
|-damage|p1a: Calyrex|60/100
|-damage|p1b: Ogerpon|0 fnt
|faint|p1b: Ogerpon
|-ability|p2b: Calyrex|Chilling Neigh|boost
|-boost|p2b: Calyrex|atk|1
|
|upkeep
|
|t:|1750854235
|switch|p1b: Zacian|Zacian-Crowned, L50|100/100
|-ability|p1b: Zacian|Intrepid Sword|boost
|-boost|p1b: Zacian|atk|1
|turn|8
|
|t:|1750854255
|switch|p2b: Rillaboom|Rillaboom, L50, M|100/100
|-fieldstart|move: Grassy Terrain|[from] ability: Grassy Surge|[of] p2b: Rillaboom
|move|p2a: Zamazenta|Protect|p2a: Zamazenta
|-singleturn|p2a: Zamazenta|Protect
|move|p1a: Calyrex|Encore|p2a: Zamazenta
|-activate|p2a: Zamazenta|move: Protect
|move|p1b: Zacian|Swords Dance|p1b: Zacian
|-boost|p1b: Zacian|atk|2
|
|-heal|p1a: Calyrex|66/100|[from] Grassy Terrain
|-heal|p2a: Zamazenta|94/100|[from] Grassy Terrain
|upkeep
|turn|9
|inactive|Naktix has 30 seconds left.
|inactive|Naktix has 20 seconds left.
|inactive|Naktix has 15 seconds left.
|inactive|Naktix has 10 seconds left.
|inactive|Naktix has 5 seconds left.
|
|t:|1750854308
|switch|p2a: Calyrex|Calyrex-Ice, L50, tera:Grass|100/100
|-ability|p2a: Calyrex|As One
|-ability|p2a: Calyrex|Unnerve
|move|p1b: Zacian|Protect|p1b: Zacian
|-singleturn|p1b: Zacian|Protect
|move|p1a: Calyrex|Astral Barrage|p2a: Calyrex|[spread] p2a,p2b
|-damage|p2a: Calyrex|63/100
|-damage|p2b: Rillaboom|60/100
|move|p2b: Rillaboom|Wood Hammer|p1b: Zacian
|-activate|p1b: Zacian|move: Protect
|
|-heal|p1a: Calyrex|72/100|[from] Grassy Terrain
|-heal|p2b: Rillaboom|66/100|[from] Grassy Terrain
|-heal|p2a: Calyrex|69/100|[from] Grassy Terrain
|-heal|p2a: Calyrex|74/100|[from] item: Leftovers
|upkeep
|turn|10
|inactive|Naktix has 30 seconds left.
|
|t:|1750854335
|move|p2b: Rillaboom|Grassy Glide|p1a: Calyrex
|-damage|p1a: Calyrex|18/100
|move|p1a: Calyrex|Astral Barrage|p2a: Calyrex|[spread] p2a,p2b
|-damage|p2a: Calyrex|38/100
|-damage|p2b: Rillaboom|22/100
|move|p1b: Zacian|Behemoth Blade|p2a: Calyrex
|-damage|p2a: Calyrex|0 fnt
|faint|p2a: Calyrex
|
|-heal|p1a: Calyrex|24/100|[from] Grassy Terrain
|-heal|p2b: Rillaboom|28/100|[from] Grassy Terrain
|upkeep
|
|t:|1750854344
|switch|p2a: Zamazenta|Zamazenta-Crowned, L50|94/100
|turn|11
|
|t:|1750854361
|move|p1a: Calyrex|Protect|p1a: Calyrex
|-singleturn|p1a: Calyrex|Protect
|move|p2a: Zamazenta|Protect|p2a: Zamazenta
|-singleturn|p2a: Zamazenta|Protect
|move|p2b: Rillaboom|Grassy Glide|p1a: Calyrex
|-activate|p1a: Calyrex|move: Protect
|move|p1b: Zacian|Play Rough|p2a: Zamazenta
|-activate|p2a: Zamazenta|move: Protect
|
|-heal|p1a: Calyrex|30/100|[from] Grassy Terrain
|-heal|p2a: Zamazenta|99/100|[from] Grassy Terrain
|-heal|p2b: Rillaboom|34/100|[from] Grassy Terrain
|upkeep
|turn|12
|
|t:|1750854379
|move|p2b: Rillaboom|Grassy Glide|p1a: Calyrex
|-damage|p1a: Calyrex|0 fnt
|faint|p1a: Calyrex
|move|p1b: Zacian|Play Rough|p2a: Zamazenta
|-damage|p2a: Zamazenta|34/100
|move|p2a: Zamazenta|Body Press|p1b: Zacian
|-damage|p1b: Zacian|55/100
|
|-heal|p1b: Zacian|61/100|[from] Grassy Terrain
|-heal|p2a: Zamazenta|40/100|[from] Grassy Terrain
|-heal|p2b: Rillaboom|40/100|[from] Grassy Terrain
|-fieldend|move: Grassy Terrain
|upkeep
|turn|13
|
|t:|1750854394
|move|p1b: Zacian|Behemoth Blade|p2b: Rillaboom
|-damage|p2b: Rillaboom|0 fnt
|faint|p2b: Rillaboom
|move|p2a: Zamazenta|Body Press|p1b: Zacian
|-damage|p1b: Zacian|12/100
|
|upkeep
|turn|14
|c|☆Naktix|gg
|
|t:|1750854412
|move|p1b: Zacian|Play Rough|p2a: Zamazenta
|-damage|p2a: Zamazenta|0 fnt
|faint|p2a: Zamazenta
|
|win|pkmnboo
|raw|pkmnboo's rating: 1214 &rarr; <strong>1243</strong><br />(+29 for winning)
|raw|Naktix's rating: 1263 &rarr; <strong>1234</strong><br />(-29 for losing)
|c|☆pkmnboo|gg
