|j|☆yinyangchu
|j|☆Dlotr
|t:|1750800826
|gametype|doubles
|player|p1|yinyangchu|169|1265
|player|p2|Dlotr|nate|1255
|teamsize|p1|6
|teamsize|p2|6
|gen|9
|tier|[Gen 9] VGC 2025 Reg I
|rated|
|rule|Species Clause: Limit one of each Pokémon
|rule|Item Clause: Limit 1 of each item
|clearpoke
|poke|p1|Rillaboom, L50, F|
|poke|p1|Alcremie, L50, F|
|poke|p1|Incineroar, L50, F|
|poke|p1|Terapagos, L50, M|
|poke|p1|Scream Tail, L50|
|poke|p1|Miraidon, L50|
|poke|p2|Calyrex-Shadow, L50|
|poke|p2|Indeedee-F, L50, F|
|poke|p2|Zamazenta-*, L50|
|poke|p2|Incineroar, L50, F|
|poke|p2|Pachirisu, L50, M|
|poke|p2|Ursaluna-Bloodmoon, L50, M|
|teampreview|4
|inactive|Battle timer is ON: inactive players will automatically lose when time's up. (requested by Dlotr)
|
|t:|1750800884
|start
|switch|p1a: Alcremie|Alcremie, L50, F|100/100
|switch|p1b: Rillaboom|Rillaboom, L50, F|100/100
|switch|p2a: Ursaluna|Ursaluna-Bloodmoon, L50, M|100/100
|switch|p2b: Pachirisu|Pachirisu, L50, M|100/100
|-fieldstart|move: Grassy Terrain|[from] ability: Grassy Surge|[of] p1b: Rillaboom
|turn|1
|inactive|yinyangchu has 30 seconds left.
|inactive|yinyangchu has 20 seconds left.
|
|t:|1750800919
|-terastallize|p2a: Ursaluna|Ghost
|move|p2b: Pachirisu|Nuzzle|p1b: Rillaboom
|-resisted|p1b: Rillaboom
|-damage|p1b: Rillaboom|99/100
|-status|p1b: Rillaboom|par
|move|p1a: Alcremie|Light Screen|p1a: Alcremie
|-sidestart|p1: yinyangchu|move: Light Screen
|move|p2a: Ursaluna|Blood Moon|p1b: Rillaboom
|-damage|p1b: Rillaboom|33/100 par
|cant|p1b: Rillaboom|par
|
|-heal|p1b: Rillaboom|39/100 par|[from] Grassy Terrain
|upkeep
|turn|2
|inactive|yinyangchu has 30 seconds left.
|
|t:|1750800946
|switch|p1b: Terapagos|Terapagos, L50, M|100/100
|-activate|p1b: Terapagos|ability: Tera Shift
|detailschange|p1b: Terapagos|Terapagos-Terastal, L50, M
|-heal|p1b: Terapagos|100/100|[silent]
|move|p2b: Pachirisu|Nuzzle|p1a: Alcremie
|-damage|p1a: Alcremie|96/100
|-status|p1a: Alcremie|par
|move|p2a: Ursaluna|Hyper Voice|p1b: Terapagos|[spread] p1a,p1b
|-crit|p1a: Alcremie
|-activate|p1b: Terapagos|ability: Tera Shell
|-resisted|p1b: Terapagos
|-damage|p1a: Alcremie|42/100 par
|-damage|p1b: Terapagos|90/100
|move|p1a: Alcremie|Decorate|p1b: Terapagos
|-boost|p1b: Terapagos|atk|2
|-boost|p1b: Terapagos|spa|2
|
|-heal|p1b: Terapagos|96/100|[from] Grassy Terrain
|-heal|p1b: Terapagos|100/100|[from] item: Leftovers
|-heal|p1a: Alcremie|48/100 par|[from] Grassy Terrain
|upkeep
|turn|3
|inactive|yinyangchu has 30 seconds left.
|
|t:|1750800972
|switch|p1a: Scream Tail|Scream Tail, L50|100/100
|-enditem|p1a: Scream Tail|Booster Energy
|-activate|p1a: Scream Tail|ability: Protosynthesis|[fromitem]
|-start|p1a: Scream Tail|protosynthesisspe
|move|p2b: Pachirisu|Nuzzle|p1b: Terapagos
|-activate|p1b: Terapagos|ability: Tera Shell
|-resisted|p1b: Terapagos
|-damage|p1b: Terapagos|99/100
|-status|p1b: Terapagos|par
|move|p2a: Ursaluna|Blood Moon|p1b: Terapagos
|-damage|p1b: Terapagos|49/100 par
|cant|p1b: Terapagos|par
|
|-heal|p1b: Terapagos|56/100 par|[from] Grassy Terrain
|-heal|p1b: Terapagos|62/100 par|[from] item: Leftovers
|upkeep
|turn|4
|inactive|yinyangchu has 30 seconds left.
|
|t:|1750801002
|move|p1b: Terapagos|Protect|p1b: Terapagos
|-singleturn|p1b: Terapagos|Protect
|move|p2b: Pachirisu|Follow Me|p2b: Pachirisu
|-singleturn|p2b: Pachirisu|move: Follow Me
|move|p1a: Scream Tail|Disable|p2b: Pachirisu
|-start|p2b: Pachirisu|Disable|Follow Me
|move|p2a: Ursaluna|Hyper Voice|p1a: Scream Tail|[spread] p1a
|-activate|p1b: Terapagos|move: Protect
|-damage|p1a: Scream Tail|82/100
|
|-heal|p1a: Scream Tail|88/100|[from] Grassy Terrain
|-heal|p1b: Terapagos|68/100 par|[from] Grassy Terrain
|-heal|p1b: Terapagos|74/100 par|[from] item: Leftovers
|upkeep
|turn|5
|inactive|yinyangchu has 30 seconds left.
|
|t:|1750801035
|move|p1a: Scream Tail|Encore|p2a: Ursaluna
|-start|p2a: Ursaluna|Encore
|move|p2b: Pachirisu|Nuzzle|p1a: Scream Tail
|-damage|p1a: Scream Tail|86/100
|-status|p1a: Scream Tail|par
|move|p2a: Ursaluna|Hyper Voice|p1a: Scream Tail|[spread] p1a,p1b
|-damage|p1a: Scream Tail|67/100 par
|-damage|p1b: Terapagos|54/100 par
|move|p1b: Terapagos|Calm Mind|p1b: Terapagos
|-boost|p1b: Terapagos|spa|1
|-boost|p1b: Terapagos|spd|1
|
|-heal|p1a: Scream Tail|73/100 par|[from] Grassy Terrain
|-heal|p1b: Terapagos|60/100 par|[from] Grassy Terrain
|-heal|p1b: Terapagos|67/100 par|[from] item: Leftovers
|-sideend|p1: yinyangchu|move: Light Screen
|-fieldend|move: Grassy Terrain
|upkeep
|turn|6
|
|t:|1750801050
|move|p2b: Pachirisu|Electroweb|p1a: Scream Tail|[spread] p1a,p1b
|-damage|p1a: Scream Tail|68/100 par
|-damage|p1b: Terapagos|62/100 par
|-unboost|p1a: Scream Tail|spe|1
|-unboost|p1b: Terapagos|spe|1
|move|p1a: Scream Tail|Disable|p2a: Ursaluna
|-start|p2a: Ursaluna|Disable|Hyper Voice
|cant|p2a: Ursaluna|Disable|Hyper Voice
|move|p1b: Terapagos|Calm Mind|p1b: Terapagos
|-boost|p1b: Terapagos|spa|1
|-boost|p1b: Terapagos|spd|1
|
|-heal|p1b: Terapagos|68/100 par|[from] item: Leftovers
|upkeep
|turn|7
|
|t:|1750801068
|-end|p1a: Scream Tail|Protosynthesis|[silent]
|switch|p1a: Rillaboom|Rillaboom, L50, F|39/100 par
|-fieldstart|move: Grassy Terrain|[from] ability: Grassy Surge|[of] p1a: Rillaboom
|switch|p2a: Horse girl|Calyrex-Shadow, L50|100/100
|-ability|p2a: Horse girl|As One
|-ability|p2a: Horse girl|Unnerve
|move|p1b: Terapagos|Protect|p1b: Terapagos
|-singleturn|p1b: Terapagos|Protect
|move|p2b: Pachirisu|Electroweb|p1a: Rillaboom|[spread] p1a
|-activate|p1b: Terapagos|move: Protect
|-resisted|p1a: Rillaboom
|-damage|p1a: Rillaboom|34/100 par
|-unboost|p1a: Rillaboom|spe|1
|
|-heal|p1b: Terapagos|74/100 par|[from] Grassy Terrain
|-heal|p1a: Rillaboom|40/100 par|[from] Grassy Terrain
|-heal|p1b: Terapagos|81/100 par|[from] item: Leftovers
|upkeep
|turn|8
|inactive|yinyangchu has 30 seconds left.
|inactive|yinyangchu has 20 seconds left.
|inactive|yinyangchu has 15 seconds left.
|
|t:|1750801111
|switch|p1a: Alcremie|Alcremie, L50, F|48/100 par
|-terastallize|p1b: Terapagos|Stellar
|detailschange|p1b: Terapagos|Terapagos-Stellar, L50, M, tera:Stellar
|-heal|p1b: Terapagos|86/100 par|[silent]
|-ability|p1b: Terapagos|Teraform Zero
|-fieldend|move: Grassy Terrain
|move|p2a: Horse girl|Expanding Force|p1b: Terapagos
|-damage|p1b: Terapagos|61/100 par
|move|p2b: Pachirisu|Electroweb|p1b: Terapagos|[spread] p1a,p1b
|-damage|p1a: Alcremie|40/100 par
|-damage|p1b: Terapagos|58/100 par
|-unboost|p1a: Alcremie|spe|1
|-unboost|p1b: Terapagos|spe|1
|move|p1b: Terapagos|Tera Starstorm|p2a: Horse girl|[spread] p2a,p2b
|-damage|p2a: Horse girl|0 fnt
|-enditem|p2b: Pachirisu|Focus Sash
|-damage|p2b: Pachirisu|1/100
|faint|p2a: Horse girl
|
|-heal|p1b: Terapagos|65/100 par|[from] item: Leftovers
|-end|p2b: Pachirisu|Disable
|upkeep
|
|t:|1750801122
|switch|p2a: Ursaluna|Ursaluna-Bloodmoon, L50, M, tera:Ghost|100/100
|turn|9
|
|t:|1750801132
|move|p1b: Terapagos|Protect|p1b: Terapagos
|-singleturn|p1b: Terapagos|Protect
|move|p2b: Pachirisu|Follow Me|p2b: Pachirisu
|-singleturn|p2b: Pachirisu|move: Follow Me
|move|p2a: Ursaluna|Blood Moon|p1b: Terapagos
|-activate|p1b: Terapagos|move: Protect
|move|p1a: Alcremie|Dazzling Gleam|p2b: Pachirisu|[spread] p2a,p2b
|-damage|p2a: Ursaluna|74/100
|-damage|p2b: Pachirisu|0 fnt
|faint|p2b: Pachirisu
|
|-heal|p1b: Terapagos|71/100 par|[from] item: Leftovers
|upkeep
|
|t:|1750801141
|switch|p2b: Ex gf|Indeedee-F, L50, F|100/100
|-fieldstart|move: Psychic Terrain|[from] ability: Psychic Surge|[of] p2b: Ex gf
|turn|10
|
|t:|1750801156
|switch|p1a: Scream Tail|Scream Tail, L50|68/100 par
|move|p1b: Terapagos|Protect||[still]
|-fail|p1b: Terapagos
|move|p2b: Ex gf|Psychic|p1b: Terapagos
|-damage|p1b: Terapagos|59/100 par
|-unboost|p1b: Terapagos|spd|1
|move|p2a: Ursaluna|Moonblast|p1b: Terapagos
|-damage|p1b: Terapagos|44/100 par
|
|-heal|p1b: Terapagos|50/100 par|[from] item: Leftovers
|upkeep
|turn|11
|inactive|yinyangchu has 30 seconds left.
|inactive|yinyangchu has 20 seconds left.
|inactive|yinyangchu has 15 seconds left.
|inactive|yinyangchu has 10 seconds left.
|inactive|yinyangchu has 5 seconds left.
|
|t:|1750801209
|move|p1b: Terapagos|Protect|p1b: Terapagos
|-singleturn|p1b: Terapagos|Protect
|move|p2b: Ex gf|Follow Me|p2b: Ex gf
|-singleturn|p2b: Ex gf|move: Follow Me
|move|p1a: Scream Tail|Encore|p2b: Ex gf
|-start|p2b: Ex gf|Encore
|move|p2a: Ursaluna|Blood Moon|p1b: Terapagos
|-activate|p1b: Terapagos|move: Protect
|
|-heal|p1b: Terapagos|56/100 par|[from] item: Leftovers
|upkeep
|turn|12
|
|t:|1750801228
|move|p2b: Ex gf|Follow Me|p2b: Ex gf
|-singleturn|p2b: Ex gf|move: Follow Me
|cant|p1a: Scream Tail|par
|move|p2a: Ursaluna|Earth Power|p1a: Scream Tail
|-damage|p1a: Scream Tail|35/100 par
|move|p1b: Terapagos|Calm Mind|p1b: Terapagos
|-boost|p1b: Terapagos|spa|1
|-boost|p1b: Terapagos|spd|1
|
|-heal|p1b: Terapagos|62/100 par|[from] item: Leftovers
|upkeep
|turn|13
|
|t:|1750801242
|move|p1b: Terapagos|Protect|p1b: Terapagos
|-singleturn|p1b: Terapagos|Protect
|move|p2b: Ex gf|Follow Me|p2b: Ex gf
|-singleturn|p2b: Ex gf|move: Follow Me
|cant|p1a: Scream Tail|par
|move|p2a: Ursaluna|Hyper Voice|p1a: Scream Tail|[spread] p1a
|-activate|p1b: Terapagos|move: Protect
|-damage|p1a: Scream Tail|5/100 par
|
|-heal|p1b: Terapagos|69/100 par|[from] item: Leftovers
|upkeep
|turn|14
|
|t:|1750801253
|move|p2b: Ex gf|Follow Me|p2b: Ex gf
|-singleturn|p2b: Ex gf|move: Follow Me
|move|p1a: Scream Tail|Disable|p2b: Ex gf
|-start|p2b: Ex gf|Disable|Follow Me
|move|p2a: Ursaluna|Hyper Voice|p1a: Scream Tail|[spread] p1a,p1b
|-crit|p1b: Terapagos
|-damage|p1a: Scream Tail|0 fnt
|-damage|p1b: Terapagos|34/100 par
|faint|p1a: Scream Tail
|-end|p1a: Scream Tail|Protosynthesis|[silent]
|cant|p1b: Terapagos|par
|
|-heal|p1b: Terapagos|41/100 par|[from] item: Leftovers
|-end|p2b: Ex gf|Encore
|upkeep
|
|t:|1750801265
|switch|p1a: Alcremie|Alcremie, L50, F|40/100 par
|turn|15
|
|t:|1750801279
|move|p1b: Terapagos|Protect|p1b: Terapagos
|-singleturn|p1b: Terapagos|Protect
|move|p2b: Ex gf|Psychic|p1a: Alcremie
|-damage|p1a: Alcremie|7/100 par
|move|p2a: Ursaluna|Hyper Voice|p1a: Alcremie|[spread] p1a
|-activate|p1b: Terapagos|move: Protect
|-damage|p1a: Alcremie|0 fnt
|faint|p1a: Alcremie
|
|-heal|p1b: Terapagos|47/100 par|[from] item: Leftovers
|upkeep
|
|t:|1750801285
|switch|p1a: Rillaboom|Rillaboom, L50, F|40/100 par
|-fieldstart|move: Grassy Terrain|[from] ability: Grassy Surge|[of] p1a: Rillaboom
|turn|16
|
|t:|1750801298
|cant|p1a: Rillaboom|par
|move|p2b: Ex gf|Shadow Ball|p1a: Rillaboom
|-damage|p1a: Rillaboom|18/100 par
|move|p2a: Ursaluna|Hyper Voice|p1a: Rillaboom|[spread] p1a,p1b
|-damage|p1a: Rillaboom|0 fnt
|-damage|p1b: Terapagos|35/100 par
|faint|p1a: Rillaboom
|move|p1b: Terapagos|Tera Starstorm|p2b: Ex gf|[spread] p2a,p2b
|-supereffective|p2a: Ursaluna
|-damage|p2a: Ursaluna|0 fnt
|-damage|p2b: Ex gf|0 fnt
|faint|p2a: Ursaluna
|faint|p2b: Ex gf
|
|win|yinyangchu
|raw|yinyangchu's rating: 1265 &rarr; <strong>1289</strong><br />(+24 for winning)
|raw|Dlotr's rating: 1255 &rarr; <strong>1231</strong><br />(-24 for losing)
|l|☆Dlotr
|player|p2|
