|j|☆hair bucket
|j|☆ruimiao
|t:|1750772633
|gametype|doubles
|player|p1|hair bucket|doctor|1449
|player|p2|ruimiao|caitlin|1498
|teamsize|p1|6
|teamsize|p2|6
|gen|9
|tier|[Gen 9] VGC 2025 Reg I
|rated|
|rule|Species Clause: Limit one of each Pokémon
|rule|Item Clause: Limit 1 of each item
|clearpoke
|poke|p1|Weezing, L50, M|
|poke|p1|Regigigas, L50|
|poke|p1|Calyrex-Shadow, L50|
|poke|p1|Flutter Mane, L50|
|poke|p1|Iron Hands, L50|
|poke|p1|Koraidon, L50|
|poke|p2|Calyrex-Shadow, L50|
|poke|p2|Koraidon, L50|
|poke|p2|Chi-Yu, L50|
|poke|p2|Indeedee-F, L50, F|
|poke|p2|Brute Bonnet, L50|
|poke|p2|Whimsicott, L50, M|
|teampreview|4
|l|☆ruimiao
|player|p2|
|inactive|Battle timer is ON: inactive players will automatically lose when time's up. (requested by hair bucket)
|inactive|ruimiao has 30 seconds to reconnect!
|inactive|ruimiao has 20 seconds to reconnect!
|inactive|ruimiao has 15 seconds to reconnect!
|j|☆ruimiao
|inactive|ruimiao reconnected and has 45 seconds left.
|player|p2|ruimiao|caitlin|
|inactive|ruimiao has 30 seconds left.
|inactive|ruimiao has 20 seconds left.
|
|t:|1750772729
|start
|switch|p1a: Weezing|Weezing, L50, M, shiny|100/100
|switch|p1b: Koraidon|Koraidon, L50|100/100
|switch|p2a: Brute Bonnet|Brute Bonnet, L50|100/100
|switch|p2b: Koraidon|Koraidon, L50|100/100
|-ability|p1a: Weezing|Neutralizing Gas
|-block|p1b: Koraidon|item: Ability Shield
|-weather|SunnyDay|[from] ability: Orichalcum Pulse|[of] p1b: Koraidon
|-activate|p1b: Koraidon|Orichalcum Pulse|[source]
|turn|1
|inactive|hair bucket has 30 seconds left.
|inactive|ruimiao has 30 seconds left.
|inactive|ruimiao has 20 seconds left.
|inactive|ruimiao has 15 seconds left.
|inactive|ruimiao has 10 seconds left.
|inactive|ruimiao has 5 seconds left.
|
|t:|1750772779
|-terastallize|p2a: Brute Bonnet|Water
|move|p1b: Koraidon|Collision Course|p2b: Koraidon
|-damage|p2b: Koraidon|44/100
|move|p2b: Koraidon|Flare Blitz|p1a: Weezing
|-damage|p1a: Weezing|39/100
|-damage|p2b: Koraidon|27/100|[from] Recoil
|move|p1a: Weezing|Taunt|p2a: Brute Bonnet
|-start|p2a: Brute Bonnet|move: Taunt
|cant|p2a: Brute Bonnet|move: Taunt|Spore
|
|-weather|SunnyDay|[upkeep]
|-heal|p1a: Weezing|45/100|[from] item: Leftovers
|upkeep
|turn|2
|inactive|hair bucket has 30 seconds left.
|inactive|ruimiao has 30 seconds left.
|
|t:|1750772814
|-end|p2a: Brute Bonnet|Protosynthesis|[silent]
|switch|p2a: Calyrex|Calyrex-Shadow, L50|100/100
|-ability|p2a: Calyrex|As One
|-ability|p2a: Calyrex|Unnerve
|move|p1a: Weezing|Protect|p1a: Weezing
|-singleturn|p1a: Weezing|Protect
|move|p1b: Koraidon|Collision Course|p2a: Calyrex
|-immune|p2a: Calyrex
|move|p2b: Koraidon|Flare Blitz|p1a: Weezing
|-activate|p1a: Weezing|move: Protect
|
|-weather|SunnyDay|[upkeep]
|-heal|p1a: Weezing|51/100|[from] item: Leftovers
|upkeep
|turn|3
|inactive|hair bucket has 30 seconds left.
|inactive|ruimiao has 30 seconds left.
|inactive|ruimiao has 20 seconds left.
|inactive|ruimiao has 15 seconds left.
|inactive|ruimiao has 10 seconds left.
|inactive|ruimiao has 5 seconds left.
|
|t:|1750772866
|-end|p1a: Weezing|ability: Neutralizing Gas
|-activate|p2b: Koraidon|ability: Orichalcum Pulse
|switch|p1a: Iron Hands|Iron Hands, L50, shiny|100/100
|move|p1b: Koraidon|Protect|p1b: Koraidon
|-singleturn|p1b: Koraidon|Protect
|move|p2a: Calyrex|Expanding Force|p1a: Iron Hands
|-supereffective|p1a: Iron Hands
|-damage|p1a: Iron Hands|34/100
|-damage|p2a: Calyrex|91/100|[from] item: Life Orb
|move|p2b: Koraidon|Flare Blitz|p1a: Iron Hands
|-damage|p1a: Iron Hands|0 fnt
|faint|p1a: Iron Hands
|-end|p1a: Iron Hands|Quark Drive|[silent]
|-damage|p2b: Koraidon|12/100|[from] Recoil
|
|-weather|SunnyDay|[upkeep]
|upkeep
|
|t:|1750772878
|switch|p1a: Calyrex|Calyrex-Shadow, L50|100/100
|-ability|p1a: Calyrex|As One
|-ability|p1a: Calyrex|Unnerve
|turn|4
|inactive|ruimiao has 30 seconds left.
|
|t:|1750772905
|switch|p2b: Indeedee|Indeedee-F, L50, F|100/100
|-fieldstart|move: Psychic Terrain|[from] ability: Psychic Surge|[of] p2b: Indeedee
|-enditem|p2b: Indeedee|Psychic Seed
|-boost|p2b: Indeedee|spd|1|[from] item: Psychic Seed
|-terastallize|p1b: Koraidon|Fire
|move|p2a: Calyrex|Protect|p2a: Calyrex
|-singleturn|p2a: Calyrex|Protect
|move|p1a: Calyrex|Imprison|p1a: Calyrex
|-start|p1a: Calyrex|move: Imprison
|move|p1b: Koraidon|Flame Charge|p2b: Indeedee
|-damage|p2b: Indeedee|41/100
|-boost|p1b: Koraidon|spe|1
|
|-weather|SunnyDay|[upkeep]
|upkeep
|turn|5
|inactive|ruimiao has 30 seconds left.
|
|t:|1750772931
|move|p2b: Indeedee|Helping Hand|p2a: Calyrex
|-singleturn|p2a: Calyrex|Helping Hand|[of] p2b: Indeedee
|move|p1b: Koraidon|Flame Charge|p2b: Indeedee
|-damage|p2b: Indeedee|0 fnt
|-boost|p1b: Koraidon|spe|1
|faint|p2b: Indeedee
|move|p1a: Calyrex|Astral Barrage|p2a: Calyrex
|-supereffective|p2a: Calyrex
|-damage|p2a: Calyrex|0 fnt
|faint|p2a: Calyrex
|-ability|p1a: Calyrex|Grim Neigh|boost
|-boost|p1a: Calyrex|spa|1
|
|-weather|none
|upkeep
|
|t:|1750772943
|switch|p2a: Brute Bonnet|Brute Bonnet, L50, tera:Water|100/100
|switch|p2b: Koraidon|Koraidon, L50|12/100
|-weather|SunnyDay|[from] ability: Orichalcum Pulse|[of] p2b: Koraidon
|-activate|p2a: Brute Bonnet|ability: Protosynthesis
|-start|p2a: Brute Bonnet|protosynthesisdef
|-activate|p2b: Koraidon|Orichalcum Pulse|[source]
|turn|6
|
|t:|1750772961
|move|p1b: Koraidon|Collision Course|p2a: Brute Bonnet
|-damage|p2a: Brute Bonnet|67/100
|move|p1a: Calyrex|Astral Barrage|p2b: Koraidon|[spread] p2a,p2b
|-damage|p2a: Brute Bonnet|2/100
|-damage|p2b: Koraidon|0 fnt
|faint|p2b: Koraidon
|-ability|p1a: Calyrex|Grim Neigh|boost
|-boost|p1a: Calyrex|spa|1
|move|p2a: Brute Bonnet|Spore|p1a: Calyrex
|-status|p1a: Calyrex|slp|[from] move: Spore
|
|-weather|SunnyDay|[upkeep]
|upkeep
|turn|7
|-message|ruimiao forfeited.
|
|win|hair bucket
|raw|hair bucket's rating: 1449 &rarr; <strong>1472</strong><br />(+23 for winning)
|raw|ruimiao's rating: 1498 &rarr; <strong>1475</strong><br />(-23 for losing)
|l|☆ruimiao
|player|p2|
|l|☆hair bucket
|player|p1|
