|j|☆Paikuro
|j|☆adamskorch
|t:|1750832265
|gametype|doubles
|player|p1|Paikuro|170|1119
|player|p2|adamskorch|169|1219
|teamsize|p1|6
|teamsize|p2|6
|gen|9
|tier|[Gen 9] VGC 2025 Reg I
|rated|
|rule|Species Clause: Limit one of each Pokémon
|rule|Item Clause: Limit 1 of each item
|clearpoke
|poke|p1|Incineroar, L50, M|
|poke|p1|Glimmora, L50, F|
|poke|p1|Amoonguss, L50, F|
|poke|p1|Toxapex, L50, M|
|poke|p1|Calyrex-Shadow, L50|
|poke|p1|Koraidon, L50|
|poke|p2|Calyrex-Shadow, L50|
|poke|p2|Rillaboom, L50, M|
|poke|p2|Chi-Yu, L50|
|poke|p2|Incineroar, L50, M|
|poke|p2|Koraidon, L50|
|poke|p2|Amoonguss, L50, M|
|teampreview|4
|inactive|Battle timer is ON: inactive players will automatically lose when time's up. (requested by adamskorch)
|
|t:|1750832292
|start
|switch|p1a: Glimmora|Glimmora, L50, F|100/100
|switch|p1b: Incineroar|Incineroar, L50, M|100/100
|switch|p2a: Incineroar|Incineroar, L50, M|100/100
|switch|p2b: Chi-Yu|Chi-Yu, L50|100/100
|-ability|p2b: Chi-Yu|Beads of Ruin
|-ability|p2a: Incineroar|Intimidate|boost
|-unboost|p1a: Glimmora|atk|1
|-unboost|p1b: Incineroar|atk|1
|-ability|p1b: Incineroar|Intimidate|boost
|-unboost|p2a: Incineroar|atk|1
|-unboost|p2b: Chi-Yu|atk|1
|turn|1
|
|t:|1750832317
|-terastallize|p2b: Chi-Yu|Ghost
|-terastallize|p1b: Incineroar|Ghost
|move|p1b: Incineroar|Fake Out|p2b: Chi-Yu
|-immune|p2b: Chi-Yu
|move|p2b: Chi-Yu|Snarl|p1b: Incineroar|[spread] p1a
|-miss|p2b: Chi-Yu|p1b: Incineroar
|-damage|p1a: Glimmora|64/100
|-unboost|p1a: Glimmora|spa|1
|-enditem|p1a: Glimmora|Red Card|[of] p2b: Chi-Yu
|drag|p2b: Koraidon|Koraidon, L50|100/100
|-weather|SunnyDay|[from] ability: Orichalcum Pulse|[of] p2b: Koraidon
|-activate|p2b: Koraidon|Orichalcum Pulse|[source]
|move|p1a: Glimmora|Stealth Rock|p2a: Incineroar
|-sidestart|p2: adamskorch|move: Stealth Rock
|move|p2a: Incineroar|Roar|p1a: Glimmora
|drag|p1a: Toxapex|Toxapex, L50, M|100/100
|
|-weather|SunnyDay|[upkeep]
|upkeep
|turn|2
|c|☆adamskorch|lol
|inactive|Paikuro has 30 seconds left.
|inactive|adamskorch has 30 seconds left.
|inactive|Paikuro has 20 seconds left.
|inactive|Paikuro has 15 seconds left.
|
|t:|1750832358
|move|p2b: Koraidon|Flame Charge|p1b: Incineroar
|-damage|p1b: Incineroar|59/100
|-boost|p2b: Koraidon|spe|1
|move|p2a: Incineroar|Knock Off|p1a: Toxapex
|-damage|p1a: Toxapex|85/100
|-enditem|p1a: Toxapex|Black Sludge|[from] move: Knock Off|[of] p2a: Incineroar
|move|p1b: Incineroar|Knock Off|p2a: Incineroar
|-resisted|p2a: Incineroar
|-damage|p2a: Incineroar|88/100
|-enditem|p2a: Incineroar|Sitrus Berry|[from] move: Knock Off|[of] p1b: Incineroar
|move|p1a: Toxapex|Substitute|p1a: Toxapex
|-start|p1a: Toxapex|Substitute
|-damage|p1a: Toxapex|60/100
|
|-weather|SunnyDay|[upkeep]
|upkeep
|turn|3
|
|t:|1750832380
|switch|p1b: Koraidon|Koraidon, L50|100/100
|-activate|p1b: Koraidon|ability: Orichalcum Pulse
|move|p2b: Koraidon|Flame Charge|p1a: Toxapex
|-resisted|p1a: Toxapex
|-activate|p1a: Toxapex|move: Substitute|[damage]
|-boost|p2b: Koraidon|spe|1
|move|p2a: Incineroar|Knock Off|p1b: Koraidon
|-resisted|p1b: Koraidon
|-crit|p1b: Koraidon
|-damage|p1b: Koraidon|76/100
|-enditem|p1b: Koraidon|Life Orb|[from] move: Knock Off|[of] p2a: Incineroar
|move|p1a: Toxapex|Toxic|p2b: Koraidon
|-status|p2b: Koraidon|tox
|
|-weather|SunnyDay|[upkeep]
|-damage|p2b: Koraidon|94/100 tox|[from] psn
|upkeep
|turn|4
|inactive|Paikuro has 30 seconds left.
|inactive|Paikuro has 20 seconds left.
|inactive|Paikuro has 15 seconds left.
|
|t:|1750832421
|move|p2b: Koraidon|Collision Course|p1b: Koraidon
|-damage|p1b: Koraidon|0 fnt
|faint|p1b: Koraidon
|move|p1a: Toxapex|Toxic|p2a: Incineroar
|-status|p2a: Incineroar|tox
|move|p2a: Incineroar|Roar|p1a: Toxapex
|drag|p1a: Glimmora|Glimmora, L50, F|64/100
|
|-weather|SunnyDay|[upkeep]
|-damage|p2b: Koraidon|82/100 tox|[from] psn
|-damage|p2a: Incineroar|82/100 tox|[from] psn
|upkeep
|
|t:|1750832436
|switch|p1b: Toxapex|Toxapex, L50, M|93/100
|turn|5
|
|t:|1750832445
|move|p1a: Glimmora|Protect|p1a: Glimmora
|-singleturn|p1a: Glimmora|Protect
|move|p2b: Koraidon|Collision Course|p1a: Glimmora
|-activate|p1a: Glimmora|move: Protect
|move|p2a: Incineroar|Parting Shot|p1a: Glimmora
|-activate|p1a: Glimmora|move: Protect
|move|p1b: Toxapex|Substitute|p1b: Toxapex
|-start|p1b: Toxapex|Substitute
|-damage|p1b: Toxapex|68/100
|
|-weather|none
|-damage|p2b: Koraidon|63/100 tox|[from] psn
|-damage|p2a: Incineroar|70/100 tox|[from] psn
|upkeep
|turn|6
|inactive|Paikuro has 30 seconds left.
|inactive|adamskorch has 30 seconds left.
|inactive|Paikuro has 20 seconds left.
|
|t:|1750832482
|move|p2b: Koraidon|Collision Course|p1a: Glimmora
|-damage|p1a: Glimmora|6/100
|-activate|p1a: Glimmora|ability: Toxic Debris
|-sidestart|p2: adamskorch|move: Toxic Spikes
|move|p1a: Glimmora|Venoshock|p2a: Incineroar
|-damage|p2a: Incineroar|12/100 tox
|move|p2a: Incineroar|Parting Shot|p1a: Glimmora
|-unboost|p1a: Glimmora|atk|1
|-unboost|p1a: Glimmora|spa|1
|
|t:|1750832501
|switch|p2a: Chi-Yu|Chi-Yu, L50, tera:Ghost|100/100|[from] Parting Shot
|-damage|p2a: Chi-Yu|88/100|[from] Stealth Rock
|-status|p2a: Chi-Yu|psn
|-ability|p2a: Chi-Yu|Beads of Ruin
|move|p1b: Toxapex|Recover|p1b: Toxapex
|-heal|p1b: Toxapex|100/100
|
|-damage|p2b: Koraidon|38/100 tox|[from] psn
|-damage|p2a: Chi-Yu|76/100 psn|[from] psn
|upkeep
|turn|7
|
|t:|1750832523
|move|p1a: Glimmora|Protect|p1a: Glimmora
|-singleturn|p1a: Glimmora|Protect
|move|p1b: Toxapex|Baneful Bunker|p1b: Toxapex
|-singleturn|p1b: Toxapex|move: Protect
|move|p2b: Koraidon|Flame Charge|p1a: Glimmora
|-activate|p1a: Glimmora|move: Protect
|move|p2a: Chi-Yu|Dark Pulse|p1b: Toxapex
|-activate|p1b: Toxapex|move: Protect
|
|-damage|p2b: Koraidon|7/100 tox|[from] psn
|-damage|p2a: Chi-Yu|64/100 psn|[from] psn
|upkeep
|turn|8
|inactive|Paikuro has 30 seconds left.
|
|t:|1750832552
|move|p2b: Koraidon|Collision Course|p1b: Toxapex
|-resisted|p1b: Toxapex
|-activate|p1b: Toxapex|move: Substitute|[damage]
|move|p2a: Chi-Yu|Dark Pulse|p1b: Toxapex
|-end|p1b: Toxapex|Substitute
|move|p1a: Glimmora|Venoshock|p2a: Chi-Yu
|-resisted|p2a: Chi-Yu
|-damage|p2a: Chi-Yu|33/100 psn
|move|p1b: Toxapex|Toxic||[still]
|-fail|p1b: Toxapex
|
|-damage|p2b: Koraidon|0 fnt|[from] psn
|faint|p2b: Koraidon
|-damage|p2a: Chi-Yu|21/100 psn|[from] psn
|upkeep
|
|t:|1750832566
|switch|p2b: Calyrex|Calyrex-Shadow, L50|100/100
|-ability|p2b: Calyrex|As One
|-ability|p2b: Calyrex|Unnerve
|-damage|p2b: Calyrex|88/100|[from] Stealth Rock
|-status|p2b: Calyrex|psn
|turn|9
|
|t:|1750832576
|move|p1a: Glimmora|Protect|p1a: Glimmora
|-singleturn|p1a: Glimmora|Protect
|move|p1b: Toxapex|Baneful Bunker|p1b: Toxapex
|-singleturn|p1b: Toxapex|move: Protect
|move|p2a: Chi-Yu|Dark Pulse|p1a: Glimmora
|-activate|p1a: Glimmora|move: Protect
|move|p2b: Calyrex|Encore|p1b: Toxapex
|-activate|p1b: Toxapex|move: Protect
|
|-damage|p2a: Chi-Yu|9/100 psn|[from] psn
|-damage|p2b: Calyrex|75/100 psn|[from] psn
|upkeep
|turn|10
|
|t:|1750832600
|move|p2a: Chi-Yu|Dark Pulse|p1a: Glimmora
|-damage|p1a: Glimmora|0 fnt
|faint|p1a: Glimmora
|move|p2b: Calyrex|Encore|p1b: Toxapex
|-start|p1b: Toxapex|Encore
|move|p1b: Toxapex|Baneful Bunker||[still]
|-fail|p1b: Toxapex
|
|-damage|p2a: Chi-Yu|0 fnt|[from] psn
|faint|p2a: Chi-Yu
|-damage|p2b: Calyrex|63/100 psn|[from] psn
|upkeep
|
|t:|1750832613
|switch|p2a: Incineroar|Incineroar, L50, M|12/100 tox
|switch|p1a: Incineroar|Incineroar, L50, M, tera:Ghost|59/100
|-damage|p2a: Incineroar|0 fnt|[from] Stealth Rock
|faint|p2a: Incineroar
|-ability|p1a: Incineroar|Intimidate|boost
|-unboost|p2b: Calyrex|atk|1
|turn|11
|
|t:|1750832632
|move|p1b: Toxapex|Baneful Bunker|p1b: Toxapex
|-singleturn|p1b: Toxapex|move: Protect
|move|p2b: Calyrex|Astral Barrage|p1a: Incineroar|[spread] p1a
|-activate|p1b: Toxapex|move: Protect
|-supereffective|p1a: Incineroar
|-damage|p1a: Incineroar|5/100
|move|p1a: Incineroar|Knock Off|p2b: Calyrex
|-supereffective|p2b: Calyrex
|-damage|p2b: Calyrex|0 fnt
|-enditem|p2b: Calyrex|Focus Sash|[from] move: Knock Off|[of] p1a: Incineroar
|faint|p2b: Calyrex
|
|win|Paikuro
|raw|Paikuro's rating: 1119 &rarr; <strong>1151</strong><br />(+32 for winning)
|raw|adamskorch's rating: 1219 &rarr; <strong>1187</strong><br />(-32 for losing)
|l|☆adamskorch
|player|p2|
|l|☆Paikuro
|player|p1|
