|j|☆unowns-in-owns
|j|☆KingOvershield
|t:|1750835988
|gametype|doubles
|player|p1|unowns-in-owns|169|1121
|player|p2|KingOvershield|bugcatcher-gen4dp|1189
|teamsize|p1|6
|teamsize|p2|6
|gen|9
|tier|[Gen 9] VGC 2025 Reg I
|rated|
|rule|Species Clause: Limit one of each Pokémon
|rule|Item Clause: Limit 1 of each item
|clearpoke
|poke|p1|Kyogre, L50|
|poke|p1|Urshifu-*, L50, F|
|poke|p1|Scream Tail, L50|
|poke|p1|Miraidon, L50|
|poke|p1|Tornadus, L50, M|
|poke|p1|Gothitelle, L50, M|
|poke|p2|Koraidon, L50|
|poke|p2|Scovillain, L50, M|
|poke|p2|Miraidon, L50|
|poke|p2|Chesnaught, L50, F|
|poke|p2|Clefairy, L50, M|
|poke|p2|Indeedee-F, L50, F|
|teampreview|4
unowns-in-owns rejected open team sheets.
|
|t:|1750836053
|start
|switch|p1a: Kyogre|Kyogre, L50|100/100
|switch|p1b: Miraidon|Miraidon, L50|100/100
|switch|p2a: Clefairy|Clefairy, L50, M|100/100
|switch|p2b: Miraidon|Miraidon, L50|100/100
|-fieldstart|move: Electric Terrain|[from] ability: Hadron Engine|[of] p2b: Miraidon
|-weather|RainDance|[from] ability: Drizzle|[of] p1a: Kyogre
|-activate|p1b: Miraidon|ability: Hadron Engine
|turn|1
|inactive|Battle timer is ON: inactive players will automatically lose when time's up. (requested by unowns-in-owns)
|inactive|KingOvershield has 60 seconds left.
|
|t:|1750836108
|move|p2a: Clefairy|Follow Me|p2a: Clefairy
|-singleturn|p2a: Clefairy|move: Follow Me
|move|p2b: Miraidon|Draco Meteor|p1b: Miraidon
|-supereffective|p1b: Miraidon
|-damage|p1b: Miraidon|0 fnt
|-unboost|p2b: Miraidon|spa|2
|faint|p1b: Miraidon
|move|p1a: Kyogre|Icy Wind|p2a: Clefairy|[spread] p2a,p2b
|-crit|p2a: Clefairy
|-supereffective|p2b: Miraidon
|-damage|p2a: Clefairy|79/100
|-damage|p2b: Miraidon|79/100
|-unboost|p2a: Clefairy|spe|1
|-unboost|p2b: Miraidon|spe|1
|
|-weather|RainDance|[upkeep]
|upkeep
|
|t:|1750836122
|switch|p1b: Urshifu|Urshifu-Rapid-Strike, L50, F|100/100
|turn|2
|
|t:|1750836139
|switch|p2b: Koraidon|Koraidon, L50|100/100
|-weather|SunnyDay|[from] ability: Orichalcum Pulse|[of] p2b: Koraidon
|-activate|p2b: Koraidon|Orichalcum Pulse|[source]
|move|p1a: Kyogre|Icy Wind|p2a: Clefairy|[spread] p2a,p2b
|-supereffective|p2b: Koraidon
|-damage|p2a: Clefairy|63/100
|-damage|p2b: Koraidon|79/100
|-unboost|p2a: Clefairy|spe|1
|move|p1b: Urshifu|Surging Strikes|p2a: Clefairy
|-crit|p2a: Clefairy
|-damage|p2a: Clefairy|50/100
|-crit|p2a: Clefairy
|-damage|p2a: Clefairy|39/100
|-crit|p2a: Clefairy
|-damage|p2a: Clefairy|27/100
|-hitcount|p2a: Clefairy|3
|move|p2a: Clefairy|Life Dew|p2a: Clefairy|[spread] p2a,p2b
|-heal|p2a: Clefairy|52/100
|-heal|p2b: Koraidon|100/100
|
|-weather|SunnyDay|[upkeep]
|upkeep
|turn|3
|inactive|KingOvershield has 30 seconds left.
|inactive|KingOvershield has 20 seconds left.
|inactive|KingOvershield has 15 seconds left.
|
|t:|1750836182
|switch|p2b: Miraidon|Miraidon, L50|79/100
|-activate|p2b: Miraidon|ability: Hadron Engine
|move|p1a: Kyogre|Icy Wind|p2b: Miraidon|[spread] p2a,p2b
|-supereffective|p2b: Miraidon
|-damage|p2a: Clefairy|38/100
|-damage|p2b: Miraidon|57/100
|-unboost|p2a: Clefairy|spe|1
|-unboost|p2b: Miraidon|spe|1
|move|p1b: Urshifu|Surging Strikes|p2b: Miraidon
|-resisted|p2b: Miraidon
|-crit|p2b: Miraidon
|-damage|p2b: Miraidon|51/100
|-resisted|p2b: Miraidon
|-crit|p2b: Miraidon
|-damage|p2b: Miraidon|46/100
|-resisted|p2b: Miraidon
|-crit|p2b: Miraidon
|-damage|p2b: Miraidon|39/100
|-hitcount|p2b: Miraidon|3
|move|p2a: Clefairy|Life Dew|p2a: Clefairy|[spread] p2a,p2b
|-heal|p2a: Clefairy|63/100
|-heal|p2b: Miraidon|64/100
|
|-weather|SunnyDay|[upkeep]
|upkeep
|turn|4
|inactive|KingOvershield has 30 seconds left.
|
|t:|1750836213
|move|p1a: Kyogre|Icy Wind|p2b: Miraidon|[spread] p2a,p2b
|-supereffective|p2b: Miraidon
|-damage|p2a: Clefairy|48/100
|-damage|p2b: Miraidon|44/100
|-unboost|p2a: Clefairy|spe|1
|-unboost|p2b: Miraidon|spe|1
|move|p1b: Urshifu|Surging Strikes|p2b: Miraidon
|-resisted|p2b: Miraidon
|-crit|p2b: Miraidon
|-damage|p2b: Miraidon|38/100
|-resisted|p2b: Miraidon
|-crit|p2b: Miraidon
|-damage|p2b: Miraidon|32/100
|-resisted|p2b: Miraidon
|-crit|p2b: Miraidon
|-damage|p2b: Miraidon|26/100
|-hitcount|p2b: Miraidon|3
|move|p2b: Miraidon|Electro Drift|p1a: Kyogre
|-supereffective|p1a: Kyogre
|-damage|p1a: Kyogre|0 fnt
|faint|p1a: Kyogre
|move|p2a: Clefairy|Life Dew|p2a: Clefairy|[spread] p2a,p2b
|-heal|p2a: Clefairy|73/100
|-heal|p2b: Miraidon|51/100
|
|-weather|SunnyDay|[upkeep]
|upkeep
|
|t:|1750836218
|switch|p1a: Gothitelle|Gothitelle, L50, M|100/100
|-enditem|p1a: Gothitelle|Electric Seed
|-boost|p1a: Gothitelle|def|1|[from] item: Electric Seed
|turn|5
|inactive|unowns-in-owns has 30 seconds left.
|
|t:|1750836243
|move|p1a: Gothitelle|Fake Out|p2b: Miraidon
|-damage|p2b: Miraidon|47/100
|move|p1b: Urshifu|Surging Strikes|p2b: Miraidon
|-resisted|p2b: Miraidon
|-crit|p2b: Miraidon
|-damage|p2b: Miraidon|42/100
|-resisted|p2b: Miraidon
|-crit|p2b: Miraidon
|-damage|p2b: Miraidon|36/100
|-resisted|p2b: Miraidon
|-crit|p2b: Miraidon
|-damage|p2b: Miraidon|30/100
|-hitcount|p2b: Miraidon|3
|cant|p2b: Miraidon|flinch
|move|p2a: Clefairy|Life Dew|p2a: Clefairy|[spread] p2a,p2b
|-heal|p2a: Clefairy|98/100
|-heal|p2b: Miraidon|55/100
|
|-weather|SunnyDay|[upkeep]
|-fieldend|move: Electric Terrain
|upkeep
|turn|6
|c|☆KingOvershield|jinkies
|-message|unowns-in-owns forfeited.
|
|win|KingOvershield
|raw|unowns-in-owns's rating: 1129 &rarr; <strong>1108</strong><br />(-21 for losing)
|raw|KingOvershield's rating: 1189 &rarr; <strong>1210</strong><br />(+21 for winning)
|l|☆unowns-in-owns
|player|p1|
