|j|☆CadaverLuke
|j|☆Bodoque31
|t:|1750741746
|gametype|doubles
|player|p1|CadaverLuke|101|1292
|player|p2|Bodoque31|skyla|1253
|teamsize|p1|6
|teamsize|p2|6
|gen|9
|tier|[Gen 9] VGC 2025 Reg I
|rated|
|rule|Species Clause: Limit one of each Pokémon
|rule|Item Clause: Limit 1 of each item
|clearpoke
|poke|p1|Whimsicott, L50, F|
|poke|p1|Metagross, L50|
|poke|p1|Kyogre, L50|
|poke|p1|Indeedee-F, L50, F|
|poke|p1|Urshifu-*, L50, F|
|poke|p1|Grimmsnarl, L50, M|
|poke|p2|Miraidon, L50|
|poke|p2|Zamazenta-*, L50|
|poke|p2|Riolu, L50, M|
|poke|p2|Chi-Yu, L50|
|poke|p2|Rillaboom, L50, M|
|poke|p2|Ditto, L50|
|teampreview|4
|inactive|Battle timer is ON: inactive players will automatically lose when time's up. (requested by Bodoque31)
Bodoque31 rejected open team sheets.
|
|t:|1750741758
|start
|switch|p1a: Whimsicott|Whimsicott, L50, F|100/100
|switch|p1b: Metagross|Metagross, L50|100/100
|switch|p2a: Lucas|Riolu, L50, M, shiny|100/100
|switch|p2b: Dante|Zamazenta-Crowned, L50, shiny|100/100
|-ability|p2b: Dante|Dauntless Shield|boost
|-boost|p2b: Dante|def|1
|turn|1
|
|t:|1750741783
|move|p1a: Whimsicott|Tailwind|p1a: Whimsicott
|-sidestart|p1: CadaverLuke|move: Tailwind
|move|p2a: Lucas|Coaching|p2b: Dante
|-boost|p2b: Dante|atk|1
|-boost|p2b: Dante|def|1
|move|p1b: Metagross|Earthquake|p2a: Lucas|[spread] p1a,p2a,p2b
|-resisted|p1a: Whimsicott
|-supereffective|p2b: Dante
|-damage|p1a: Whimsicott|70/100
|-enditem|p2a: Lucas|Focus Sash
|-damage|p2a: Lucas|1/100
|-damage|p2b: Dante|77/100
|move|p2b: Dante|Behemoth Bash|p1a: Whimsicott
|-supereffective|p1a: Whimsicott
|-damage|p1a: Whimsicott|0 fnt
|faint|p1a: Whimsicott
|
|upkeep
|
|t:|1750741802
|switch|p1a: Kyogre|Kyogre, L50|100/100
|-weather|RainDance|[from] ability: Drizzle|[of] p1a: Kyogre
|turn|2
|
|t:|1750741815
|-terastallize|p1a: Kyogre|Water
|-terastallize|p2b: Dante|Dragon
|move|p2b: Dante|Wide Guard|p2b: Dante
|-singleturn|p2b: Dante|Wide Guard
|move|p2a: Lucas|Coaching|p2b: Dante
|-boost|p2b: Dante|atk|1
|-boost|p2b: Dante|def|1
|move|p1a: Kyogre|Water Spout|p2a: Lucas|[spread] 
|-activate|p2a: Lucas|move: Wide Guard
|-activate|p2b: Dante|move: Wide Guard
|move|p1b: Metagross|Earthquake|p2b: Dante|[spread] p1a
|-activate|p2a: Lucas|move: Wide Guard
|-activate|p2b: Dante|move: Wide Guard
|-damage|p1a: Kyogre|54/100
|
|-weather|RainDance|[upkeep]
|upkeep
|turn|3
|
|t:|1750741835
|move|p2b: Dante|Wide Guard|p2b: Dante
|-singleturn|p2b: Dante|Wide Guard
|move|p2a: Lucas|Coaching|p2b: Dante
|-boost|p2b: Dante|atk|1
|-boost|p2b: Dante|def|1
|move|p1a: Kyogre|Water Spout|p2b: Dante|[spread] 
|-activate|p2a: Lucas|move: Wide Guard
|-activate|p2b: Dante|move: Wide Guard
|move|p1b: Metagross|Earthquake|p2b: Dante|[spread] p1a
|-activate|p2a: Lucas|move: Wide Guard
|-activate|p2b: Dante|move: Wide Guard
|-damage|p1a: Kyogre|3/100
|
|-weather|RainDance|[upkeep]
|upkeep
|turn|4
|inactive|CadaverLuke has 30 seconds left.
|
|t:|1750741863
|switch|p1b: Indeedee|Indeedee-F, L50, F|100/100
|-fieldstart|move: Psychic Terrain|[from] ability: Psychic Surge|[of] p1b: Indeedee
|move|p2a: Lucas|Coaching|p2b: Dante
|-boost|p2b: Dante|atk|1
|-boost|p2b: Dante|def|1
|move|p1a: Kyogre|Water Spout|p2a: Lucas|[spread] p2a,p2b
|-resisted|p2b: Dante
|-damage|p2a: Lucas|0 fnt
|-damage|p2b: Dante|74/100
|faint|p2a: Lucas
|move|p2b: Dante|Body Press|p1b: Indeedee
|-enditem|p1b: Indeedee|Focus Sash
|-damage|p1b: Indeedee|1/100
|
|-weather|RainDance|[upkeep]
|-sideend|p1: CadaverLuke|move: Tailwind
|upkeep
|
|t:|1750741871
|switch|p2a: Maestra Picsis|Chi-Yu, L50|100/100
|-ability|p2a: Maestra Picsis|Beads of Ruin
|turn|5
|
|t:|1750741891
|move|p1b: Indeedee|Helping Hand|p1a: Kyogre
|-singleturn|p1a: Kyogre|Helping Hand|[of] p1b: Indeedee
|move|p2a: Maestra Picsis|Snarl|p1b: Indeedee|[spread] p1a,p1b
|-supereffective|p1b: Indeedee
|-damage|p1a: Kyogre|0 fnt
|-damage|p1b: Indeedee|0 fnt
|faint|p1a: Kyogre
|faint|p1b: Indeedee
|move|p2b: Dante|Behemoth Bash|p1: Kyogre|[notarget]
|-fail|p2b: Dante
|
|-weather|RainDance|[upkeep]
|upkeep
|
|t:|1750741905
|switch|p1b: Metagross|Metagross, L50|100/100
|turn|6
|c|☆Bodoque31|gg
|
|t:|1750741918
|move|p2a: Maestra Picsis|Snarl|p1b: Metagross
|-supereffective|p1b: Metagross
|-damage|p1b: Metagross|0 fnt
|faint|p1b: Metagross
|
|win|Bodoque31
|raw|CadaverLuke's rating: 1292 &rarr; <strong>1264</strong><br />(-28 for losing)
|raw|Bodoque31's rating: 1253 &rarr; <strong>1281</strong><br />(+28 for winning)
|l|☆Bodoque31
|player|p2|
|c|☆CadaverLuke|gg lol
|l|☆CadaverLuke
|player|p1|
