|j|☆fwoop_fwoop
|j|☆JSNJS
|t:|1750732870
|gametype|doubles
|player|p1|fwoop_fwoop|170|1193
|player|p2|JSNJS|102|1196
|teamsize|p1|6
|teamsize|p2|6
|gen|9
|tier|[Gen 9] VGC 2025 Reg I
|rated|
|rule|Species Clause: Limit one of each Pokémon
|rule|Item Clause: Limit 1 of each item
|clearpoke
|poke|p1|Calyrex-Ice, L50|
|poke|p1|Lunala, L50|
|poke|p1|Rillaboom, L50, F|
|poke|p1|Incineroar, L50, F|
|poke|p1|Ursaluna, L50, F|
|poke|p1|Urshifu-*, L50, F|
|poke|p2|Zebstrika, L50, M|
|poke|p2|Mudsdale, L50, M|
|poke|p2|Spectrier, L50|
|poke|p2|Glastrier, L50|
|poke|p2|Calyrex-Shadow, L50|
|poke|p2|Farigiraf, L50, F|
|teampreview|4
|inactive|Battle timer is ON: inactive players will automatically lose when time's up. (requested by fwoop_fwoop)
|inactive|JSNJS has 60 seconds left.
|
|t:|1750732946
|start
|switch|p1a: Lunala|Lunala, L50|100/100
|switch|p1b: Calyrex|Calyrex-Ice, L50|100/100
|switch|p2a: Spectrier|Spectrier, L50|100/100
|switch|p2b: Farigiraf|Farigiraf, L50, F|100/100
|-ability|p1b: Calyrex|As One
|-ability|p1b: Calyrex|Unnerve
|turn|1
|inactive|fwoop_fwoop has 30 seconds left.
|inactive|fwoop_fwoop has 20 seconds left.
|inactive|fwoop_fwoop has 15 seconds left.
|
|t:|1750732990
|-terastallize|p1a: Lunala|Fairy
|move|p1b: Calyrex|Protect|p1b: Calyrex
|-singleturn|p1b: Calyrex|Protect
|move|p2a: Spectrier|Shadow Ball|p1b: Calyrex
|-activate|p1b: Calyrex|move: Protect
|move|p2b: Farigiraf|Imprison|p2b: Farigiraf
|-start|p2b: Farigiraf|move: Imprison
|cant|p1a: Lunala|move: Imprison|Trick Room
|
|upkeep
|turn|2
|
|t:|1750733005
|switch|p1b: Ursaluna|Ursaluna, L50, F|100/100
|move|p2b: Farigiraf|Helping Hand|p2a: Spectrier
|-singleturn|p2a: Spectrier|Helping Hand|[of] p2b: Farigiraf
|move|p2a: Spectrier|Shadow Ball|p1b: Ursaluna
|-immune|p1b: Ursaluna
|move|p1a: Lunala|Moongeist Beam|p2a: Spectrier
|-supereffective|p2a: Spectrier
|-damage|p2a: Spectrier|0 fnt
|faint|p2a: Spectrier
|
|-status|p1b: Ursaluna|brn|[from] item: Flame Orb
|upkeep
|
|t:|1750733014
|switch|p2a: Calyrex|Calyrex-Shadow, L50|100/100
|-ability|p2a: Calyrex|As One
|-ability|p2a: Calyrex|Unnerve
|turn|3
|
|t:|1750733028
|move|p2b: Farigiraf|Helping Hand|p2a: Calyrex
|-singleturn|p2a: Calyrex|Helping Hand|[of] p2b: Farigiraf
|move|p1a: Lunala|Wide Guard|p1a: Lunala
|-singleturn|p1a: Lunala|Wide Guard
|move|p2a: Calyrex|Psychic|p1b: Ursaluna
|-damage|p1b: Ursaluna|31/100 brn
|move|p1b: Ursaluna|Facade|p2b: Farigiraf
|-damage|p2b: Farigiraf|0 fnt
|faint|p2b: Farigiraf
|
|-damage|p1b: Ursaluna|25/100 brn|[from] brn
|upkeep
|
|t:|1750733037
|switch|p2b: Glastrier|Glastrier, L50|100/100
|turn|4
|inactive|JSNJS has 30 seconds left.
|
|t:|1750733065
|move|p1b: Ursaluna|Protect|p1b: Ursaluna
|-singleturn|p1b: Ursaluna|Protect
|move|p2a: Calyrex|Psychic|p1b: Ursaluna
|-activate|p1b: Ursaluna|move: Protect
|move|p2b: Glastrier|Icicle Crash|p1a: Lunala
|-damage|p1a: Lunala|83/100
|cant|p1a: Lunala|flinch
|
|-damage|p1b: Ursaluna|19/100 brn|[from] brn
|upkeep
|turn|5
|
|t:|1750733082
|switch|p1b: Urshifu|Urshifu-Rapid-Strike, L50, F|100/100
|move|p2a: Calyrex|Psychic|p1b: Urshifu
|-supereffective|p1b: Urshifu
|-damage|p1b: Urshifu|0 fnt
|faint|p1b: Urshifu
|-ability|p2a: Calyrex|Grim Neigh|boost
|-boost|p2a: Calyrex|spa|1
|move|p2b: Glastrier|Icicle Crash|p1a: Lunala
|-damage|p1a: Lunala|50/100
|move|p1a: Lunala|Trick Room|p1a: Lunala
|-fieldstart|move: Trick Room|[of] p1a: Lunala
|
|upkeep
|
|t:|1750733094
|switch|p1b: Ursaluna|Ursaluna, L50, F|19/100 brn
|turn|6
|
|t:|1750733111
|move|p2a: Calyrex|Protect|p2a: Calyrex
|-singleturn|p2a: Calyrex|Protect
|move|p2b: Glastrier|Icicle Crash|p1b: Ursaluna
|-supereffective|p1b: Ursaluna
|-damage|p1b: Ursaluna|0 fnt
|faint|p1b: Ursaluna
|-ability|p2b: Glastrier|Chilling Neigh|boost
|-boost|p2b: Glastrier|atk|1
|move|p1a: Lunala|Moongeist Beam|p2a: Calyrex
|-activate|p2a: Calyrex|move: Protect
|
|upkeep
|
|t:|1750733118
|switch|p1b: Calyrex|Calyrex-Ice, L50|100/100
|-ability|p1b: Calyrex|As One
|-ability|p1b: Calyrex|Unnerve
|turn|7
|
|t:|1750733137
|move|p2b: Glastrier|Heavy Slam|p1a: Lunala
|-supereffective|p1a: Lunala
|-damage|p1a: Lunala|0 fnt
|faint|p1a: Lunala
|-ability|p2b: Glastrier|Chilling Neigh|boost
|-boost|p2b: Glastrier|atk|1
|move|p1b: Calyrex|Crunch|p2b: Glastrier
|-damage|p2b: Glastrier|81/100
|-damage|p1b: Calyrex|84/100|[from] item: Rocky Helmet|[of] p2b: Glastrier
|move|p2a: Calyrex|Astral Barrage|p1b: Calyrex
|-supereffective|p1b: Calyrex
|-damage|p1b: Calyrex|0 fnt
|faint|p1b: Calyrex
|
|win|JSNJS
|raw|fwoop_fwoop's rating: 1193 &rarr; <strong>1168</strong><br />(-25 for losing)
|raw|JSNJS's rating: 1196 &rarr; <strong>1221</strong><br />(+25 for winning)
|l|☆fwoop_fwoop
|player|p1|
|l|☆JSNJS
|player|p2|
