|j|☆The Lesko
|j|☆Carajo666
|t:|1750843746
|gametype|doubles
|player|p1|The Lesko|acetrainer-gen4dp|1524
|player|p2|Carajo666|roughneck|1545
|teamsize|p1|6
|teamsize|p2|6
|gen|9
|tier|[Gen 9] VGC 2025 Reg I
|rated|
|rule|Species Clause: Limit one of each Pokémon
|rule|Item Clause: Limit 1 of each item
|clearpoke
|poke|p1|Lunala, L50|
|poke|p1|Miraidon, L50|
|poke|p1|Urshifu-*, L50, F|
|poke|p1|Iron Hands, L50|
|poke|p1|Incineroar, L50, F|
|poke|p1|Iron Leaves, L50|
|poke|p2|Lunala, L50|
|poke|p2|Tyranitar, L50, M|
|poke|p2|Amoonguss, L50, M|
|poke|p2|Ho-Oh, L50|
|poke|p2|Excadrill, L50, M|
|poke|p2|Enamorus-Therian, L50, F|
|teampreview|4
|inactive|Battle timer is ON: inactive players will automatically lose when time's up. (requested by The Lesko)
The Lesko has agreed to open team sheets.
|
|t:|1750843784
|start
|switch|p1a: RAOUF|Urshifu-Rapid-Strike, L50, F|100/100
|switch|p1b: Lakovievic|Lunala, L50|100/100
|switch|p2a: Lunala|Lunala, L50|100/100
|switch|p2b: Amoonguss|Amoonguss, L50, M|100/100
|turn|1
|inactive|The Lesko has 30 seconds left.
|
|t:|1750843812
|-terastallize|p1b: Lakovievic|Fire
|move|p2b: Amoonguss|Rage Powder|p2b: Amoonguss
|-singleturn|p2b: Amoonguss|move: Rage Powder
|move|p1a: RAOUF|U-turn|p2b: Amoonguss
|-damage|p2b: Amoonguss|80/100
|-damage|p1a: RAOUF|84/100|[from] item: Rocky Helmet|[of] p2b: Amoonguss
|
|t:|1750843821
|switch|p1a: Il Vesc|Miraidon, L50|100/100|[from] U-turn
|-fieldstart|move: Electric Terrain|[from] ability: Hadron Engine|[of] p1a: Il Vesc
|-enditem|p1b: Lakovievic|Electric Seed
|-boost|p1b: Lakovievic|def|1|[from] item: Electric Seed
|move|p1b: Lakovievic|Heat Wave|p2a: Lunala|[spread] p2a,p2b
|-supereffective|p2b: Amoonguss
|-damage|p2a: Lunala|87/100
|-damage|p2b: Amoonguss|9/100
|move|p2a: Lunala|Trick Room|p2a: Lunala
|-fieldstart|move: Trick Room|[of] p2a: Lunala
|
|upkeep
|turn|2
|inactive|The Lesko has 30 seconds left.
|
|t:|1750843846
|-terastallize|p2a: Lunala|Fairy
|move|p1b: Lakovievic|Wide Guard|p1b: Lakovievic
|-singleturn|p1b: Lakovievic|Wide Guard
|move|p2b: Amoonguss|Pollen Puff|p2a: Lunala
|-heal|p2a: Lunala|100/100
|move|p2a: Lunala|Moonblast|p1a: Il Vesc
|-supereffective|p1a: Il Vesc
|-damage|p1a: Il Vesc|10/100
|move|p1a: Il Vesc|Discharge|p2a: Lunala|[spread] p2a,p2b
|-activate|p1b: Lakovievic|move: Wide Guard
|-resisted|p2b: Amoonguss
|-damage|p2a: Lunala|71/100
|-damage|p2b: Amoonguss|0 fnt
|-status|p2a: Lunala|par
|faint|p2b: Amoonguss
|-damage|p1a: Il Vesc|0 fnt|[from] item: Life Orb
|faint|p1a: Il Vesc
|
|upkeep
|
|t:|1750843862
|switch|p2b: Enamorus|Enamorus-Therian, L50, F|100/100
|switch|p1a: TiaConty|Iron Leaves, L50|100/100
|-activate|p1a: TiaConty|ability: Quark Drive
|-start|p1a: TiaConty|quarkdrivespe
|turn|3
|inactive|The Lesko has 30 seconds left.
|
|t:|1750843888
|cant|p2a: Lunala|par
|move|p2b: Enamorus|Earth Power|p1b: Lakovievic
|-supereffective|p1b: Lakovievic
|-damage|p1b: Lakovievic|62/100
|move|p1b: Lakovievic|Heat Wave|p2a: Lunala|[spread] p2a,p2b
|-damage|p2a: Lunala|43/100 par
|-damage|p2b: Enamorus|55/100
|-status|p2b: Enamorus|brn
|move|p1a: TiaConty|Wild Charge|p2b: Enamorus
|-supereffective|p2b: Enamorus
|-damage|p2b: Enamorus|0 fnt
|faint|p2b: Enamorus
|-damage|p1a: TiaConty|86/100|[from] Recoil
|
|upkeep
|
|t:|1750843896
|switch|p2b: Ho-Oh|Ho-Oh, L50|100/100
|turn|4
|
|t:|1750843907
|move|p2a: Lunala|Moongeist Beam|p1b: Lakovievic
|-damage|p1b: Lakovievic|19/100
|move|p1b: Lakovievic|Moongeist Beam|p2b: Ho-Oh
|-damage|p2b: Ho-Oh|65/100
|move|p2b: Ho-Oh|Sacred Fire|p1a: TiaConty
|-supereffective|p1a: TiaConty
|-damage|p1a: TiaConty|0 fnt
|faint|p1a: TiaConty
|-end|p1a: TiaConty|Quark Drive|[silent]
|
|upkeep
|
|t:|1750843916
|switch|p1a: RAOUF|Urshifu-Rapid-Strike, L50, F|84/100
|turn|5
|
|t:|1750843927
|move|p2a: Lunala|Moongeist Beam|p1b: Lakovievic
|-damage|p1b: Lakovievic|0 fnt
|faint|p1b: Lakovievic
|move|p2b: Ho-Oh|Brave Bird|p1a: RAOUF
|-supereffective|p1a: RAOUF
|-damage|p1a: RAOUF|0 fnt
|faint|p1a: RAOUF
|-damage|p2b: Ho-Oh|41/100|[from] Recoil
|
|win|Carajo666
|raw|The Lesko's rating: 1524 &rarr; <strong>1505</strong><br />(-19 for losing)
|raw|Carajo666's rating: 1545 &rarr; <strong>1564</strong><br />(+19 for winning)
|l|☆The Lesko
|player|p1|
|l|☆Carajo666
|player|p2|
