|j|☆naibot2814
|j|☆bman3116
|t:|1750807305
|gametype|doubles
|player|p1|naibot2814|ghetsis|1609
|player|p2|bman3116|elesa-masters|1606
|teamsize|p1|6
|teamsize|p2|6
|gen|9
|tier|[Gen 9] VGC 2025 Reg I
|rated|
|rule|Species Clause: Limit one of each Pokémon
|rule|Item Clause: Limit 1 of each item
|clearpoke
|poke|p1|Zamazenta-*, L50|
|poke|p1|Ogerpon-Hearthflame, L50, F|
|poke|p1|Calyrex-Shadow, L50|
|poke|p1|Incineroar, L50, M|
|poke|p1|Rillaboom, L50, M|
|poke|p1|Raging Bolt, L50|
|poke|p2|Miraidon, L50|
|poke|p2|Lunala, L50|
|poke|p2|Incineroar, L50, F|
|poke|p2|Ursaluna, L50, M|
|poke|p2|Urshifu-*, L50, F|
|poke|p2|Whimsicott, L50, M|
|teampreview|4
|inactive|Battle timer is ON: inactive players will automatically lose when time's up. (requested by bman3116)
|
|t:|1750807323
|start
|switch|p1a: Incineroar|Incineroar, L50, M|100/100
|switch|p1b: Calyrex|Calyrex-Shadow, L50|100/100
|switch|p2a: Incineroar|Incineroar, L50, F|100/100
|switch|p2b: Lunala|Lunala, L50|100/100
|-ability|p1b: Calyrex|As One
|-ability|p1b: Calyrex|Unnerve
|-ability|p2a: Incineroar|Intimidate|boost
|-unboost|p1a: Incineroar|atk|1
|-unboost|p1b: Calyrex|atk|1
|-ability|p1a: Incineroar|Intimidate|boost
|-unboost|p2a: Incineroar|atk|1
|-unboost|p2b: Lunala|atk|1
|turn|1
|
|t:|1750807342
|switch|p1b: Zamazenta|Zamazenta-Crowned, L50|100/100
|-ability|p1b: Zamazenta|Dauntless Shield|boost
|-boost|p1b: Zamazenta|def|1
|-terastallize|p2b: Lunala|Fairy
|move|p2a: Incineroar|Fake Out|p1a: Incineroar
|-damage|p1a: Incineroar|94/100
|-damage|p2a: Incineroar|84/100|[from] item: Rocky Helmet|[of] p1a: Incineroar
|cant|p1a: Incineroar|flinch
|move|p2b: Lunala|Trick Room|p2b: Lunala
|-fieldstart|move: Trick Room|[of] p2b: Lunala
|
|upkeep
|turn|2
|
|t:|1750807358
|move|p1a: Incineroar|Fake Out||[still]
|-hint|Fake Out only works on your first turn out.
|-fail|p1a: Incineroar
|move|p2a: Incineroar|U-turn|p1a: Incineroar
|-damage|p1a: Incineroar|83/100
|-damage|p2a: Incineroar|68/100|[from] item: Rocky Helmet|[of] p1a: Incineroar
|
|t:|1750807362
|switch|p2a: Ursaluna|Ursaluna, L50, M|100/100|[from] U-turn
|move|p2b: Lunala|Moonblast|p1a: Incineroar
|-damage|p1a: Incineroar|40/100
|move|p1b: Zamazenta|Body Press|p2a: Ursaluna
|-supereffective|p2a: Ursaluna
|-damage|p2a: Ursaluna|0 fnt
|faint|p2a: Ursaluna
|
|upkeep
|
|t:|1750807364
|switch|p2a: Miraidon|Miraidon, L50|100/100
|-fieldstart|move: Electric Terrain|[from] ability: Hadron Engine|[of] p2a: Miraidon
|-enditem|p2b: Lunala|Electric Seed
|-boost|p2b: Lunala|def|1|[from] item: Electric Seed
|turn|3
|
|t:|1750807385
|move|p1a: Incineroar|Parting Shot|p2b: Lunala
|-unboost|p2b: Lunala|atk|1
|-unboost|p2b: Lunala|spa|1
|
|t:|1750807388
|switch|p1a: Rillaboom|Rillaboom, L50, M|100/100|[from] Parting Shot
|-fieldstart|move: Grassy Terrain|[from] ability: Grassy Surge|[of] p1a: Rillaboom
|move|p2b: Lunala|Moonblast|p1a: Rillaboom
|-damage|p1a: Rillaboom|77/100
|move|p1b: Zamazenta|Heavy Slam|p2b: Lunala
|-supereffective|p2b: Lunala
|-damage|p2b: Lunala|76/100
|move|p2a: Miraidon|Volt Switch|p1b: Zamazenta
|-damage|p1b: Zamazenta|50/100
|
|t:|1750807391
|switch|p2a: Incineroar|Incineroar, L50, F|68/100|[from] Volt Switch
|-ability|p2a: Incineroar|Intimidate|boost
|-unboost|p1a: Rillaboom|atk|1
|-unboost|p1b: Zamazenta|atk|1
|
|-heal|p2a: Incineroar|74/100|[from] Grassy Terrain
|-heal|p1a: Rillaboom|83/100|[from] Grassy Terrain
|-heal|p2b: Lunala|83/100|[from] Grassy Terrain
|-heal|p1b: Zamazenta|57/100|[from] Grassy Terrain
|upkeep
|turn|4
|inactive|naibot2814 has 30 seconds left.
|
|t:|1750807416
|move|p1b: Zamazenta|Protect|p1b: Zamazenta
|-singleturn|p1b: Zamazenta|Protect
|move|p2a: Incineroar|Flare Blitz|p1b: Zamazenta
|-activate|p1b: Zamazenta|move: Protect
|move|p1a: Rillaboom|U-turn|p2b: Lunala
|-resisted|p2b: Lunala
|-damage|p2b: Lunala|79/100
|
|t:|1750807425
|switch|p1a: Incineroar|Incineroar, L50, M|40/100|[from] U-turn
|-ability|p1a: Incineroar|Intimidate|boost
|-unboost|p2a: Incineroar|atk|1
|-unboost|p2b: Lunala|atk|1
|move|p2b: Lunala|Moongeist Beam|p1b: Zamazenta
|-activate|p1b: Zamazenta|move: Protect
|
|-heal|p1a: Incineroar|46/100|[from] Grassy Terrain
|-heal|p2a: Incineroar|80/100|[from] Grassy Terrain
|-heal|p2b: Lunala|85/100|[from] Grassy Terrain
|-heal|p1b: Zamazenta|63/100|[from] Grassy Terrain
|upkeep
|turn|5
|inactive|naibot2814 has 30 seconds left.
|
|t:|1750807451
|move|p1a: Incineroar|Helping Hand|p1b: Zamazenta
|-singleturn|p1b: Zamazenta|Helping Hand|[of] p1a: Incineroar
|move|p2a: Incineroar|Flare Blitz|p1b: Zamazenta
|-supereffective|p1b: Zamazenta
|-damage|p1b: Zamazenta|36/100
|-damage|p2a: Incineroar|72/100|[from] Recoil
|move|p2b: Lunala|Moongeist Beam|p1b: Zamazenta
|-damage|p1b: Zamazenta|9/100
|move|p1b: Zamazenta|Heavy Slam|p2b: Lunala
|-supereffective|p2b: Lunala
|-damage|p2b: Lunala|40/100
|
|-heal|p1a: Incineroar|52/100|[from] Grassy Terrain
|-heal|p2a: Incineroar|78/100|[from] Grassy Terrain
|-heal|p2b: Lunala|46/100|[from] Grassy Terrain
|-heal|p1b: Zamazenta|15/100|[from] Grassy Terrain
|-fieldend|move: Trick Room
|upkeep
|turn|6
|
|t:|1750807473
|move|p1b: Zamazenta|Body Press|p2a: Incineroar
|-supereffective|p2a: Incineroar
|-damage|p2a: Incineroar|0 fnt
|faint|p2a: Incineroar
|move|p2b: Lunala|Moonblast|p1a: Incineroar
|-damage|p1a: Incineroar|21/100
|move|p1a: Incineroar|Parting Shot|p2b: Lunala
|-unboost|p2b: Lunala|atk|1
|-unboost|p2b: Lunala|spa|1
|-message|bman3116 forfeited.
|
|win|naibot2814
|raw|naibot2814's rating: 1609 &rarr; <strong>1629</strong><br />(+20 for winning)
|raw|bman3116's rating: 1606 &rarr; <strong>1586</strong><br />(-20 for losing)
