|j|☆gr3glk
|j|‽gonemasta
|t:|1750769250
|gametype|doubles
|player|p1|gr3glk|169|1302
|player|p2|gonemasta|266|1240
|teamsize|p1|6
|teamsize|p2|6
|gen|9
|tier|[Gen 9] VGC 2025 Reg I
|rated|
|rule|Species Clause: Limit one of each Pokémon
|rule|Item Clause: Limit 1 of each item
|clearpoke
|poke|p1|Roaring Moon, L50|
|poke|p1|Zacian-*, L50|
|poke|p1|Urshifu-*, L50, M|
|poke|p1|Kyogre, L50|
|poke|p1|Chien-Pao, L50|
|poke|p1|Amoonguss, L50, F|
|poke|p2|Miraidon, L50|
|poke|p2|Kyogre, L50|
|poke|p2|Tornadus, L50, M|
|poke|p2|Chi-Yu, L50|
|poke|p2|Slowking-Galar, L50, M|
|poke|p2|Iron Treads, L50|
|teampreview|4
|inactive|Battle timer is ON: inactive players will automatically lose when time's up. (requested by gr3glk)
|
|t:|1750769281
|start
|switch|p1a: Zacian|Zacian-Crowned, L50|100/100
|switch|p1b: Roaring Moon|Roaring Moon, L50|100/100
|switch|p2a: Miraidon|Miraidon, L50|100/100
|switch|p2b: Chi-Yu|Chi-Yu, L50|100/100
|-ability|p1a: Zacian|Intrepid Sword|boost
|-boost|p1a: Zacian|atk|1
|-fieldstart|move: Electric Terrain|[from] ability: Hadron Engine|[of] p2a: Miraidon
|-ability|p2b: Chi-Yu|Beads of Ruin
|-enditem|p1b: Roaring Moon|Booster Energy
|-activate|p1b: Roaring Moon|ability: Protosynthesis|[fromitem]
|-start|p1b: Roaring Moon|protosynthesisspe
|turn|1
|inactive|gonemasta has 30 seconds left.
|
|t:|1750769309
|-terastallize|p1a: Zacian|Fairy
|-terastallize|p2a: Miraidon|Fairy
|move|p1b: Roaring Moon|Knock Off|p2b: Chi-Yu
|-resisted|p2b: Chi-Yu
|-damage|p2b: Chi-Yu|60/100
|-enditem|p2b: Chi-Yu|Life Orb|[from] move: Knock Off|[of] p1b: Roaring Moon
|move|p1a: Zacian|Play Rough|p2a: Miraidon|[miss]
|-miss|p1a: Zacian|p2a: Miraidon
|move|p2a: Miraidon|Volt Switch|p1b: Roaring Moon
|-resisted|p1b: Roaring Moon
|-damage|p1b: Roaring Moon|33/100
|
|t:|1750769326
|switch|p2a: Tornadus|Tornadus, L50, M|100/100|[from] Volt Switch
|move|p2b: Chi-Yu|Heat Wave|p1a: Zacian|[spread] p1a,p1b
|-resisted|p1b: Roaring Moon
|-damage|p1a: Zacian|54/100
|-damage|p1b: Roaring Moon|7/100
|
|upkeep
|turn|2
|
|t:|1750769340
|move|p2a: Tornadus|Tailwind|p2a: Tornadus
|-sidestart|p2: gonemasta|move: Tailwind
|move|p2b: Chi-Yu|Heat Wave|p1b: Roaring Moon|[spread] p1a,p1b
|-resisted|p1b: Roaring Moon
|-damage|p1a: Zacian|3/100
|-damage|p1b: Roaring Moon|0 fnt
|faint|p1b: Roaring Moon
|-end|p1b: Roaring Moon|Protosynthesis|[silent]
|move|p1a: Zacian|Behemoth Blade|p2a: Tornadus
|-damage|p2a: Tornadus|15/100
|
|upkeep
|
|t:|1750769346
|switch|p1b: Urshifu|Urshifu-Rapid-Strike, L50, M|100/100
|turn|3
|inactive|gonemasta has 30 seconds left.
|
|t:|1750769373
|move|p1b: Urshifu|Aqua Jet|p2b: Chi-Yu
|-supereffective|p2b: Chi-Yu
|-damage|p2b: Chi-Yu|0 fnt
|faint|p2b: Chi-Yu
|move|p2a: Tornadus|Bleakwind Storm|p1b: Urshifu|[spread] p1a
|-miss|p2a: Tornadus|p1b: Urshifu
|-damage|p1a: Zacian|0 fnt
|faint|p1a: Zacian
|
|upkeep
|
|t:|1750769385
|switch|p1a: Kyogre|Kyogre, L50|100/100
|switch|p2b: Slowking|Slowking-Galar, L50, M|100/100
|-weather|RainDance|[from] ability: Drizzle|[of] p1a: Kyogre
|turn|4
|
|t:|1750769405
|move|p2a: Tornadus|Protect|p2a: Tornadus
|-singleturn|p2a: Tornadus|Protect
|move|p1a: Kyogre|Protect|p1a: Kyogre
|-singleturn|p1a: Kyogre|Protect
|move|p1b: Urshifu|Aqua Jet|p2a: Tornadus
|-damage|p2a: Tornadus|0 fnt
|faint|p2a: Tornadus
|move|p2b: Slowking|Psychic|p1b: Urshifu
|-supereffective|p1b: Urshifu
|-damage|p1b: Urshifu|0 fnt
|faint|p1b: Urshifu
|
|-weather|RainDance|[upkeep]
|upkeep
|
|t:|1750769416
|switch|p2a: Miraidon|Miraidon, L50, tera:Fairy|100/100
|-activate|p2a: Miraidon|ability: Hadron Engine
|turn|5
|
|t:|1750769430
|move|p1a: Kyogre|Protect||[still]
|-fail|p1a: Kyogre
|move|p2a: Miraidon|Electro Drift|p1a: Kyogre
|-supereffective|p1a: Kyogre
|-damage|p1a: Kyogre|0 fnt
|faint|p1a: Kyogre
|
|win|gonemasta
|raw|gr3glk's rating: 1302 &rarr; <strong>1278</strong><br />(-24 for losing)
|raw|gonemasta's rating: 1240 &rarr; <strong>1269</strong><br />(+29 for winning)
|l|‽gonemasta
|player|p2|
