|j|☆413XPlayz
|j|☆Scytherium
|html|<table width="100%"><tr><td align="left">413XPlayz</td><td align="right">Scytherium</tr><tr><td align="left"><i class="fa fa-circle-o"></i> <i class="fa fa-circle-o"></i> </td><td align="right"><i class="fa fa-circle-o"></i> <i class="fa fa-circle-o"></i> </tr></table>
|uhtml|bestof|<h2><strong>Game 1</strong> of <a href="/game-bestof3-gen9vgc2025regi-2390584075">a best-of-3</a></h2>
|t:|1750732189
|gametype|doubles
|player|p1|413XPlayz|psychic|
|player|p2|Scytherium|aaron|
|teamsize|p1|6
|teamsize|p2|6
|gen|9
|tier|[Gen 9] VGC 2025 Reg I
|rated|Tournament battle
|rule|Species Clause: Limit one of each Pokémon
|rule|Item Clause: Limit 1 of each item
|raw|<div class="infobox"><details class="readmore" open><summary><strong>3 custom rules:</strong></summary> Force Open Team Sheets, !Open Team Sheets, Best of = 3</details></div>
|clearpoke
|poke|p1|Koraidon, L50|
|poke|p1|Calyrex-Shadow, L50|
|poke|p1|Incineroar, L50, M|
|poke|p1|Jumpluff, L50, M|
|poke|p1|Iron Treads, L50|
|poke|p1|Urshifu-*, L50, F|
|poke|p2|Calyrex-Shadow, L50|
|poke|p2|Zamazenta-*, L50|
|poke|p2|Tatsugiri, L50, M|
|poke|p2|Dondozo, L50, F|
|poke|p2|Weezing, L50, M|
|poke|p2|Ogerpon-Cornerstone, L50, F|
|teampreview|4
|showteam|p1|Koraidon||ClearAmulet|OrichalcumPulse|CollisionCourse,FlareBlitz,FlameCharge,Protect||||||50|,,,,,Fire]Calyrex-Shadow||FocusSash|AsOneSpectrier|AstralBarrage,Psychic,Encore,Protect||||||50|,,,,,Ghost]Incineroar||AssaultVest|Intimidate|KnockOff,FlareBlitz,Uturn,FakeOut|||M|||50|,,,,,Bug]Jumpluff||CovertCloak|Chlorophyll|Tailwind,SleepPowder,RagePowder,Protect|||M|||50|,,,,,Dark]Iron Treads||LifeOrb|QuarkDrive|SteelRoller,HighHorsepower,KnockOff,Protect||||||50|,,,,,Ghost]Urshifu||BlackGlasses|UnseenFist|WickedBlow,CloseCombat,SuckerPunch,Detect|||F|||50|,,,,,Dark
|showteam|p2|Calyrex-Shadow||SpellTag|AsOneSpectrier|Protect,AstralBarrage,TeraBlast,ExpandingForce||||||50|,,,,,Fighting]Zamazenta-Crowned||RustedShield|DauntlessShield|Protect,WideGuard,behemothbash,BodyPress||||||50|,,,,,Fighting]Tatsugiri||ChoiceScarf|Commander|DracoMeteor,MuddyWater,TeraBlast,IcyWind|||M|||50|,,,,,Steel]Dondozo||Leftovers|Unaware|Protect,WaveCrash,Earthquake,Yawn|||F|||50|,,,,,Grass]Weezing||FocusSash|NeutralizingGas|Protect,DarkPulse,ToxicSpikes,WillOWisp|||M|||50|,,,,,Dark]Ogerpon-Cornerstone||CornerstoneMask|Sturdy|SpikyShield,IvyCudgel,KnockOff,WoodHammer|||F|||50|,,,,,Rock
|c|☆413XPlayz|bldhf
|c|☆Scytherium|Bad luck?
|c|☆413XPlayz|yeah
|c|☆413XPlayz|i dont like ur team
|c|☆413XPlayz|sorry
|inactive|Battle timer is ON: inactive players will automatically lose when time's up. (requested by Scytherium)
|
|t:|1750732224
|start
|switch|p1a: Jumpluff|Jumpluff, L50, M|100/100
|switch|p1b: Koraidon|Koraidon, L50|100/100
|switch|p2a: Weezing|Weezing, L50, M|100/100
|switch|p2b: Zamazenta|Zamazenta-Crowned, L50|100/100
|-ability|p2a: Weezing|Neutralizing Gas
|turn|1
|j|%Radio Free C-Side
|
|t:|1750732245
|-terastallize|p1b: Koraidon|Fire
|move|p2b: Zamazenta|Protect|p2b: Zamazenta
|-singleturn|p2b: Zamazenta|Protect
|move|p1b: Koraidon|Flare Blitz|p2a: Weezing
|-damage|p2a: Weezing|44/100
|-damage|p1b: Koraidon|84/100|[from] Recoil
|move|p1a: Jumpluff|Sleep Powder|p2a: Weezing|[miss]
|-miss|p1a: Jumpluff|p2a: Weezing
|move|p2a: Weezing|Will-O-Wisp|p1b: Koraidon
|-immune|p1b: Koraidon
|
|upkeep
|turn|2
|inactive|413XPlayz has 30 seconds left.
|
|t:|1750732280
|switch|p2b: Dondozo|Dondozo, L50, F|100/100
|move|p1b: Koraidon|Flare Blitz|p2a: Weezing
|-damage|p2a: Weezing|0 fnt
|faint|p2a: Weezing
|-end|p2a: Weezing|ability: Neutralizing Gas
|-weather|SunnyDay|[from] ability: Orichalcum Pulse|[of] p1b: Koraidon
|-activate|p1b: Koraidon|Orichalcum Pulse|[source]
|-damage|p1b: Koraidon|72/100|[from] Recoil
|move|p1a: Jumpluff|Tailwind|p1a: Jumpluff
|-sidestart|p1: 413XPlayz|move: Tailwind
|
|-weather|SunnyDay|[upkeep]
|upkeep
|
|t:|1750732286
|switch|p2a: Tatsugiri|Tatsugiri, L50, M|100/100
|-activate|p2a: Tatsugiri|ability: Commander|[of] p2b: Dondozo
|-boost|p2b: Dondozo|atk|2
|-boost|p2b: Dondozo|spa|2
|-boost|p2b: Dondozo|spe|2
|-boost|p2b: Dondozo|def|2
|-boost|p2b: Dondozo|spd|2
|turn|3
|
|t:|1750732302
|-terastallize|p2b: Dondozo|Grass
|move|p1a: Jumpluff|Sleep Powder|p2b: Dondozo
|-immune|p2b: Dondozo
|move|p1b: Koraidon|Flare Blitz|p2b: Dondozo
|-supereffective|p2b: Dondozo
|-damage|p2b: Dondozo|21/100
|-damage|p1b: Koraidon|38/100|[from] Recoil
|move|p2b: Dondozo|Earthquake|p1a: Jumpluff|[spread] p1b
|-miss|p2b: Dondozo|p2a: Tatsugiri
|-immune|p1a: Jumpluff
|-supereffective|p1b: Koraidon
|-damage|p1b: Koraidon|0 fnt
|faint|p1b: Koraidon
|
|-weather|SunnyDay|[upkeep]
|-heal|p2b: Dondozo|27/100|[from] item: Leftovers
|upkeep
|
|t:|1750732325
|switch|p1b: Urshifu|Urshifu, L50, F|100/100
|turn|4
|
|t:|1750732336
|move|p1a: Jumpluff|Rage Powder|p1a: Jumpluff
|-singleturn|p1a: Jumpluff|move: Rage Powder
|move|p1b: Urshifu|Wicked Blow|p2b: Dondozo
|-crit|p2b: Dondozo
|-damage|p2b: Dondozo|0 fnt
|faint|p2b: Dondozo
|
|-weather|SunnyDay|[upkeep]
|upkeep
|
|t:|1750732341
|switch|p2b: Zamazenta|Zamazenta-Crowned, L50|100/100
|-ability|p2b: Zamazenta|Dauntless Shield|boost
|-boost|p2b: Zamazenta|def|1
|turn|5
|
|t:|1750732348
|move|p1a: Jumpluff|Rage Powder|p1a: Jumpluff
|-singleturn|p1a: Jumpluff|move: Rage Powder
|move|p1b: Urshifu|Wicked Blow|p2a: Tatsugiri
|-crit|p2a: Tatsugiri
|-damage|p2a: Tatsugiri|0 fnt
|faint|p2a: Tatsugiri
|move|p2b: Zamazenta|Body Press|p1a: Jumpluff
|-resisted|p1a: Jumpluff
|-damage|p1a: Jumpluff|66/100
|
|-weather|SunnyDay|[upkeep]
|-sideend|p1: 413XPlayz|move: Tailwind
|upkeep
|turn|6
|
|t:|1750732353
|move|p1a: Jumpluff|Rage Powder|p1a: Jumpluff
|-singleturn|p1a: Jumpluff|move: Rage Powder
|move|p2b: Zamazenta|Body Press|p1a: Jumpluff
|-resisted|p1a: Jumpluff
|-damage|p1a: Jumpluff|27/100
|move|p1b: Urshifu|Close Combat|p2b: Zamazenta
|-supereffective|p2b: Zamazenta
|-damage|p2b: Zamazenta|34/100
|-unboost|p1b: Urshifu|def|1
|-unboost|p1b: Urshifu|spd|1
|
|-weather|none
|upkeep
|turn|7
|
|t:|1750732357
|move|p1a: Jumpluff|Rage Powder|p1a: Jumpluff
|-singleturn|p1a: Jumpluff|move: Rage Powder
|move|p2b: Zamazenta|Body Press|p1a: Jumpluff
|-resisted|p1a: Jumpluff
|-damage|p1a: Jumpluff|0 fnt
|faint|p1a: Jumpluff
|move|p1b: Urshifu|Close Combat|p2b: Zamazenta
|-supereffective|p2b: Zamazenta
|-damage|p2b: Zamazenta|0 fnt
|-unboost|p1b: Urshifu|def|1
|-unboost|p1b: Urshifu|spd|1
|faint|p2b: Zamazenta
|
|win|413XPlayz
||413XPlayz is ready for game 2.
||Scytherium is ready for game 2.
|uhtml|next|Next: <a href="/battle-gen9vgc2025regi-2390585313"><strong>Game 2 of 3</strong></a>
|l|%Radio Free C-Side
|l|☆Scytherium
|player|p2|
|j| ProssettiVGC
