|j|☆calvinbradford
|j|‽seinor
|t:|1750722734
|gametype|doubles
|player|p1|calvinbradford|pokemaniac|1240
|player|p2|seinor|266|1215
|teamsize|p1|6
|teamsize|p2|6
|gen|9
|tier|[Gen 9] VGC 2025 Reg I
|rated|
|rule|Species Clause: Limit one of each Pokémon
|rule|Item Clause: Limit 1 of each item
|clearpoke
|poke|p1|Kyogre, L50|
|poke|p1|Incineroar, L50, F|
|poke|p1|Calyrex-Ice, L50|
|poke|p1|Iron Hands, L50|
|poke|p1|Chien-Pao, L50|
|poke|p1|Whimsicott, L50, F|
|poke|p2|Koraidon, L50|
|poke|p2|Flutter Mane, L50|
|poke|p2|Cresselia, L50, F|
|poke|p2|Iron Hands, L50|
|poke|p2|Incineroar, L50, F|
|poke|p2|Miraidon, L50|
|teampreview|4
|inactive|Battle timer is ON: inactive players will automatically lose when time's up. (requested by calvinbradford)
|
|t:|1750722765
|start
|switch|p1a: Calyrex|Calyrex-Ice, L50|100/100
|switch|p1b: Incineroar|Incineroar, L50, F|100/100
|switch|p2a: Cresselia|Cresselia, L50, F|100/100
|switch|p2b: Iron Hands|Iron Hands, L50|100/100
|-ability|p1a: Calyrex|As One
|-ability|p1a: Calyrex|Unnerve
|-ability|p1b: Incineroar|Intimidate|boost
|-unboost|p2a: Cresselia|atk|1
|-unboost|p2b: Iron Hands|atk|1
|turn|1
|
|t:|1750722792
|move|p1b: Incineroar|Fake Out|p2a: Cresselia
|-damage|p2a: Cresselia|93/100
|move|p2b: Iron Hands|Fake Out|p1a: Calyrex
|-damage|p1a: Calyrex|94/100
|cant|p2a: Cresselia|flinch
|cant|p1a: Calyrex|flinch
|
|upkeep
|turn|2
|
|t:|1750722804
|move|p1b: Incineroar|Knock Off|p2a: Cresselia
|-supereffective|p2a: Cresselia
|-damage|p2a: Cresselia|42/100
|-enditem|p2a: Cresselia|Iapapa Berry|[from] move: Knock Off|[of] p1b: Incineroar
|move|p2b: Iron Hands|Drain Punch|p1b: Incineroar
|-supereffective|p1b: Incineroar
|-damage|p1b: Incineroar|53/100
|-damage|p2b: Iron Hands|84/100|[from] item: Rocky Helmet|[of] p1b: Incineroar
|move|p1a: Calyrex|Glacial Lance|p2b: Iron Hands|[spread] p2a,p2b
|-damage|p2a: Cresselia|3/100
|-damage|p2b: Iron Hands|39/100
|move|p2a: Cresselia|Trick Room|p2a: Cresselia
|-fieldstart|move: Trick Room|[of] p2a: Cresselia
|
|upkeep
|turn|3
|
|t:|1750722823
|move|p2a: Cresselia|Helping Hand|p2b: Iron Hands
|-singleturn|p2b: Iron Hands|Helping Hand|[of] p2a: Cresselia
|move|p2b: Iron Hands|Drain Punch|p1b: Incineroar
|-supereffective|p1b: Incineroar
|-damage|p1b: Incineroar|0 fnt
|-heal|p2b: Iron Hands|61/100|[from] drain|[of] p1b: Incineroar
|-damage|p2b: Iron Hands|45/100|[from] item: Rocky Helmet|[of] p1b: Incineroar
|faint|p1b: Incineroar
|move|p1a: Calyrex|Glacial Lance|p2a: Cresselia|[spread] p2a,p2b
|-damage|p2a: Cresselia|0 fnt
|-damage|p2b: Iron Hands|3/100
|faint|p2a: Cresselia
|-ability|p1a: Calyrex|Chilling Neigh|boost
|-boost|p1a: Calyrex|atk|1
|
|upkeep
|
|t:|1750722840
|switch|p1b: Whimsicott|Whimsicott, L50, F|100/100
|switch|p2a: Incineroar|Incineroar, L50, F|100/100
|-ability|p2a: Incineroar|Intimidate|boost
|-fail|p1a: Calyrex|unboost|[from] item: Clear Amulet|[of] p1a: Calyrex
|-unboost|p1b: Whimsicott|atk|1
|turn|4
|inactive|calvinbradford has 30 seconds left.
|
|t:|1750722867
|-terastallize|p2a: Incineroar|Fire
|move|p2b: Iron Hands|Heavy Slam|p1b: Whimsicott
|-supereffective|p1b: Whimsicott
|-damage|p1b: Whimsicott|3/100
|move|p1a: Calyrex|Glacial Lance|p2b: Iron Hands|[spread] p2a,p2b
|-resisted|p2a: Incineroar
|-damage|p2a: Incineroar|60/100
|-damage|p2b: Iron Hands|0 fnt
|faint|p2b: Iron Hands
|-end|p2b: Iron Hands|Quark Drive|[silent]
|-ability|p1a: Calyrex|Chilling Neigh|boost
|-boost|p1a: Calyrex|atk|1
|move|p2a: Incineroar|Flare Blitz|p1a: Calyrex
|-supereffective|p1a: Calyrex
|-damage|p1a: Calyrex|0 fnt
|faint|p1a: Calyrex
|-damage|p2a: Incineroar|29/100|[from] Recoil
|move|p1b: Whimsicott|Moonblast|p2a: Incineroar
|-resisted|p2a: Incineroar
|-damage|p2a: Incineroar|11/100
|-unboost|p2a: Incineroar|spa|1
|
|upkeep
|
|t:|1750722885
|switch|p2b: Koraidon|Koraidon, L50|100/100
|switch|p1a: Kyogre|Kyogre, L50|100/100
|-weather|RainDance|[from] ability: Drizzle|[of] p1a: Kyogre
|-weather|SunnyDay|[from] ability: Orichalcum Pulse|[of] p2b: Koraidon
|-activate|p2b: Koraidon|Orichalcum Pulse|[source]
|turn|5
|
|t:|1750722908
|move|p2b: Koraidon|Protect|p2b: Koraidon
|-singleturn|p2b: Koraidon|Protect
|move|p1b: Whimsicott|Tailwind|p1b: Whimsicott
|-sidestart|p1: calvinbradford|move: Tailwind
|move|p2a: Incineroar|Flare Blitz|p1a: Kyogre
|-resisted|p1a: Kyogre
|-damage|p1a: Kyogre|28/100
|-damage|p2a: Incineroar|0 fnt|[from] Recoil
|faint|p2a: Incineroar
|move|p1a: Kyogre|Water Spout|p2b: Koraidon
|-activate|p2b: Koraidon|move: Protect
|
|-weather|SunnyDay|[upkeep]
|upkeep
|turn|6
|
|t:|1750722925
|move|p1a: Kyogre|Protect|p1a: Kyogre
|-singleturn|p1a: Kyogre|Protect
|move|p2b: Koraidon|Flame Charge|p1b: Whimsicott
|-supereffective|p1b: Whimsicott
|-damage|p1b: Whimsicott|0 fnt
|-boost|p2b: Koraidon|spe|1
|faint|p1b: Whimsicott
|-damage|p2b: Koraidon|91/100|[from] item: Life Orb
|
|-weather|SunnyDay|[upkeep]
|-fieldend|move: Trick Room
|upkeep
|turn|7
|
|t:|1750722941
|move|p2b: Koraidon|Flare Blitz|p1a: Kyogre
|-resisted|p1a: Kyogre
|-damage|p1a: Kyogre|0 fnt
|faint|p1a: Kyogre
|-damage|p2b: Koraidon|82/100|[from] Recoil
|-damage|p2b: Koraidon|72/100|[from] item: Life Orb
|
|win|seinor
|raw|calvinbradford's rating: 1240 &rarr; <strong>1213</strong><br />(-27 for losing)
|raw|seinor's rating: 1215 &rarr; <strong>1242</strong><br />(+27 for winning)
