|j|☆AAF Tytar
|j|☆justaVGCplayer
|t:|1750800286
|gametype|doubles
|player|p1|AAF Tytar|clay|1086
|player|p2|justaVGCplayer|red|1143
|teamsize|p1|6
|teamsize|p2|6
|gen|9
|tier|[Gen 9] VGC 2025 Reg I
|rated|
|rule|Species Clause: Limit one of each Pokémon
|rule|Item Clause: Limit 1 of each item
|clearpoke
|poke|p1|Milotic, L50, F|
|poke|p1|Politoed, L50, M|
|poke|p1|Kyogre, L50|
|poke|p1|Urshifu-*, L50, M|
|poke|p1|Suicune, L50|
|poke|p1|Swampert, L50, M|
|poke|p2|Smeargle, L50, F|
|poke|p2|Brute Bonnet, L50|
|poke|p2|Calyrex-Shadow, L50|
|poke|p2|Blissey, L50, F|
|poke|p2|Incineroar, L50, F|
|poke|p2|Kyogre, L50|
|teampreview|4
justaVGCplayer has agreed to open team sheets.
|
|t:|1750800328
|start
|switch|p1a: Kyogre|Kyogre, L50|100/100
|switch|p1b: Suicune|Suicune, L50|100/100
|switch|p2a: Calyrex|Calyrex-Shadow, L50|100/100
|switch|p2b: Kyogre|Kyogre, L50|100/100
|-ability|p2a: Calyrex|As One
|-ability|p2a: Calyrex|Unnerve
|-weather|RainDance|[from] ability: Drizzle|[of] p2b: Kyogre
|turn|1
|
|t:|1750800349
|move|p2a: Calyrex|Nasty Plot|p2a: Calyrex
|-boost|p2a: Calyrex|spa|2
|move|p2b: Kyogre|Thunder|p1a: Kyogre
|-supereffective|p1a: Kyogre
|-damage|p1a: Kyogre|35/100
|-status|p1a: Kyogre|par
|move|p1b: Suicune|Scald|p2a: Calyrex
|-damage|p2a: Calyrex|63/100
|move|p1a: Kyogre|Thunder|p2b: Kyogre
|-supereffective|p2b: Kyogre
|-damage|p2b: Kyogre|35/100
|
|-weather|RainDance|[upkeep]
|upkeep
|turn|2
|
|t:|1750800376
|move|p1a: Kyogre|Protect|p1a: Kyogre
|-singleturn|p1a: Kyogre|Protect
|move|p2a: Calyrex|Astral Barrage|p1a: Kyogre|[spread] p1b
|-activate|p1a: Kyogre|move: Protect
|-damage|p1b: Suicune|0 fnt
|faint|p1b: Suicune
|-ability|p2a: Calyrex|Grim Neigh|boost
|-boost|p2a: Calyrex|spa|1
|-damage|p2a: Calyrex|53/100|[from] item: Life Orb
|move|p2b: Kyogre|Thunder|p1a: Kyogre
|-activate|p1a: Kyogre|move: Protect
|
|-weather|RainDance|[upkeep]
|upkeep
|
|t:|1750800396
|switch|p1b: Urshifu|Urshifu-Rapid-Strike, L50, M|100/100
|turn|3
|
|t:|1750800414
|-terastallize|p1a: Kyogre|Water
|move|p1b: Urshifu|Aqua Jet|p2a: Calyrex
|-damage|p2a: Calyrex|8/100
|move|p2a: Calyrex|Astral Barrage|p1b: Urshifu|[spread] p1a,p1b
|-damage|p1a: Kyogre|0 fnt
|-enditem|p1b: Urshifu|Focus Sash
|-damage|p1b: Urshifu|1/100
|faint|p1a: Kyogre
|-ability|p2a: Calyrex|Grim Neigh|boost
|-boost|p2a: Calyrex|spa|1
|-damage|p2a: Calyrex|0 fnt|[from] item: Life Orb
|faint|p2a: Calyrex
|move|p2b: Kyogre|Thunder|p1b: Urshifu
|-supereffective|p1b: Urshifu
|-damage|p1b: Urshifu|0 fnt
|faint|p1b: Urshifu
|
|-weather|RainDance|[upkeep]
|upkeep
|
|t:|1750800436
|switch|p2a: Smeargle|Smeargle, L50, F|100/100
|switch|p1a: Milotic|Milotic, L50, F, shiny|100/100
|turn|4
|
|t:|1750800451
|move|p2b: Kyogre|Thunder|p1a: Milotic
|-supereffective|p1a: Milotic
|-damage|p1a: Milotic|44/100
|move|p2a: Smeargle|Lock-On|p1a: Milotic
|-activate|p2a: Smeargle|move: Lock-On|[of] p1a: Milotic
|move|p1a: Milotic|Scald|p2b: Kyogre
|-resisted|p2b: Kyogre
|-damage|p2b: Kyogre|15/100
|
|-weather|RainDance|[upkeep]
|-heal|p1a: Milotic|50/100|[from] item: Leftovers
|upkeep
|turn|5
|
|t:|1750800464
|switch|p2b: Blissey|Blissey, L50, F|100/100
|move|p2a: Smeargle|Guillotine|p1a: Milotic
|-damage|p1a: Milotic|0 fnt
|faint|p1a: Milotic
|-ohko
|
|win|justaVGCplayer
|raw|AAF Tytar's rating: 1086 &rarr; <strong>1067</strong><br />(-19 for losing)
|raw|justaVGCplayer's rating: 1143 &rarr; <strong>1164</strong><br />(+21 for winning)
|c|☆justaVGCplayer|gg
|l|☆AAF Tytar
|player|p1|
|l|☆justaVGCplayer
|player|p2|
