|j|☆tiakdag
|j|☆Serbol03
|t:|1750766402
|gametype|doubles
|player|p1|tiakdag|cynthia-gen4|1254
|player|p2|Serbol03|giovanni|1206
|teamsize|p1|6
|teamsize|p2|6
|gen|9
|tier|[Gen 9] VGC 2025 Reg I
|rated|
|rule|Species Clause: Limit one of each Pokémon
|rule|Item Clause: Limit 1 of each item
|clearpoke
|poke|p1|Calyrex-Ice, L50|
|poke|p1|Amoonguss, L50, F|
|poke|p1|Flutter Mane, L50|
|poke|p1|Necrozma-Dawn-Wings, L50|
|poke|p1|Landorus, L50, M|
|poke|p1|Incineroar, L50, F|
|poke|p2|Miraidon, L50|
|poke|p2|Lunala, L50|
|poke|p2|Urshifu-*, L50, M|
|poke|p2|Whimsicott, L50, M|
|poke|p2|Iron Hands, L50|
|poke|p2|Incineroar, L50, F|
|teampreview|4
|
|t:|1750766443
|start
|switch|p1a: Necrozma|Necrozma-Dawn-Wings, L50|100/100
|switch|p1b: Incineroar|Incineroar, L50, F|100/100
|switch|p2a: Whimsicott|Whimsicott, L50, M|100/100
|switch|p2b: Urshifu|Urshifu-Rapid-Strike, L50, M|100/100
|-ability|p1b: Incineroar|Intimidate|boost
|-unboost|p2a: Whimsicott|atk|1
|-unboost|p2b: Urshifu|atk|1
|turn|1
|
|t:|1750766467
|switch|p1b: Amoonguss|Amoonguss, L50, F|100/100
|move|p2a: Whimsicott|Moonblast|p1a: Necrozma
|-damage|p1a: Necrozma|87/100
|-unboost|p1a: Necrozma|spa|1
|move|p2b: Urshifu|Surging Strikes|p1b: Amoonguss
|-resisted|p1b: Amoonguss
|-crit|p1b: Amoonguss
|-damage|p1b: Amoonguss|83/100
|-resisted|p1b: Amoonguss
|-crit|p1b: Amoonguss
|-damage|p1b: Amoonguss|68/100
|-resisted|p1b: Amoonguss
|-crit|p1b: Amoonguss
|-damage|p1b: Amoonguss|52/100
|-hitcount|p1b: Amoonguss|3
|move|p1a: Necrozma|Photon Geyser|p2b: Urshifu
|-supereffective|p2b: Urshifu
|-damage|p2b: Urshifu|24/100
|
|-heal|p1b: Amoonguss|58/100|[from] item: Leftovers
|upkeep
|turn|2
|
|t:|1750766497
|switch|p2b: Incineroar|Incineroar, L50, F|100/100
|-ability|p2b: Incineroar|Intimidate|boost
|-unboost|p1a: Necrozma|atk|1
|-unboost|p1b: Amoonguss|atk|1
|move|p2a: Whimsicott|Light Screen|p2a: Whimsicott
|-sidestart|p2: Serbol03|move: Light Screen
|move|p1a: Necrozma|Photon Geyser|p2b: Incineroar
|-immune|p2b: Incineroar
|move|p1b: Amoonguss|Pollen Puff|p1a: Necrozma
|-heal|p1a: Necrozma|100/100
|
|-heal|p1b: Amoonguss|63/100|[from] item: Leftovers
|upkeep
|turn|3
|
|t:|1750766519
|switch|p1b: Incineroar|Incineroar, L50, F|100/100
|-ability|p1b: Incineroar|Intimidate|boost
|-unboost|p2a: Whimsicott|atk|1
|-unboost|p2b: Incineroar|atk|1
|move|p2a: Whimsicott|Encore|p1a: Necrozma
|-start|p1a: Necrozma|Encore
|move|p1a: Necrozma|Photon Geyser|p2a: Whimsicott
|-damage|p2a: Whimsicott|74/100
|move|p2b: Incineroar|Flare Blitz|p1b: Incineroar
|-resisted|p1b: Incineroar
|-damage|p1b: Incineroar|89/100
|-damage|p2b: Incineroar|97/100|[from] Recoil
|
|upkeep
|turn|4
|
|t:|1750766542
|move|p2a: Whimsicott|Moonblast|p1a: Necrozma
|-damage|p1a: Necrozma|85/100
|move|p1a: Necrozma|Photon Geyser|p2a: Whimsicott
|-damage|p2a: Whimsicott|46/100
|move|p2b: Incineroar|Knock Off|p1a: Necrozma
|-supereffective|p1a: Necrozma
|-crit|p1a: Necrozma
|-damage|p1a: Necrozma|0 fnt
|-enditem|p1a: Necrozma|Weakness Policy|[from] move: Knock Off|[of] p2b: Incineroar
|faint|p1a: Necrozma
|move|p1b: Incineroar|Brick Break|p2b: Incineroar
|-sideend|p2: Serbol03|move: Light Screen
|-supereffective|p2b: Incineroar
|-damage|p2b: Incineroar|67/100
|
|upkeep
|
|t:|1750766556
|switch|p1a: Calyrex|Calyrex-Ice, L50|100/100
|-ability|p1a: Calyrex|As One
|-ability|p1a: Calyrex|Unnerve
|turn|5
|
|t:|1750766586
|-terastallize|p1a: Calyrex|Fire
|move|p2a: Whimsicott|Encore|p1b: Incineroar
|-hint|Since gen 7, Dark is immune to Prankster moves.
|-immune|p1b: Incineroar
|move|p2b: Incineroar|Parting Shot|p1a: Calyrex
|-unboost|p1a: Calyrex|atk|1
|-unboost|p1a: Calyrex|spa|1
|
|t:|1750766593
|switch|p2b: Lunala|Lunala, L50|100/100|[from] Parting Shot
|move|p1b: Incineroar|Knock Off|p2a: Whimsicott
|-resisted|p2a: Whimsicott
|-damage|p2a: Whimsicott|28/100
|-enditem|p2a: Whimsicott|Covert Cloak|[from] move: Knock Off|[of] p1b: Incineroar
|move|p1a: Calyrex|Glacial Lance|p2b: Lunala|[spread] p2a,p2b
|-supereffective|p2a: Whimsicott
|-damage|p2a: Whimsicott|0 fnt
|-damage|p2b: Lunala|86/100
|faint|p2a: Whimsicott
|-ability|p1a: Calyrex|Chilling Neigh|boost
|-boost|p1a: Calyrex|atk|1
|
|upkeep
|
|t:|1750766608
|switch|p2a: Urshifu|Urshifu-Rapid-Strike, L50, M|24/100
|turn|6
|
|t:|1750766627
|switch|p2b: Incineroar|Incineroar, L50, F|67/100
|-ability|p2b: Incineroar|Intimidate|boost
|-unboost|p1a: Calyrex|atk|1
|-unboost|p1b: Incineroar|atk|1
|switch|p1a: Amoonguss|Amoonguss, L50, F|96/100
|-terastallize|p2a: Urshifu|Water
|move|p2a: Urshifu|Surging Strikes|p1a: Amoonguss
|-resisted|p1a: Amoonguss
|-crit|p1a: Amoonguss
|-damage|p1a: Amoonguss|76/100
|-resisted|p1a: Amoonguss
|-crit|p1a: Amoonguss
|-damage|p1a: Amoonguss|52/100
|-resisted|p1a: Amoonguss
|-crit|p1a: Amoonguss
|-damage|p1a: Amoonguss|29/100
|-hitcount|p1a: Amoonguss|3
|move|p1b: Incineroar|Knock Off|p2b: Incineroar
|-resisted|p2b: Incineroar
|-damage|p2b: Incineroar|57/100
|-enditem|p2b: Incineroar|Safety Goggles|[from] move: Knock Off|[of] p1b: Incineroar
|
|-heal|p1a: Amoonguss|35/100|[from] item: Leftovers
|upkeep
|turn|7
|
|t:|1750766685
|move|p2b: Incineroar|Fake Out|p1a: Amoonguss
|-damage|p1a: Amoonguss|24/100
|cant|p1a: Amoonguss|flinch
|move|p2a: Urshifu|Surging Strikes|p1b: Incineroar
|-supereffective|p1b: Incineroar
|-crit|p1b: Incineroar
|-damage|p1b: Incineroar|24/100
|-supereffective|p1b: Incineroar
|-crit|p1b: Incineroar
|-damage|p1b: Incineroar|0 fnt
|faint|p1b: Incineroar
|-hitcount|p1: Incineroar|2
|
|-heal|p1a: Amoonguss|29/100|[from] item: Leftovers
|upkeep
|
|t:|1750766695
|switch|p1b: Calyrex|Calyrex-Ice, L50, tera:Fire|100/100
|-ability|p1b: Calyrex|As One
|-ability|p1b: Calyrex|Unnerve
|turn|8
|
|t:|1750766717
|switch|p2a: Lunala|Lunala, L50|86/100
|move|p1a: Amoonguss|Rage Powder|p1a: Amoonguss
|-singleturn|p1a: Amoonguss|move: Rage Powder
|move|p2b: Incineroar|Flare Blitz|p1a: Amoonguss
|-supereffective|p1a: Amoonguss
|-damage|p1a: Amoonguss|0 fnt
|faint|p1a: Amoonguss
|-damage|p2b: Incineroar|47/100|[from] Recoil
|move|p1b: Calyrex|Glacial Lance|p2a: Lunala|[spread] p2a,p2b
|-resisted|p2b: Incineroar
|-damage|p2a: Lunala|42/100
|-damage|p2b: Incineroar|23/100
|
|upkeep
|turn|9
|
|t:|1750766737
|move|p2a: Lunala|Moongeist Beam|p1b: Calyrex
|-crit|p1b: Calyrex
|-damage|p1b: Calyrex|41/100
|move|p2b: Incineroar|Knock Off|p1b: Calyrex
|-damage|p1b: Calyrex|16/100
|-enditem|p1b: Calyrex|Heavy-Duty Boots|[from] move: Knock Off|[of] p2b: Incineroar
|move|p1b: Calyrex|Glacial Lance|p2a: Lunala|[spread] p2a,p2b
|-resisted|p2b: Incineroar
|-damage|p2a: Lunala|0 fnt
|-damage|p2b: Incineroar|0 fnt
|faint|p2a: Lunala
|faint|p2b: Incineroar
|-ability|p1b: Calyrex|Chilling Neigh|boost
|-boost|p1b: Calyrex|atk|2
|
|upkeep
|
|t:|1750766753
|switch|p2a: Urshifu|Urshifu-Rapid-Strike, L50, M, tera:Water|24/100
|turn|10
|
|t:|1750766756
|move|p2a: Urshifu|Surging Strikes|p1b: Calyrex
|-supereffective|p1b: Calyrex
|-crit|p1b: Calyrex
|-damage|p1b: Calyrex|0 fnt
|faint|p1b: Calyrex
|-hitcount|p1: Calyrex|1
|
|win|Serbol03
|raw|tiakdag's rating: 1254 &rarr; <strong>1226</strong><br />(-28 for losing)
|raw|Serbol03's rating: 1206 &rarr; <strong>1234</strong><br />(+28 for winning)
