|j|☆zelisthatpeak
|j|☆AKrigger
|t:|1750726774
|gametype|doubles
|player|p1|zelisthatpeak|psychicf-gen4|1159
|player|p2|AKrigger|dancer|1142
|teamsize|p1|6
|teamsize|p2|6
|gen|9
|tier|[Gen 9] VGC 2025 Reg I
|rated|
|rule|Species Clause: Limit one of each Pokémon
|rule|Item Clause: Limit 1 of each item
|clearpoke
|poke|p1|Kyogre, L50|
|poke|p1|Overqwil, L50, M|
|poke|p1|Rillaboom, L50, M|
|poke|p1|Incineroar, L50, M|
|poke|p1|Ting-Lu, L50|
|poke|p1|Calyrex-Ice, L50|
|poke|p2|Tsareena, L50, F|
|poke|p2|Miraidon, L50|
|poke|p2|Kyogre, L50|
|poke|p2|Incineroar, L50, F|
|poke|p2|Urshifu-*, L50, M|
|poke|p2|Grimmsnarl, L50, M|
|teampreview|4
|inactive|Battle timer is ON: inactive players will automatically lose when time's up. (requested by zelisthatpeak)
|j| beanxxbot
|inactive|zelisthatpeak has 60 seconds left.
|inactive|zelisthatpeak has 30 seconds left.
|inactive|zelisthatpeak has 20 seconds left.
|inactive|zelisthatpeak has 15 seconds left.
|inactive|zelisthatpeak has 10 seconds left.
|
|t:|1750726859
|start
|switch|p1a: Rillaboom|Rillaboom, L50, M|100/100
|switch|p1b: Overqwil|Overqwil, L50, M, shiny|100/100
|switch|p2a: Tsareena|Tsareena, L50, F, shiny|100/100
|switch|p2b: Incineroar|Incineroar, L50, F, shiny|100/100
|-fieldstart|move: Grassy Terrain|[from] ability: Grassy Surge|[of] p1a: Rillaboom
|-ability|p1b: Overqwil|Intimidate|boost
|-unboost|p2a: Tsareena|atk|1
|-unboost|p2b: Incineroar|atk|1
|-ability|p2b: Incineroar|Intimidate|boost
|-unboost|p1a: Rillaboom|atk|1
|-unboost|p1b: Overqwil|atk|1
|turn|1
|
|t:|1750726884
|move|p1a: Rillaboom|Fake Out||[still]
|cant|p2a: Tsareena|ability: Queenly Majesty|Fake Out|[of] p1a: Rillaboom
|move|p2a: Tsareena|Triple Axel|p1a: Rillaboom
|-supereffective|p1a: Rillaboom
|-damage|p1a: Rillaboom|90/100
|-supereffective|p1a: Rillaboom
|-damage|p1a: Rillaboom|72/100
|-supereffective|p1a: Rillaboom
|-damage|p1a: Rillaboom|46/100
|-hitcount|p1a: Rillaboom|3
|move|p1b: Overqwil|Toxic Spikes|p2a: Tsareena
|-sidestart|p2: AKrigger|move: Toxic Spikes
|move|p2b: Incineroar|Parting Shot|p1b: Overqwil
|-unboost|p1b: Overqwil|atk|1
|-unboost|p1b: Overqwil|spa|1
|
|t:|1750726901
|switch|p2b: Miraidon|Miraidon, L50|100/100|[from] Parting Shot
|-status|p2b: Miraidon|psn
|-fieldstart|move: Electric Terrain|[from] ability: Hadron Engine|[of] p2b: Miraidon
|
|-damage|p2b: Miraidon|88/100 psn|[from] psn
|upkeep
|turn|2
|l| beanxxbot
|inactive|zelisthatpeak has 30 seconds left.
|inactive|zelisthatpeak has 20 seconds left.
|inactive|zelisthatpeak has 15 seconds left.
|inactive|zelisthatpeak has 10 seconds left.
|
|t:|1750726950
|switch|p1a: Ting-Lu|Ting-Lu, L50|100/100
|-ability|p1a: Ting-Lu|Vessel of Ruin
|move|p2b: Miraidon|Volt Switch|p1b: Overqwil
|-damage|p1b: Overqwil|38/100
|
|t:|1750726962
|switch|p2b: Incineroar|Incineroar, L50, F, shiny|100/100|[from] Volt Switch
|-status|p2b: Incineroar|psn
|-ability|p2b: Incineroar|Intimidate|boost
|-unboost|p1a: Ting-Lu|atk|1
|-unboost|p1b: Overqwil|atk|1
|move|p2a: Tsareena|U-turn|p1b: Overqwil
|-damage|p1b: Overqwil|22/100
|
|t:|1750726973
|switch|p2a: Miraidon|Miraidon, L50|88/100 psn|[from] U-turn
|-activate|p2a: Miraidon|ability: Hadron Engine
|move|p1b: Overqwil|Barb Barrage|p2b: Incineroar
|-damage|p2b: Incineroar|83/100 psn
|
|-heal|p1b: Overqwil|28/100|[from] item: Black Sludge
|-damage|p2a: Miraidon|76/100 psn|[from] psn
|-damage|p2b: Incineroar|70/100 psn|[from] psn
|upkeep
|turn|3
|inactive|zelisthatpeak has 30 seconds left.
|
|t:|1750726999
|switch|p2a: Tsareena|Tsareena, L50, F, shiny|100/100
|-status|p2a: Tsareena|psn
|switch|p1b: Rillaboom|Rillaboom, L50, M|46/100
|-fieldstart|move: Grassy Terrain|[from] ability: Grassy Surge|[of] p1b: Rillaboom
|-terastallize|p1a: Ting-Lu|Fire
|move|p2b: Incineroar|Flare Blitz|p1b: Rillaboom
|-supereffective|p1b: Rillaboom
|-damage|p1b: Rillaboom|0 fnt
|faint|p1b: Rillaboom
|-damage|p2b: Incineroar|55/100 psn|[from] Recoil
|move|p1a: Ting-Lu|Earthquake|p2a: Tsareena|[spread] p2a,p2b
|-resisted|p2a: Tsareena
|-supereffective|p2b: Incineroar
|-damage|p2a: Tsareena|89/100 psn
|-damage|p2b: Incineroar|18/100 psn
|
|-heal|p2a: Tsareena|96/100 psn|[from] Grassy Terrain
|-heal|p2b: Incineroar|24/100 psn|[from] Grassy Terrain
|-damage|p2a: Tsareena|83/100 psn|[from] psn
|-damage|p2b: Incineroar|11/100 psn|[from] psn
|upkeep
|
|t:|1750727016
|switch|p1b: Overqwil|Overqwil, L50, M, shiny|28/100
|-ability|p1b: Overqwil|Intimidate|boost
|-unboost|p2a: Tsareena|atk|1
|-unboost|p2b: Incineroar|atk|1
|turn|4
|
|t:|1750727035
|move|p1b: Overqwil|Protect|p1b: Overqwil
|-singleturn|p1b: Overqwil|Protect
|move|p2a: Tsareena|Triple Axel|p1b: Overqwil
|-activate|p1b: Overqwil|move: Protect
|move|p2b: Incineroar|Parting Shot|p1a: Ting-Lu
|-unboost|p1a: Ting-Lu|atk|1
|-unboost|p1a: Ting-Lu|spa|1
|
|t:|1750727044
|switch|p2b: Miraidon|Miraidon, L50|76/100 psn|[from] Parting Shot
|-fieldstart|move: Electric Terrain|[from] ability: Hadron Engine|[of] p2b: Miraidon
|move|p1a: Ting-Lu|Earthquake|p2a: Tsareena|[spread] p2a,p2b
|-activate|p1b: Overqwil|move: Protect
|-resisted|p2a: Tsareena
|-supereffective|p2b: Miraidon
|-damage|p2a: Tsareena|67/100 psn
|-damage|p2b: Miraidon|26/100 psn
|
|-heal|p1b: Overqwil|34/100|[from] item: Black Sludge
|-damage|p2b: Miraidon|14/100 psn|[from] psn
|-damage|p2a: Tsareena|54/100 psn|[from] psn
|upkeep
|turn|5
|inactive|AKrigger has 30 seconds left.
|
|t:|1750727070
|move|p2b: Miraidon|Electro Drift|p1a: Ting-Lu
|-damage|p1a: Ting-Lu|28/100
|move|p2a: Tsareena|Triple Axel|p1b: Overqwil
|-damage|p1b: Overqwil|30/100
|-hitcount|p1b: Overqwil|1
|move|p1b: Overqwil|Barb Barrage|p2a: Tsareena
|-supereffective|p2a: Tsareena
|-damage|p2a: Tsareena|0 fnt
|faint|p2a: Tsareena
|move|p1a: Ting-Lu|Earthquake|p2b: Miraidon|[spread] p1b,p2b
|-supereffective|p1b: Overqwil
|-crit|p1b: Overqwil
|-supereffective|p2b: Miraidon
|-damage|p1b: Overqwil|0 fnt
|-damage|p2b: Miraidon|0 fnt
|faint|p1b: Overqwil
|faint|p2b: Miraidon
|
|upkeep
|
|t:|1750727087
|switch|p2b: Urshifu|Urshifu-Rapid-Strike, L50, M|100/100
|switch|p2a: Incineroar|Incineroar, L50, F, shiny|11/100 psn
|switch|p1b: Kyogre|Kyogre, L50|100/100
|-status|p2b: Urshifu|psn
|-weather|RainDance|[from] ability: Drizzle|[of] p1b: Kyogre
|-ability|p2a: Incineroar|Intimidate|boost
|-unboost|p1a: Ting-Lu|atk|1
|-unboost|p1b: Kyogre|atk|1
|turn|6
|inactive|AKrigger has 30 seconds left.
|
|t:|1750727117
|move|p1b: Kyogre|Protect|p1b: Kyogre
|-singleturn|p1b: Kyogre|Protect
|move|p2a: Incineroar|Fake Out|p1b: Kyogre
|-activate|p1b: Kyogre|move: Protect
|move|p2b: Urshifu|Close Combat|p1b: Kyogre
|-damage|p1b: Kyogre|19/100
|-unboost|p2b: Urshifu|def|1
|-unboost|p2b: Urshifu|spd|1
|move|p1a: Ting-Lu|Earthquake|p2b: Urshifu|[spread] p2a,p2b
|-activate|p1b: Kyogre|move: Protect
|-supereffective|p2a: Incineroar
|-damage|p2a: Incineroar|0 fnt
|-damage|p2b: Urshifu|71/100 psn
|faint|p2a: Incineroar
|
|-weather|RainDance|[upkeep]
|-damage|p2b: Urshifu|59/100 psn|[from] psn
|upkeep
|turn|7
|
|t:|1750727136
|move|p2b: Urshifu|Close Combat|p1b: Kyogre
|-damage|p1b: Kyogre|0 fnt
|-unboost|p2b: Urshifu|def|1
|-unboost|p2b: Urshifu|spd|1
|faint|p1b: Kyogre
|move|p1a: Ting-Lu|Earthquake|p2b: Urshifu
|-damage|p2b: Urshifu|0 fnt
|faint|p2b: Urshifu
|
|win|zelisthatpeak
|raw|zelisthatpeak's rating: 1159 &rarr; <strong>1183</strong><br />(+24 for winning)
|raw|AKrigger's rating: 1142 &rarr; <strong>1118</strong><br />(-24 for losing)
|c|☆zelisthatpeak|Gg
|l|☆AKrigger
|player|p2|
