|j|☆Carnivora 2025
|j|☆IlCuccu
|t:|1750792425
|gametype|doubles
|player|p1|Carnivora 2025|biker-gen4|1054
|player|p2|IlCuccu|blue|1104
|teamsize|p1|6
|teamsize|p2|6
|gen|9
|tier|[Gen 9] VGC 2025 Reg I
|rated|
|rule|Species Clause: Limit one of each Pokémon
|rule|Item Clause: Limit 1 of each item
|clearpoke
|poke|p1|Miraidon, L50|
|poke|p1|Terapagos, L50, M|
|poke|p1|Incineroar, L50, F|
|poke|p1|Amoonguss, L50, M|
|poke|p1|Whimsicott, L50, M|
|poke|p1|Urshifu-*, L50, F|
|poke|p2|Amoonguss, L50, F|
|poke|p2|Clefable, L50, M|
|poke|p2|Pelipper, L50, F|
|poke|p2|Landorus, L50, M|
|poke|p2|Volbeat, L50, M|
|poke|p2|Maushold-Four, L50|
|teampreview|4
|c|☆Carnivora 2025|do it
|
|t:|1750792496
|start
|switch|p1a: Miraidon|Miraidon, L50|100/100
|switch|p1b: Urshifu|Urshifu-Rapid-Strike, L50, F|100/100
|switch|p2a: Volbeat|Volbeat, L50, M|100/100
|switch|p2b: Maushold|Maushold-Four, L50|100/100
|-fieldstart|move: Electric Terrain|[from] ability: Hadron Engine|[of] p1a: Miraidon
|turn|1
|
|t:|1750792551
|move|p2a: Volbeat|Tailwind|p2a: Volbeat
|-sidestart|p2: IlCuccu|move: Tailwind
|move|p2b: Maushold|Population Bomb|p1a: Miraidon
|-damage|p1a: Miraidon|89/100
|-damage|p1a: Miraidon|78/100
|-damage|p1a: Miraidon|68/100
|-damage|p1a: Miraidon|56/100
|-damage|p1a: Miraidon|45/100
|-damage|p1a: Miraidon|35/100
|-damage|p1a: Miraidon|22/100
|-damage|p1a: Miraidon|11/100
|-damage|p1a: Miraidon|0 fnt
|faint|p1a: Miraidon
|-hitcount|p1: Miraidon|9
|move|p1b: Urshifu|Surging Strikes|p2b: Maushold
|-crit|p2b: Maushold
|-damage|p2b: Maushold|70/100
|-crit|p2b: Maushold
|-damage|p2b: Maushold|36/100
|-crit|p2b: Maushold
|-damage|p2b: Maushold|4/100
|-hitcount|p2b: Maushold|3
|
|upkeep
|
|t:|1750792575
|switch|p1a: Terapagos|Terapagos, L50, M|100/100
|-activate|p1a: Terapagos|ability: Tera Shift
|detailschange|p1a: Terapagos|Terapagos-Terastal, L50, M
|-heal|p1a: Terapagos|100/100|[silent]
|turn|2
|
|t:|1750792596
|move|p2a: Volbeat|Tail Glow|p2a: Volbeat
|-boost|p2a: Volbeat|spa|3
|move|p1b: Urshifu|Aqua Jet|p2b: Maushold
|-damage|p2b: Maushold|0 fnt
|faint|p2b: Maushold
|move|p1a: Terapagos|Calm Mind|p1a: Terapagos
|-boost|p1a: Terapagos|spa|1
|-boost|p1a: Terapagos|spd|1
|
|upkeep
|
|t:|1750792607
|switch|p2b: Amoonguss|Amoonguss, L50, F|100/100
|turn|3
|
|t:|1750792627
|-terastallize|p1a: Terapagos|Stellar
|detailschange|p1a: Terapagos|Terapagos-Stellar, L50, M, tera:Stellar
|-heal|p1a: Terapagos|100/100|[silent]
|-ability|p1a: Terapagos|Teraform Zero
|-fieldend|move: Electric Terrain
|move|p2b: Amoonguss|Rage Powder|p2b: Amoonguss
|-singleturn|p2b: Amoonguss|move: Rage Powder
|move|p2a: Volbeat|Encore|p1a: Terapagos
|-start|p1a: Terapagos|Encore
|move|p1b: Urshifu|Surging Strikes|p2b: Amoonguss
|-resisted|p2b: Amoonguss
|-crit|p2b: Amoonguss
|-damage|p2b: Amoonguss|92/100
|-damage|p1b: Urshifu|84/100|[from] item: Rocky Helmet|[of] p2b: Amoonguss
|-resisted|p2b: Amoonguss
|-crit|p2b: Amoonguss
|-damage|p2b: Amoonguss|84/100
|-damage|p1b: Urshifu|67/100|[from] item: Rocky Helmet|[of] p2b: Amoonguss
|-resisted|p2b: Amoonguss
|-crit|p2b: Amoonguss
|-damage|p2b: Amoonguss|75/100
|-damage|p1b: Urshifu|51/100|[from] item: Rocky Helmet|[of] p2b: Amoonguss
|-hitcount|p2b: Amoonguss|3
|move|p1a: Terapagos|Calm Mind|p1a: Terapagos
|-boost|p1a: Terapagos|spa|1
|-boost|p1a: Terapagos|spd|1
|
|upkeep
|turn|4
|
|t:|1750792656
|move|p1b: Urshifu|Detect|p1b: Urshifu
|-singleturn|p1b: Urshifu|Protect
|move|p2b: Amoonguss|Rage Powder|p2b: Amoonguss
|-singleturn|p2b: Amoonguss|move: Rage Powder
|move|p2a: Volbeat|Baton Pass|p2a: Volbeat
|
|t:|1750792665
|switch|p2a: Landorus|Landorus, L50, M|100/100|[from] Baton Pass
|move|p1a: Terapagos|Calm Mind|p1a: Terapagos
|-boost|p1a: Terapagos|spa|1
|-boost|p1a: Terapagos|spd|1
|
|-sideend|p2: IlCuccu|move: Tailwind
|upkeep
|turn|5
|
|t:|1750792684
|move|p2b: Amoonguss|Rage Powder|p2b: Amoonguss
|-singleturn|p2b: Amoonguss|move: Rage Powder
|move|p2a: Landorus|Sandsear Storm|p1a: Terapagos|[spread] p1a,p1b
|-crit|p1a: Terapagos
|-damage|p1a: Terapagos|0 fnt
|-damage|p1b: Urshifu|0 fnt
|faint|p1a: Terapagos
|detailschange|p1: Terapagos|Terapagos, L50, M|[silent]
|faint|p1b: Urshifu
|
|upkeep
|-message|Carnivora 2025 forfeited.
|
|win|IlCuccu
|raw|Carnivora 2025's rating: 1054 &rarr; <strong>1038</strong><br />(-16 for losing)
|raw|IlCuccu's rating: 1104 &rarr; <strong>1125</strong><br />(+21 for winning)
|l|☆Carnivora 2025
|player|p1|
