|j|☆Jackbouncy
|j|☆Blu94
|t:|1750854678
|gametype|doubles
|player|p1|Jackbouncy|266|1423
|player|p2|Blu94|266|1346
|teamsize|p1|6
|teamsize|p2|6
|gen|9
|tier|[Gen 9] VGC 2025 Reg I
|rated|
|rule|Species Clause: Limit one of each Pokémon
|rule|Item Clause: Limit 1 of each item
|clearpoke
|poke|p1|Calyrex-Shadow, L50|
|poke|p1|Zamazenta-*, L50|
|poke|p1|Raging Bolt, L50|
|poke|p1|Rillaboom, L50, F|
|poke|p1|Tornadus, L50, M|
|poke|p1|Smeargle, L50, M|
|poke|p2|Zacian-*, L50|
|poke|p2|Miraidon, L50|
|poke|p2|Pelipper, L50, M|
|poke|p2|Whimsicott, L50, M|
|poke|p2|Urshifu-*, L50, M|
|poke|p2|Okidogi, L50, M|
|teampreview|4
Blu94 rejected open team sheets.
|inactive|Battle timer is ON: inactive players will automatically lose when time's up. (requested by Jackbouncy)
|
|t:|1750854718
|start
|switch|p1a: Calyrex|Calyrex-Shadow, L50|100/100
|switch|p1b: Smeargle|Smeargle, L50, M|100/100
|switch|p2a: Whimsicott|Whimsicott, L50, M|100/100
|switch|p2b: Urshifu|Urshifu, L50, M|100/100
|-ability|p1a: Calyrex|As One
|-ability|p1a: Calyrex|Unnerve
|turn|1
|inactive|Jackbouncy has 30 seconds left.
|inactive|Blu94 has 30 seconds left.
|inactive|Jackbouncy has 20 seconds left.
|inactive|Jackbouncy has 15 seconds left.
|
|t:|1750854762
|switch|p1a: Zamazenta|Zamazenta-Crowned, L50|100/100
|-ability|p1a: Zamazenta|Dauntless Shield|boost
|-boost|p1a: Zamazenta|def|1
|move|p2a: Whimsicott|Tailwind|p2a: Whimsicott
|-sidestart|p2: Blu94|move: Tailwind
|move|p2b: Urshifu|Wicked Blow|p1a: Zamazenta
|-resisted|p1a: Zamazenta
|-crit|p1a: Zamazenta
|-damage|p1a: Zamazenta|80/100
|move|p1b: Smeargle|Spore|p2b: Urshifu
|-status|p2b: Urshifu|slp|[from] move: Spore
|
|-ability|p1b: Smeargle|Moody|boost
|-boost|p1b: Smeargle|atk|2
|-unboost|p1b: Smeargle|spd|1
|upkeep
|turn|2
|inactive|Jackbouncy has 30 seconds left.
|
|t:|1750854788
|switch|p1b: Rillaboom|Rillaboom, L50, F|100/100
|-fieldstart|move: Grassy Terrain|[from] ability: Grassy Surge|[of] p1b: Rillaboom
|move|p2a: Whimsicott|Encore||[still]
|-fail|p2a: Whimsicott
|cant|p2b: Urshifu|slp
|move|p1a: Zamazenta|Body Press|p2b: Urshifu
|-supereffective|p2b: Urshifu
|-damage|p2b: Urshifu|0 fnt
|faint|p2b: Urshifu
|
|-heal|p1a: Zamazenta|86/100|[from] Grassy Terrain
|upkeep
|
|t:|1750854809
|switch|p2b: Okidogi|Okidogi, L50, M|100/100
|turn|3
|inactive|Blu94 has 30 seconds left.
|inactive|Blu94 has 20 seconds left.
|
|t:|1750854846
|switch|p2a: Zacian|Zacian-Crowned, L50|100/100
|-ability|p2a: Zacian|Intrepid Sword|boost
|-boost|p2a: Zacian|atk|1
|move|p1b: Rillaboom|Fake Out|p2b: Okidogi
|-damage|p2b: Okidogi|91/100
|cant|p2b: Okidogi|flinch
|move|p1a: Zamazenta|Heavy Slam|p2a: Zacian
|-damage|p2a: Zacian|80/100
|
|-heal|p2a: Zacian|86/100|[from] Grassy Terrain
|-heal|p2b: Okidogi|97/100|[from] Grassy Terrain
|-heal|p1a: Zamazenta|92/100|[from] Grassy Terrain
|upkeep
|turn|4
|inactive|Blu94 has 30 seconds left.
|
|t:|1750854876
|move|p1a: Zamazenta|Protect|p1a: Zamazenta
|-singleturn|p1a: Zamazenta|Protect
|move|p2a: Zacian|Sacred Sword|p1a: Zamazenta
|-activate|p1a: Zamazenta|move: Protect
|move|p2b: Okidogi|Poison Jab|p1b: Rillaboom
|-supereffective|p1b: Rillaboom
|-crit|p1b: Rillaboom
|-damage|p1b: Rillaboom|0 fnt
|faint|p1b: Rillaboom
|
|-heal|p2a: Zacian|92/100|[from] Grassy Terrain
|-heal|p2b: Okidogi|100/100|[from] Grassy Terrain
|-heal|p1a: Zamazenta|98/100|[from] Grassy Terrain
|-sideend|p2: Blu94|move: Tailwind
|upkeep
|
|t:|1750854891
|switch|p1b: Calyrex|Calyrex-Shadow, L50|100/100
|-ability|p1b: Calyrex|As One
|-ability|p1b: Calyrex|Unnerve
|turn|5
|
|t:|1750854913
|-terastallize|p1a: Zamazenta|Grass
|move|p2a: Zacian|Protect|p2a: Zacian
|-singleturn|p2a: Zacian|Protect
|move|p1b: Calyrex|Psychic|p2b: Okidogi
|-supereffective|p2b: Okidogi
|-damage|p2b: Okidogi|0 fnt
|faint|p2b: Okidogi
|-ability|p1b: Calyrex|Grim Neigh|boost
|-boost|p1b: Calyrex|spa|1
|-damage|p1b: Calyrex|91/100|[from] item: Life Orb
|move|p1a: Zamazenta|Body Press|p2a: Zacian
|-activate|p2a: Zacian|move: Protect
|
|-heal|p1b: Calyrex|96/100|[from] Grassy Terrain
|-heal|p2a: Zacian|98/100|[from] Grassy Terrain
|-heal|p1a: Zamazenta|100/100|[from] Grassy Terrain
|upkeep
|
|t:|1750854927
|switch|p2b: Whimsicott|Whimsicott, L50, M|100/100
|turn|6
|
|t:|1750854947
|move|p1b: Calyrex|Protect|p1b: Calyrex
|-singleturn|p1b: Calyrex|Protect
|move|p2b: Whimsicott|Tailwind|p2b: Whimsicott
|-sidestart|p2: Blu94|move: Tailwind
|move|p2a: Zacian|Behemoth Blade|p1b: Calyrex
|-activate|p1b: Calyrex|move: Protect
|move|p1a: Zamazenta|Heavy Slam|p2b: Whimsicott
|-supereffective|p2b: Whimsicott
|-damage|p2b: Whimsicott|20/100
|
|-heal|p2a: Zacian|100/100|[from] Grassy Terrain
|-heal|p2b: Whimsicott|26/100|[from] Grassy Terrain
|-heal|p1b: Calyrex|100/100|[from] Grassy Terrain
|-fieldend|move: Grassy Terrain
|upkeep
|turn|7
|
|t:|1750854970
|switch|p1b: Smeargle|Smeargle, L50, M|100/100
|-terastallize|p2a: Zacian|Stellar
|move|p2a: Zacian|Behemoth Blade|p1a: Zamazenta
|-damage|p1a: Zamazenta|64/100
|move|p2b: Whimsicott|Moonblast|p1a: Zamazenta
|-damage|p1a: Zamazenta|45/100
|-unboost|p1a: Zamazenta|spa|1
|move|p1a: Zamazenta|Heavy Slam|p2b: Whimsicott
|-supereffective|p2b: Whimsicott
|-damage|p2b: Whimsicott|0 fnt
|faint|p2b: Whimsicott
|
|-ability|p1b: Smeargle|Moody|boost
|-boost|p1b: Smeargle|def|2
|-unboost|p1b: Smeargle|spe|1
|upkeep
|turn|8
|-message|Blu94 forfeited.
|
|win|Jackbouncy
|raw|Jackbouncy's rating: 1423 &rarr; <strong>1439</strong><br />(+16 for winning)
|raw|Blu94's rating: 1346 &rarr; <strong>1330</strong><br />(-16 for losing)
|l|☆Blu94
|player|p2|
|l|☆Jackbouncy
|player|p1|
