|j|☆MigraineMan
|j|☆drakkulll
|t:|1750802503
|gametype|doubles
|player|p1|MigraineMan|170|1301
|player|p2|drakkulll|giovanni|1319
|teamsize|p1|6
|teamsize|p2|6
|gen|9
|tier|[Gen 9] VGC 2025 Reg I
|rated|
|rule|Species Clause: Limit one of each Pokémon
|rule|Item Clause: Limit 1 of each item
|clearpoke
|poke|p1|Calyrex-Shadow, L50|
|poke|p1|Electabuzz, L50, M|
|poke|p1|Whimsicott, L50, M|
|poke|p1|Chi-Yu, L50|
|poke|p1|Koraidon, L50|
|poke|p1|Clodsire, L50, F|
|poke|p2|Mightyena, L50, M|
|poke|p2|Lunala, L50|
|poke|p2|Groudon, L50|
|poke|p2|Raging Bolt, L50|
|poke|p2|Chi-Yu, L50|
|poke|p2|Rillaboom, L50, F|
|teampreview|4
|
|t:|1750802562
|start
|switch|p1a: Koraidon|Koraidon, L50|100/100
|switch|p1b: Chi-Yu|Chi-Yu, L50|100/100
|switch|p2a: Jesus|Lunala, L50|100/100
|switch|p2b: Cthulu|Mightyena, L50, M|100/100
|-ability|p1b: Chi-Yu|Beads of Ruin
|-weather|SunnyDay|[from] ability: Orichalcum Pulse|[of] p1a: Koraidon
|-activate|p1a: Koraidon|Orichalcum Pulse|[source]
|-ability|p2b: Cthulu|Intimidate|boost
|-unboost|p1a: Koraidon|atk|1
|-unboost|p1b: Chi-Yu|atk|1
|turn|1
|inactive|Battle timer is ON: inactive players will automatically lose when time's up. (requested by drakkulll)
|inactive|drakkulll has 60 seconds left.
|
|t:|1750802596
|move|p1b: Chi-Yu|Snarl|p2b: Cthulu|[spread] p2a,p2b
|-supereffective|p2a: Jesus
|-resisted|p2b: Cthulu
|-damage|p2a: Jesus|58/100
|-damage|p2b: Cthulu|83/100
|-unboost|p2a: Jesus|spa|1
|move|p1a: Koraidon|Close Combat|p2b: Cthulu
|-supereffective|p2b: Cthulu
|-damage|p2b: Cthulu|0 fnt
|-unboost|p1a: Koraidon|def|1
|-unboost|p1a: Koraidon|spd|1
|faint|p2b: Cthulu
|-damage|p1a: Koraidon|91/100|[from] item: Life Orb
|move|p2a: Jesus|Trick Room|p2a: Jesus
|-fieldstart|move: Trick Room|[of] p2a: Jesus
|
|-weather|SunnyDay|[upkeep]
|upkeep
|
|t:|1750802614
|switch|p2b: Behemoth|Groudon, L50|100/100
|turn|2
|
|t:|1750802629
|move|p1a: Koraidon|Protect|p1a: Koraidon
|-singleturn|p1a: Koraidon|Protect
|move|p2b: Behemoth|Precipice Blades|p1b: Chi-Yu|[spread] p1b
|-activate|p1a: Koraidon|move: Protect
|-supereffective|p1b: Chi-Yu
|-damage|p1b: Chi-Yu|0 fnt
|faint|p1b: Chi-Yu
|-damage|p2b: Behemoth|91/100|[from] item: Life Orb
|move|p2a: Jesus|Meteor Beam||[still]
|-prepare|p2a: Jesus|Meteor Beam
|-boost|p2a: Jesus|spa|1
|-enditem|p2a: Jesus|Power Herb
|-anim|p2a: Jesus|Meteor Beam|p1a: Koraidon
|-activate|p1a: Koraidon|move: Protect
|
|-weather|SunnyDay|[upkeep]
|upkeep
|
|t:|1750802641
|switch|p1b: Electabuzz|Electabuzz, L50, M, shiny|100/100
|turn|3
|
|t:|1750802666
|-terastallize|p1b: Electabuzz|Water
|move|p2b: Behemoth|Protect|p2b: Behemoth
|-singleturn|p2b: Behemoth|Protect
|move|p1b: Electabuzz|Follow Me|p1b: Electabuzz
|-singleturn|p1b: Electabuzz|move: Follow Me
|move|p2a: Jesus|Moongeist Beam|p1b: Electabuzz
|-damage|p1b: Electabuzz|56/100
|move|p1a: Koraidon|Flare Blitz|p2a: Jesus
|-damage|p2a: Jesus|4/100
|-damage|p1a: Koraidon|69/100|[from] Recoil
|-damage|p1a: Koraidon|60/100|[from] item: Life Orb
|
|-weather|SunnyDay|[upkeep]
|upkeep
|turn|4
|inactive|MigraineMan has 30 seconds left.
|
|t:|1750802693
|move|p1a: Koraidon|Protect|p1a: Koraidon
|-singleturn|p1a: Koraidon|Protect
|move|p2b: Behemoth|Precipice Blades|p1a: Koraidon|[spread] p1b
|-activate|p1a: Koraidon|move: Protect
|-damage|p1b: Electabuzz|0 fnt
|faint|p1b: Electabuzz
|-damage|p2b: Behemoth|81/100|[from] item: Life Orb
|move|p2a: Jesus|Moongeist Beam|p1a: Koraidon
|-activate|p1a: Koraidon|move: Protect
|
|-weather|SunnyDay|[upkeep]
|upkeep
|
|t:|1750802700
|switch|p1b: Calyrex|Calyrex-Shadow, L50|100/100
|-ability|p1b: Calyrex|As One
|-ability|p1b: Calyrex|Unnerve
|turn|5
|-message|MigraineMan forfeited.
|
|win|drakkulll
|raw|MigraineMan's rating: 1301 &rarr; <strong>1282</strong><br />(-19 for losing)
|raw|drakkulll's rating: 1319 &rarr; <strong>1338</strong><br />(+19 for winning)
|l|☆MigraineMan
|player|p1|
|l|☆drakkulll
|player|p2|
