|j|☆SkillerRBR
|j|☆DivinesilaPatrick
|t:|1750720525
|gametype|doubles
|player|p1|SkillerRBR|lucas|1186
|player|p2|DivinesilaPatrick|1|1221
|teamsize|p1|6
|teamsize|p2|6
|gen|9
|tier|[Gen 9] VGC 2025 Reg I
|rated|
|rule|Species Clause: Limit one of each Pokémon
|rule|Item Clause: Limit 1 of each item
|clearpoke
|poke|p1|Miraidon, L50|
|poke|p1|Ho-Oh, L50|
|poke|p1|Iron Treads, L50|
|poke|p1|Farigiraf, L50, F|
|poke|p1|Iron Bundle, L50|
|poke|p1|Iron Hands, L50|
|poke|p2|Miraidon, L50|
|poke|p2|Iron Hands, L50|
|poke|p2|Farigiraf, L50, M|
|poke|p2|Calyrex-Ice, L50|
|poke|p2|Rillaboom, L50, M|
|poke|p2|Heatran, L50, M|
|teampreview|4
|
|t:|1750720554
|start
|switch|p1a: Miraidon|Miraidon, L50|100/100
|switch|p1b: Iron Treads|Iron Treads, L50|100/100
|switch|p2a: Gojo|Miraidon, L50|100/100
|switch|p2b: Nanami|Farigiraf, L50, M, shiny|100/100
|-fieldstart|move: Electric Terrain|[from] ability: Hadron Engine|[of] p1a: Miraidon
|-activate|p1b: Iron Treads|ability: Quark Drive
|-start|p1b: Iron Treads|quarkdrivespe
|-enditem|p2b: Nanami|Electric Seed
|-boost|p2b: Nanami|def|1|[from] item: Electric Seed
|-activate|p2a: Gojo|ability: Hadron Engine
|turn|1
|inactive|Battle timer is ON: inactive players will automatically lose when time's up. (requested by DivinesilaPatrick)
|inactive|SkillerRBR also wants the timer to be on.
|
|t:|1750720572
|switch|p2a: Rillaboom|Rillaboom, L50, M, shiny|100/100
|-fieldstart|move: Grassy Terrain|[from] ability: Grassy Surge|[of] p2a: Rillaboom
|-end|p1b: Iron Treads|Quark Drive
|-enditem|p2a: Rillaboom|Grassy Seed
|-boost|p2a: Rillaboom|def|1|[from] item: Grassy Seed
|-terastallize|p2b: Nanami|Ground
|move|p1a: Miraidon|Volt Switch|p2b: Nanami
|-immune|p2b: Nanami
|move|p1b: Iron Treads|High Horsepower|p2a: Rillaboom
|-resisted|p2a: Rillaboom
|-damage|p2a: Rillaboom|81/100
|-damage|p1b: Iron Treads|91/100|[from] item: Life Orb
|move|p2b: Nanami|Trick Room|p2b: Nanami
|-fieldstart|move: Trick Room|[of] p2b: Nanami
|
|-heal|p2a: Rillaboom|87/100|[from] Grassy Terrain
|-heal|p1b: Iron Treads|97/100|[from] Grassy Terrain
|upkeep
|turn|2
|inactive|SkillerRBR has 30 seconds left.
|inactive|DivinesilaPatrick has 30 seconds left.
|inactive|SkillerRBR has 20 seconds left.
|
|t:|1750720611
|switch|p1a: Iron Hands|Iron Hands, L50|100/100
|move|p2a: Rillaboom|Fake Out|p1a: Iron Hands
|-damage|p1a: Iron Hands|90/100
|move|p2b: Nanami|Tera Blast|p1a: Iron Hands|[anim] Tera Blast Ground
|-supereffective|p1a: Iron Hands
|-damage|p1a: Iron Hands|62/100
|move|p1b: Iron Treads|Knock Off|p2a: Rillaboom
|-damage|p2a: Rillaboom|70/100
|-damage|p1b: Iron Treads|87/100|[from] item: Life Orb
|
|-heal|p1a: Iron Hands|68/100|[from] Grassy Terrain
|-heal|p2a: Rillaboom|77/100|[from] Grassy Terrain
|-heal|p1b: Iron Treads|93/100|[from] Grassy Terrain
|upkeep
|turn|3
|inactive|DivinesilaPatrick has 30 seconds left.
|inactive|SkillerRBR has 30 seconds left.
|inactive|SkillerRBR has 20 seconds left.
|inactive|SkillerRBR has 15 seconds left.
|inactive|SkillerRBR has 10 seconds left.
|inactive|SkillerRBR has 5 seconds left.
|
|t:|1750720668
|move|p1a: Iron Hands|Drain Punch|p2a: Rillaboom
|-damage|p2a: Rillaboom|48/100
|-heal|p1a: Iron Hands|80/100|[from] drain|[of] p2a: Rillaboom
|move|p2b: Nanami|Tera Blast|p1a: Iron Hands|[anim] Tera Blast Ground
|-supereffective|p1a: Iron Hands
|-damage|p1a: Iron Hands|53/100
|move|p2a: Rillaboom|Knock Off|p1a: Iron Hands
|-resisted|p1a: Iron Hands
|-damage|p1a: Iron Hands|41/100
|-enditem|p1a: Iron Hands|Assault Vest|[from] move: Knock Off|[of] p2a: Rillaboom
|move|p1b: Iron Treads|Steel Roller|p2a: Rillaboom
|-damage|p2a: Rillaboom|0 fnt
|-fieldend|move: Grassy Terrain
|faint|p2a: Rillaboom
|-damage|p1b: Iron Treads|84/100|[from] item: Life Orb
|
|upkeep
|
|t:|1750720686
|switch|p2a: Sukana|Calyrex-Ice, L50|100/100
|-ability|p2a: Sukana|As One
|-ability|p2a: Sukana|Unnerve
|turn|4
|
|t:|1750720699
|move|p2a: Sukana|Protect|p2a: Sukana
|-singleturn|p2a: Sukana|Protect
|move|p1a: Iron Hands|Low Kick|p2a: Sukana
|-activate|p2a: Sukana|move: Protect
|move|p2b: Nanami|Tera Blast|p1a: Iron Hands|[anim] Tera Blast Ground
|-supereffective|p1a: Iron Hands
|-damage|p1a: Iron Hands|0 fnt
|faint|p1a: Iron Hands
|-end|p1a: Iron Hands|Quark Drive|[silent]
|move|p1b: Iron Treads|Knock Off|p2a: Sukana
|-activate|p2a: Sukana|move: Protect
|
|upkeep
|
|t:|1750720704
|switch|p1a: Ho-Oh|Ho-Oh, L50|100/100
|turn|5
|
|t:|1750720726
|move|p1a: Ho-Oh|Sacred Fire|p2a: Sukana
|-supereffective|p2a: Sukana
|-damage|p2a: Sukana|34/100
|-status|p2a: Sukana|brn
|move|p1b: Iron Treads|High Horsepower|p2a: Sukana|[miss]
|-miss|p1b: Iron Treads|p2a: Sukana
|move|p2b: Nanami|Trick Room|p2b: Nanami
|-fieldend|move: Trick Room
|move|p2a: Sukana|Trick Room|p2a: Sukana
|-fieldstart|move: Trick Room|[of] p2a: Sukana
|
|-damage|p2a: Sukana|28/100 brn|[from] brn
|upkeep
|turn|6
|
|t:|1750720743
|move|p2b: Nanami|Tera Blast|p1b: Iron Treads|[anim] Tera Blast Ground
|-supereffective|p1b: Iron Treads
|-damage|p1b: Iron Treads|0 fnt
|faint|p1b: Iron Treads
|-end|p1b: Iron Treads|Quark Drive|[silent]
|move|p2a: Sukana|Glacial Lance|p1a: Ho-Oh
|-damage|p1a: Ho-Oh|71/100
|move|p1a: Ho-Oh|Sacred Fire|p2a: Sukana
|-supereffective|p2a: Sukana
|-damage|p2a: Sukana|0 fnt
|faint|p2a: Sukana
|
|upkeep
|
|t:|1750720751
|switch|p2a: Gojo|Miraidon, L50|100/100
|switch|p1b: Miraidon|Miraidon, L50|100/100
|-fieldstart|move: Electric Terrain|[from] ability: Hadron Engine|[of] p2a: Gojo
|-activate|p1b: Miraidon|ability: Hadron Engine
|turn|7
|inactive|SkillerRBR has 30 seconds left.
|
|t:|1750720779
|-terastallize|p1b: Miraidon|Fairy
|move|p2b: Nanami|Tera Blast|p1b: Miraidon|[anim] Tera Blast Ground
|-damage|p1b: Miraidon|71/100
|move|p1a: Ho-Oh|Brave Bird|p2a: Gojo
|-resisted|p2a: Gojo
|-damage|p2a: Gojo|72/100
|-damage|p1a: Ho-Oh|62/100|[from] Recoil
|move|p2a: Gojo|Parabolic Charge|p1b: Miraidon|[spread] p1a,p1b
|-immune|p2b: Nanami
|-supereffective|p1a: Ho-Oh
|-damage|p1a: Ho-Oh|0 fnt
|-heal|p2a: Gojo|100/100|[from] drain|[of] p1a: Ho-Oh
|-damage|p1b: Miraidon|8/100
|faint|p1a: Ho-Oh
|move|p1b: Miraidon|Dazzling Gleam|p2a: Gojo|[spread] p2a,p2b
|-supereffective|p2a: Gojo
|-crit|p2a: Gojo
|-damage|p2a: Gojo|0 fnt
|-damage|p2b: Nanami|48/100
|faint|p2a: Gojo
|
|upkeep
|turn|8
|
|t:|1750720800
|move|p2b: Nanami|Psychic Noise|p1b: Miraidon
|-damage|p1b: Miraidon|0 fnt
|faint|p1b: Miraidon
|
|win|DivinesilaPatrick
|raw|SkillerRBR's rating: 1186 &rarr; <strong>1164</strong><br />(-22 for losing)
|raw|DivinesilaPatrick's rating: 1221 &rarr; <strong>1243</strong><br />(+22 for winning)
|l|☆SkillerRBR
|player|p1|
