|j|☆Buzznitar
|j|☆kedeke
|t:|1750832326
|gametype|doubles
|player|p1|Buzznitar|hilbert-wonderlauncher|1065
|player|p2|kedeke|1|1158
|teamsize|p1|6
|teamsize|p2|6
|gen|9
|tier|[Gen 9] VGC 2025 Reg I
|rated|
|rule|Species Clause: Limit one of each Pokémon
|rule|Item Clause: Limit 1 of each item
|clearpoke
|poke|p1|Incineroar, L50, F|
|poke|p1|Miraidon, L50|
|poke|p1|Terapagos, L50, M|
|poke|p1|Chi-Yu, L50|
|poke|p1|Whimsicott, L50, F|
|poke|p1|Skeledirge, L50, M|
|poke|p2|Miraidon, L50|
|poke|p2|Urshifu-*, L50, F|
|poke|p2|Incineroar, L50, F|
|poke|p2|Calyrex-Ice, L50|
|poke|p2|Rillaboom, L50, F|
|poke|p2|Iron Hands, L50|
|teampreview|4
|
|t:|1750832348
|start
|switch|p1a: Whimsicott|Whimsicott, L50, F|100/100
|switch|p1b: Skeledirge|Skeledirge, L50, M|100/100
|switch|p2a: Calyrex|Calyrex-Ice, L50|100/100
|switch|p2b: Incineroar|Incineroar, L50, F|100/100
|-ability|p2a: Calyrex|As One
|-ability|p2a: Calyrex|Unnerve
|-ability|p2b: Incineroar|Intimidate|boost
|-unboost|p1a: Whimsicott|atk|1
|-unboost|p1b: Skeledirge|atk|1
|turn|1
|
|t:|1750832382
|-terastallize|p2a: Calyrex|Fire
|move|p2b: Incineroar|Fake Out|p1a: Whimsicott
|-damage|p1a: Whimsicott|87/100
|-damage|p2b: Incineroar|84/100|[from] item: Rocky Helmet|[of] p1a: Whimsicott
|cant|p1a: Whimsicott|flinch
|move|p1b: Skeledirge|Torch Song|p2a: Calyrex
|-resisted|p2a: Calyrex
|-damage|p2a: Calyrex|87/100
|-boost|p1b: Skeledirge|spa|1
|move|p2a: Calyrex|Trick Room|p2a: Calyrex
|-fieldstart|move: Trick Room|[of] p2a: Calyrex
|
|upkeep
|turn|2
|
|t:|1750832407
|move|p1a: Whimsicott|Helping Hand|p1b: Skeledirge
|-singleturn|p1b: Skeledirge|Helping Hand|[of] p1a: Whimsicott
|move|p2a: Calyrex|Glacial Lance|p1b: Skeledirge|[spread] p1a,p1b
|-supereffective|p1a: Whimsicott
|-resisted|p1b: Skeledirge
|-damage|p1a: Whimsicott|0 fnt
|-damage|p1b: Skeledirge|78/100
|faint|p1a: Whimsicott
|-ability|p2a: Calyrex|Chilling Neigh|boost
|-boost|p2a: Calyrex|atk|1
|move|p2b: Incineroar|Knock Off|p1b: Skeledirge
|-supereffective|p1b: Skeledirge
|-damage|p1b: Skeledirge|0 fnt
|-enditem|p1b: Skeledirge|Leftovers|[from] move: Knock Off|[of] p2b: Incineroar
|faint|p1b: Skeledirge
|
|upkeep
|
|t:|1750832423
|switch|p1b: Chi-Yu|Chi-Yu, L50|100/100
|switch|p1a: Terapagos|Terapagos, L50, M|100/100
|-activate|p1a: Terapagos|ability: Tera Shift
|detailschange|p1a: Terapagos|Terapagos-Terastal, L50, M
|-heal|p1a: Terapagos|100/100|[silent]
|-ability|p1b: Chi-Yu|Beads of Ruin
|turn|3
|
|t:|1750832436
|-terastallize|p1a: Terapagos|Stellar
|detailschange|p1a: Terapagos|Terapagos-Stellar, L50, M, tera:Stellar
|-heal|p1a: Terapagos|100/100|[silent]
|move|p1b: Chi-Yu|Protect|p1b: Chi-Yu
|-singleturn|p1b: Chi-Yu|Protect
|move|p2a: Calyrex|High Horsepower|p1b: Chi-Yu
|-activate|p1b: Chi-Yu|move: Protect
|move|p2b: Incineroar|Parting Shot|p1a: Terapagos
|-unboost|p1a: Terapagos|atk|1
|-unboost|p1a: Terapagos|spa|1
|
|t:|1750832448
|switch|p2b: Iron Hands|Iron Hands, L50|100/100|[from] Parting Shot
|move|p1a: Terapagos|Tera Starstorm|p2a: Calyrex|[spread] p2a,p2b
|-supereffective|p2a: Calyrex
|-damage|p2a: Calyrex|36/100
|-damage|p2b: Iron Hands|78/100
|
|upkeep
|turn|4
|
|t:|1750832459
|move|p2b: Iron Hands|Fake Out|p1a: Terapagos
|-damage|p1a: Terapagos|91/100
|move|p2a: Calyrex|High Horsepower|p1b: Chi-Yu
|-supereffective|p1b: Chi-Yu
|-enditem|p1b: Chi-Yu|Focus Sash
|-damage|p1b: Chi-Yu|1/100
|cant|p1a: Terapagos|flinch
|move|p1b: Chi-Yu|Heat Wave|p2a: Calyrex|[spread] p2b
|-miss|p1b: Chi-Yu|p2a: Calyrex
|-damage|p2b: Iron Hands|48/100
|
|upkeep
|turn|5
|
|t:|1750832473
|move|p1b: Chi-Yu|Protect|p1b: Chi-Yu
|-singleturn|p1b: Chi-Yu|Protect
|move|p2a: Calyrex|Glacial Lance|p1a: Terapagos|[spread] p1a
|-activate|p1b: Chi-Yu|move: Protect
|-damage|p1a: Terapagos|50/100
|move|p2b: Iron Hands|Drain Punch|p1a: Terapagos
|-supereffective|p1a: Terapagos
|-damage|p1a: Terapagos|0 fnt
|-heal|p2b: Iron Hands|70/100|[from] drain|[of] p1a: Terapagos
|faint|p1a: Terapagos
|detailschange|p1: Terapagos|Terapagos, L50, M|[silent]
|
|-fieldend|move: Trick Room
|upkeep
|turn|6
|
|t:|1750832499
|move|p1b: Chi-Yu|Overheat|p2a: Calyrex
|-resisted|p2a: Calyrex
|-damage|p2a: Calyrex|2/100
|-unboost|p1b: Chi-Yu|spa|2
|move|p2b: Iron Hands|Drain Punch|p1b: Chi-Yu
|-supereffective|p1b: Chi-Yu
|-damage|p1b: Chi-Yu|0 fnt
|-heal|p2b: Iron Hands|70/100|[from] drain|[of] p1b: Chi-Yu
|faint|p1b: Chi-Yu
|
|win|kedeke
|raw|Buzznitar's rating: 1065 &rarr; <strong>1050</strong><br />(-15 for losing)
|raw|kedeke's rating: 1158 &rarr; <strong>1176</strong><br />(+18 for winning)
|l|☆kedeke
|player|p2|
|l|☆Buzznitar
|player|p1|
