|j|☆lil lupetto
|j|☆dr.glaedun
|t:|1750795948
|gametype|doubles
|player|p1|lil lupetto|101|1123
|player|p2|dr.glaedun|gentleman|1090
|teamsize|p1|6
|teamsize|p2|6
|gen|9
|tier|[Gen 9] VGC 2025 Reg I
|rated|
|rule|Species Clause: Limit one of each Pokémon
|rule|Item Clause: Limit 1 of each item
|clearpoke
|poke|p1|Raichu, L50, F|
|poke|p1|Oricorio-Pom-Pom, L50, F|
|poke|p1|Volcarona, L50, F|
|poke|p1|Miraidon, L50|
|poke|p1|Exeggutor, L50, F|
|poke|p1|Groudon, L50|
|poke|p2|Amoonguss, L50, F|
|poke|p2|Moltres-Galar, L50|
|poke|p2|Urshifu-*, L50, M|
|poke|p2|Tornadus, L50, M|
|poke|p2|Kyogre, L50|
|poke|p2|Zamazenta-*, L50|
|teampreview|4
|inactive|Battle timer is ON: inactive players will automatically lose when time's up. (requested by dr.glaedun)
|inactive|lil lupetto has 60 seconds left.
|inactive|dr.glaedun has 60 seconds left.
|inactive|lil lupetto has 30 seconds left.
|inactive|lil lupetto has 20 seconds left.
|inactive|lil lupetto has 15 seconds left.
|inactive|lil lupetto has 10 seconds left.
|inactive|lil lupetto has 5 seconds left.
|
|t:|1750796041
|start
|switch|p1a: Raichu|Raichu, L50, F|100/100
|switch|p1b: Oricorio|Oricorio-Pom-Pom, L50, F|100/100
|switch|p2a: Zamazenta|Zamazenta-Crowned, L50|100/100
|switch|p2b: MGP|Tornadus, L50, M, shiny|100/100
|-ability|p2a: Zamazenta|Dauntless Shield|boost
|-boost|p2a: Zamazenta|def|1
|turn|1
|inactive|lil lupetto has 30 seconds left.
|inactive|lil lupetto has 20 seconds left.
|
|t:|1750796080
|-terastallize|p2b: MGP|Grass
|move|p1a: Raichu|Fake Out|p2a: Zamazenta
|-resisted|p2a: Zamazenta
|-damage|p2a: Zamazenta|99/100
|move|p2b: MGP|Tailwind|p2b: MGP
|-sidestart|p2: dr.glaedun|move: Tailwind
|cant|p2a: Zamazenta|flinch
|move|p1b: Oricorio|Icy Wind|p2b: MGP|[spread] p2a,p2b
|-resisted|p2a: Zamazenta
|-crit|p2a: Zamazenta
|-supereffective|p2b: MGP
|-damage|p2a: Zamazenta|92/100
|-damage|p2b: MGP|69/100
|-unboost|p2a: Zamazenta|spe|1
|
|upkeep
|turn|2
|
|t:|1750796102
|move|p2b: MGP|Bleakwind Storm|p1b: Oricorio|[spread] 
|-miss|p2b: MGP|p1a: Raichu
|-miss|p2b: MGP|p1b: Oricorio
|move|p2a: Zamazenta|Body Press|p1a: Raichu
|-enditem|p1a: Raichu|Focus Sash
|-damage|p1a: Raichu|1/100
|move|p1a: Raichu|Electroweb|p2b: MGP|[spread] p2a,p2b
|-resisted|p2b: MGP
|-damage|p2a: Zamazenta|78/100
|-damage|p2b: MGP|59/100
|-unboost|p2a: Zamazenta|spe|1
|move|p1b: Oricorio|Icy Wind|p2a: Zamazenta|[spread] p2a,p2b
|-resisted|p2a: Zamazenta
|-supereffective|p2b: MGP
|-damage|p2a: Zamazenta|74/100
|-damage|p2b: MGP|24/100
|-unboost|p2a: Zamazenta|spe|1
|
|upkeep
|turn|3
|inactive|lil lupetto has 30 seconds left.
|
|t:|1750796132
|switch|p2b: Urshifu|Urshifu-Rapid-Strike, L50, M|100/100
|switch|p1a: Miraidon|Miraidon, L50|100/100
|-fieldstart|move: Electric Terrain|[from] ability: Hadron Engine|[of] p1a: Miraidon
|move|p2a: Zamazenta|Wide Guard|p2a: Zamazenta
|-singleturn|p2a: Zamazenta|Wide Guard
|move|p1b: Oricorio|Air Cutter|p2a: Zamazenta|[spread] 
|-activate|p2a: Zamazenta|move: Wide Guard
|-activate|p2b: Urshifu|move: Wide Guard
|
|upkeep
|turn|4
|inactive|lil lupetto has 30 seconds left.
|inactive|dr.glaedun has 30 seconds left.
|
|t:|1750796163
|switch|p1b: Raichu|Raichu, L50, F|1/100
|move|p2b: Urshifu|Close Combat|p1a: Miraidon
|-damage|p1a: Miraidon|47/100
|-unboost|p2b: Urshifu|def|1
|-unboost|p2b: Urshifu|spd|1
|move|p1a: Miraidon|Parabolic Charge|p2b: Urshifu|[spread] p2a,p2b
|-ability|p1b: Raichu|Lightning Rod|boost
|-boost|p1b: Raichu|spa|1
|-supereffective|p2b: Urshifu
|-damage|p2a: Zamazenta|38/100
|-heal|p1a: Miraidon|65/100|[from] drain|[of] p2a: Zamazenta
|-damage|p2b: Urshifu|0 fnt
|-heal|p1a: Miraidon|100/100|[from] drain|[of] p2b: Urshifu
|faint|p2b: Urshifu
|move|p2a: Zamazenta|Behemoth Bash|p1a: Miraidon
|-resisted|p1a: Miraidon
|-damage|p1a: Miraidon|84/100
|
|-sideend|p2: dr.glaedun|move: Tailwind
|upkeep
|c|☆dr.glaedun|wait..
|c|☆dr.glaedun|no
|
|t:|1750796182
|switch|p2b: MGP|Tornadus, L50, M, shiny, tera:Grass|24/100
|turn|5
|
|t:|1750796187
|move|p1b: Raichu|Fake Out|p2a: Zamazenta
|-resisted|p2a: Zamazenta
|-damage|p2a: Zamazenta|37/100
|cant|p2a: Zamazenta|flinch
|move|p2b: MGP|Tailwind|p2b: MGP
|-sidestart|p2: dr.glaedun|move: Tailwind
|move|p1a: Miraidon|Parabolic Charge|p2b: MGP|[spread] p2a,p2b
|-ability|p1b: Raichu|Lightning Rod|boost
|-boost|p1b: Raichu|spa|1
|-resisted|p2b: MGP
|-damage|p2a: Zamazenta|0 fnt
|-heal|p1a: Miraidon|100/100|[from] drain|[of] p2a: Zamazenta
|-damage|p2b: MGP|0 fnt
|faint|p2a: Zamazenta
|faint|p2b: MGP
|
|upkeep
|
|t:|1750796192
|switch|p2b: Kyogre|Kyogre, L50|100/100
|-weather|RainDance|[from] ability: Drizzle|[of] p2b: Kyogre
|turn|6
|
|t:|1750796206
|switch|p1b: Oricorio|Oricorio-Pom-Pom, L50, F|100/100
|-terastallize|p1a: Miraidon|Fairy
|move|p2b: Kyogre|Water Spout|p1a: Miraidon|[spread] p1a,p1b
|-damage|p1a: Miraidon|17/100
|-damage|p1b: Oricorio|0 fnt
|faint|p1b: Oricorio
|move|p1a: Miraidon|Parabolic Charge|p2b: Kyogre
|-supereffective|p2b: Kyogre
|-damage|p2b: Kyogre|6/100
|-heal|p1a: Miraidon|72/100|[from] drain|[of] p2b: Kyogre
|
|-weather|RainDance|[upkeep]
|upkeep
|
|t:|1750796216
|switch|p1b: Raichu|Raichu, L50, F|1/100
|turn|7
|-message|dr.glaedun forfeited.
|
|win|lil lupetto
|raw|lil lupetto's rating: 1123 &rarr; <strong>1146</strong><br />(+23 for winning)
|raw|dr.glaedun's rating: 1090 &rarr; <strong>1069</strong><br />(-21 for losing)
|l|☆dr.glaedun
|player|p2|
|l|☆lil lupetto
|player|p1|
