|j|☆bambam420
|j|☆KDR-Alt-711
|t:|1750775935
|gametype|doubles
|player|p1|bambam420|janitor|1664
|player|p2|KDR-Alt-711|101|1595
|teamsize|p1|6
|teamsize|p2|6
|gen|9
|tier|[Gen 9] VGC 2025 Reg I
|rated|
|rule|Species Clause: Limit one of each Pokémon
|rule|Item Clause: Limit 1 of each item
|clearpoke
|poke|p1|Amoonguss, L50, F|
|poke|p1|Calyrex-Ice, L50|
|poke|p1|Kyogre, L50|
|poke|p1|Grimmsnarl, L50, M|
|poke|p1|Flutter Mane, L50|
|poke|p1|Basculegion, L50, M|
|poke|p2|Lunala, L50|
|poke|p2|Rillaboom, L50, M|
|poke|p2|Groudon, L50|
|poke|p2|Ogerpon-Hearthflame, L50, F|
|poke|p2|Flutter Mane, L50|
|poke|p2|Ursaluna-Bloodmoon, L50, M|
|teampreview|4
|
|t:|1750775962
|start
|switch|p1a: Grimmsnarl|Grimmsnarl, L50, M|100/100
|switch|p1b: Calyrex|Calyrex-Ice, L50|100/100
|switch|p2a: Lunala|Lunala, L50, shiny|100/100
|switch|p2b: Rillaboom|Rillaboom, L50, M, shiny|100/100
|-ability|p1b: Calyrex|As One
|-ability|p1b: Calyrex|Unnerve
|-fieldstart|move: Grassy Terrain|[from] ability: Grassy Surge|[of] p2b: Rillaboom
|-enditem|p2a: Lunala|Grassy Seed
|-boost|p2a: Lunala|def|1|[from] item: Grassy Seed
|turn|1
|inactive|Battle timer is ON: inactive players will automatically lose when time's up. (requested by KDR-Alt-711)
|
|t:|1750775983
|-terastallize|p1b: Calyrex|Fairy
|move|p2b: Rillaboom|Fake Out|p1b: Calyrex
|-damage|p1b: Calyrex|93/100
|move|p1a: Grimmsnarl|Light Screen|p1a: Grimmsnarl
|-sidestart|p1: bambam420|move: Light Screen
|move|p2a: Lunala|Moonblast|p1a: Grimmsnarl
|-supereffective|p1a: Grimmsnarl
|-damage|p1a: Grimmsnarl|59/100
|cant|p1b: Calyrex|flinch
|
|-heal|p1a: Grimmsnarl|65/100|[from] Grassy Terrain
|-heal|p1b: Calyrex|99/100|[from] Grassy Terrain
|-heal|p1b: Calyrex|100/100|[from] item: Leftovers
|upkeep
|turn|2
|inactive|KDR-Alt-711 has 30 seconds left.
|
|t:|1750776014
|move|p1a: Grimmsnarl|Reflect|p1a: Grimmsnarl
|-sidestart|p1: bambam420|Reflect
|move|p2a: Lunala|Moonblast|p1a: Grimmsnarl
|-supereffective|p1a: Grimmsnarl
|-damage|p1a: Grimmsnarl|23/100
|-unboost|p1a: Grimmsnarl|spa|1
|move|p2b: Rillaboom|U-turn|p1a: Grimmsnarl
|-damage|p1a: Grimmsnarl|5/100
|
|t:|1750776019
|switch|p2b: Ogerpon|Ogerpon-Hearthflame, L50, F|100/100|[from] U-turn
|-ability|p2b: Ogerpon|Mold Breaker
|move|p1b: Calyrex|Leech Seed|p2a: Lunala
|-start|p2a: Lunala|move: Leech Seed
|
|-heal|p1a: Grimmsnarl|11/100|[from] Grassy Terrain
|-damage|p2a: Lunala|88/100|[from] Leech Seed|[of] p1b: Calyrex
|upkeep
|turn|3
|
|t:|1750776039
|move|p2a: Lunala|Wide Guard|p2a: Lunala
|-singleturn|p2a: Lunala|Wide Guard
|move|p2b: Ogerpon|Grassy Glide|p1a: Grimmsnarl
|-damage|p1a: Grimmsnarl|0 fnt
|faint|p1a: Grimmsnarl
|move|p1b: Calyrex|Glacial Lance|p2b: Ogerpon|[spread] 
|-activate|p2a: Lunala|move: Wide Guard
|-activate|p2b: Ogerpon|move: Wide Guard
|
|-heal|p2a: Lunala|94/100|[from] Grassy Terrain
|-damage|p2a: Lunala|82/100|[from] Leech Seed|[of] p1b: Calyrex
|upkeep
|
|t:|1750776051
|switch|p1a: Kyogre|Kyogre, L50|100/100
|-weather|RainDance|[from] ability: Drizzle|[of] p1a: Kyogre
|turn|4
|
|t:|1750776073
|move|p2b: Ogerpon|Spiky Shield|p2b: Ogerpon
|-singleturn|p2b: Ogerpon|move: Protect
|move|p1a: Kyogre|Protect|p1a: Kyogre
|-singleturn|p1a: Kyogre|Protect
|move|p2a: Lunala|Moongeist Beam|p1a: Kyogre
|-activate|p1a: Kyogre|move: Protect
|move|p1b: Calyrex|Trick Room|p1b: Calyrex
|-fieldstart|move: Trick Room|[of] p1b: Calyrex
|
|-weather|RainDance|[upkeep]
|-heal|p2a: Lunala|88/100|[from] Grassy Terrain
|-damage|p2a: Lunala|75/100|[from] Leech Seed|[of] p1b: Calyrex
|upkeep
|turn|5
|inactive|KDR-Alt-711 has 30 seconds left.
|
|t:|1750776103
|switch|p2b: Rillaboom|Rillaboom, L50, M, shiny|100/100
|move|p2a: Lunala|Wide Guard|p2a: Lunala
|-singleturn|p2a: Lunala|Wide Guard
|move|p1b: Calyrex|Glacial Lance|p2a: Lunala|[spread] 
|-activate|p2a: Lunala|move: Wide Guard
|-activate|p2b: Rillaboom|move: Wide Guard
|move|p1a: Kyogre|Hydro Pump|p2b: Rillaboom
|-resisted|p2b: Rillaboom
|-damage|p2b: Rillaboom|57/100
|
|-weather|RainDance|[upkeep]
|-heal|p2b: Rillaboom|64/100|[from] Grassy Terrain
|-heal|p2a: Lunala|82/100|[from] Grassy Terrain
|-damage|p2a: Lunala|69/100|[from] Leech Seed|[of] p1b: Calyrex
|-fieldend|move: Grassy Terrain
|upkeep
|turn|6
|
|t:|1750776122
|switch|p2a: Groudon|Groudon, L50, shiny|100/100
|-weather|SunnyDay|[from] ability: Drought|[of] p2a: Groudon
|switch|p1a: Amoonguss|Amoonguss, L50, F|100/100
|move|p1b: Calyrex|Protect|p1b: Calyrex
|-singleturn|p1b: Calyrex|Protect
|move|p2b: Rillaboom|Fake Out|p1b: Calyrex
|-activate|p1b: Calyrex|move: Protect
|
|-weather|SunnyDay|[upkeep]
|upkeep
|turn|7
|inactive|KDR-Alt-711 has 30 seconds left.
|inactive|KDR-Alt-711 has 20 seconds left.
|inactive|KDR-Alt-711 has 15 seconds left.
|inactive|KDR-Alt-711 has 10 seconds left.
|
|t:|1750776169
|switch|p1b: Kyogre|Kyogre, L50|100/100
|-weather|RainDance|[from] ability: Drizzle|[of] p1b: Kyogre
|switch|p2b: Lunala|Lunala, L50, shiny|69/100
|switch|p2a: Ogerpon|Ogerpon-Hearthflame, L50, F|100/100
|-ability|p2a: Ogerpon|Mold Breaker
|move|p1a: Amoonguss|Spore|p2a: Ogerpon
|-immune|p2a: Ogerpon
|
|-weather|RainDance|[upkeep]
|upkeep
|turn|8
|inactive|bambam420 has 30 seconds left.
|
|t:|1750776194
|switch|p2b: Rillaboom|Rillaboom, L50, M, shiny|64/100
|-fieldstart|move: Grassy Terrain|[from] ability: Grassy Surge|[of] p2b: Rillaboom
|switch|p1b: Calyrex|Calyrex-Ice, L50, tera:Fairy|100/100
|-ability|p1b: Calyrex|As One
|-ability|p1b: Calyrex|Unnerve
|-terastallize|p2a: Ogerpon|Fire
|detailschange|p2a: Ogerpon|Ogerpon-Hearthflame-Tera, L50, F, tera:Fire
|-ability|p2a: Ogerpon|Embody Aspect (Hearthflame)|boost
|-boost|p2a: Ogerpon|atk|1
|move|p2a: Ogerpon|Grassy Glide|p1b: Calyrex
|-damage|p1b: Calyrex|80/100
|move|p1a: Amoonguss|Pollen Puff|p2a: Ogerpon
|-resisted|p2a: Ogerpon
|-damage|p2a: Ogerpon|91/100
|
|-weather|RainDance|[upkeep]
|-heal|p1b: Calyrex|86/100|[from] Grassy Terrain
|-heal|p1b: Calyrex|92/100|[from] item: Leftovers
|-heal|p2b: Rillaboom|70/100|[from] Grassy Terrain
|-heal|p2a: Ogerpon|96/100|[from] Grassy Terrain
|-sideend|p1: bambam420|move: Light Screen
|-fieldend|move: Trick Room
|upkeep
|turn|9
|inactive|bambam420 has 30 seconds left.
|inactive|bambam420 has 20 seconds left.
|
|t:|1750776229
|move|p2b: Rillaboom|Fake Out|p1a: Amoonguss
|-damage|p1a: Amoonguss|92/100
|-damage|p2b: Rillaboom|53/100|[from] item: Rocky Helmet|[of] p1a: Amoonguss
|move|p2a: Ogerpon|Ivy Cudgel|p1a: Amoonguss|[anim] Ivy Cudgel Fire
|-supereffective|p1a: Amoonguss
|-damage|p1a: Amoonguss|29/100
|cant|p1a: Amoonguss|flinch
|move|p1b: Calyrex|Trick Room|p1b: Calyrex
|-fieldstart|move: Trick Room|[of] p1b: Calyrex
|
|-weather|RainDance|[upkeep]
|-heal|p1a: Amoonguss|35/100|[from] Grassy Terrain
|-heal|p1b: Calyrex|98/100|[from] Grassy Terrain
|-heal|p1b: Calyrex|100/100|[from] item: Leftovers
|-heal|p2b: Rillaboom|59/100|[from] Grassy Terrain
|-heal|p2a: Ogerpon|100/100|[from] Grassy Terrain
|-sideend|p1: bambam420|Reflect
|upkeep
|turn|10
|inactive|KDR-Alt-711 has 30 seconds left.
|
|t:|1750776256
|move|p2b: Rillaboom|Grassy Glide|p1a: Amoonguss
|-resisted|p1a: Amoonguss
|-damage|p1a: Amoonguss|26/100
|-damage|p2b: Rillaboom|43/100|[from] item: Rocky Helmet|[of] p1a: Amoonguss
|move|p2a: Ogerpon|Grassy Glide|p1a: Amoonguss
|-resisted|p1a: Amoonguss
|-damage|p1a: Amoonguss|15/100
|-damage|p2a: Ogerpon|84/100|[from] item: Rocky Helmet|[of] p1a: Amoonguss
|move|p1a: Amoonguss|Spore|p2a: Ogerpon
|-status|p2a: Ogerpon|slp|[from] move: Spore
|move|p1b: Calyrex|Glacial Lance|p2b: Rillaboom|[spread] p2a,p2b
|-resisted|p2a: Ogerpon
|-supereffective|p2b: Rillaboom
|-damage|p2a: Ogerpon|55/100 slp
|-damage|p2b: Rillaboom|0 fnt
|faint|p2b: Rillaboom
|-ability|p1b: Calyrex|Chilling Neigh|boost
|-boost|p1b: Calyrex|atk|1
|
|-weather|RainDance|[upkeep]
|-heal|p1a: Amoonguss|21/100|[from] Grassy Terrain
|-heal|p2a: Ogerpon|61/100 slp|[from] Grassy Terrain
|upkeep
|
|t:|1750776266
|switch|p2b: Lunala|Lunala, L50, shiny|69/100
|turn|11
|
|t:|1750776288
|move|p1a: Amoonguss|Spore|p2b: Lunala
|-status|p2b: Lunala|slp|[from] move: Spore
|move|p1b: Calyrex|Leech Seed|p2a: Ogerpon
|-start|p2a: Ogerpon|move: Leech Seed
|cant|p2b: Lunala|slp
|cant|p2a: Ogerpon|slp
|
|-weather|none
|-heal|p1a: Amoonguss|27/100|[from] Grassy Terrain
|-heal|p2b: Lunala|75/100 slp|[from] Grassy Terrain
|-heal|p2a: Ogerpon|67/100 slp|[from] Grassy Terrain
|-damage|p2a: Ogerpon|55/100 slp|[from] Leech Seed|[of] p1b: Calyrex
|upkeep
|turn|12
|
|t:|1750776304
|switch|p1a: Kyogre|Kyogre, L50|100/100
|-weather|RainDance|[from] ability: Drizzle|[of] p1a: Kyogre
|cant|p2b: Lunala|slp
|move|p1b: Calyrex|Glacial Lance|p2b: Lunala|[spread] p2a,p2b
|-resisted|p2a: Ogerpon
|-crit|p2a: Ogerpon
|-damage|p2a: Ogerpon|0 fnt
|-damage|p2b: Lunala|18/100 slp
|faint|p2a: Ogerpon
|detailschange|p2: Ogerpon|Ogerpon-Hearthflame, L50, F|[silent]
|-ability|p1b: Calyrex|Chilling Neigh|boost
|-boost|p1b: Calyrex|atk|1
|
|-weather|RainDance|[upkeep]
|-heal|p2b: Lunala|24/100 slp|[from] Grassy Terrain
|-fieldend|move: Grassy Terrain
|upkeep
|
|t:|1750776313
|switch|p2a: Groudon|Groudon, L50, shiny|100/100
|-weather|SunnyDay|[from] ability: Drought|[of] p2a: Groudon
|turn|13
|
|t:|1750776323
|switch|p1a: Amoonguss|Amoonguss, L50, F|60/100
|-curestatus|p2b: Lunala|slp|[msg]
|move|p2b: Lunala|Wide Guard|p2b: Lunala
|-singleturn|p2b: Lunala|Wide Guard
|move|p1b: Calyrex|Glacial Lance|p2a: Groudon|[spread] 
|-activate|p2a: Groudon|move: Wide Guard
|-activate|p2b: Lunala|move: Wide Guard
|move|p2a: Groudon|Precipice Blades|p1b: Calyrex|[spread] p1a,p1b
|-damage|p1a: Amoonguss|14/100
|-damage|p1b: Calyrex|74/100
|
|-weather|SunnyDay|[upkeep]
|-heal|p1b: Calyrex|80/100|[from] item: Leftovers
|-fieldend|move: Trick Room
|upkeep
|turn|14
|
|t:|1750776344
|switch|p1a: Kyogre|Kyogre, L50|100/100
|-weather|RainDance|[from] ability: Drizzle|[of] p1a: Kyogre
|move|p2b: Lunala|Moongeist Beam|p1b: Calyrex
|-damage|p1b: Calyrex|45/100
|move|p2a: Groudon|Precipice Blades|p1b: Calyrex|[spread] p1a,p1b
|-damage|p1a: Kyogre|49/100
|-damage|p1b: Calyrex|21/100
|move|p1b: Calyrex|Trick Room|p1b: Calyrex
|-fieldstart|move: Trick Room|[of] p1b: Calyrex
|
|-weather|RainDance|[upkeep]
|-heal|p1b: Calyrex|27/100|[from] item: Leftovers
|upkeep
|turn|15
|
|t:|1750776364
|move|p1b: Calyrex|Protect|p1b: Calyrex
|-singleturn|p1b: Calyrex|Protect
|move|p2b: Lunala|Wide Guard|p2b: Lunala
|-singleturn|p2b: Lunala|Wide Guard
|move|p2a: Groudon|Precipice Blades|p1b: Calyrex|[spread] p1a
|-activate|p1b: Calyrex|move: Protect
|-damage|p1a: Kyogre|0 fnt
|faint|p1a: Kyogre
|
|-weather|RainDance|[upkeep]
|-heal|p1b: Calyrex|33/100|[from] item: Leftovers
|upkeep
|
|t:|1750776376
|switch|p1a: Amoonguss|Amoonguss, L50, F|47/100
|turn|16
|
|t:|1750776383
|move|p2a: Groudon|Protect|p2a: Groudon
|-singleturn|p2a: Groudon|Protect
|move|p1a: Amoonguss|Pollen Puff|p1b: Calyrex
|-heal|p1b: Calyrex|83/100
|move|p1b: Calyrex|Leech Seed|p2b: Lunala
|-start|p2b: Lunala|move: Leech Seed
|move|p2b: Lunala|Moongeist Beam|p1b: Calyrex
|-damage|p1b: Calyrex|46/100
|
|-weather|RainDance|[upkeep]
|-heal|p1b: Calyrex|52/100|[from] item: Leftovers
|-damage|p2b: Lunala|11/100|[from] Leech Seed|[of] p1b: Calyrex
|-heal|p1b: Calyrex|66/100|[silent]
|upkeep
|turn|17
|
|t:|1750776404
|move|p2b: Lunala|Wide Guard|p2b: Lunala
|-singleturn|p2b: Lunala|Wide Guard
|move|p1a: Amoonguss|Spore|p2a: Groudon
|-status|p2a: Groudon|slp|[from] move: Spore
|move|p1b: Calyrex|Leech Seed|p2a: Groudon
|-start|p2a: Groudon|move: Leech Seed
|cant|p2a: Groudon|slp
|
|-weather|RainDance|[upkeep]
|-heal|p1b: Calyrex|72/100|[from] item: Leftovers
|-damage|p2a: Groudon|88/100 slp|[from] Leech Seed|[of] p1b: Calyrex
|-heal|p1b: Calyrex|84/100|[silent]
|-damage|p2b: Lunala|0 fnt|[from] Leech Seed|[of] p1b: Calyrex
|-heal|p1b: Calyrex|97/100|[silent]
|faint|p2b: Lunala
|upkeep
|turn|18
|
|t:|1750776424
|cant|p2a: Groudon|slp
|move|p1a: Amoonguss|Pollen Puff|p2a: Groudon
|-damage|p2a: Groudon|72/100 slp
|move|p1b: Calyrex|Glacial Lance|p2a: Groudon
|-supereffective|p2a: Groudon
|-damage|p2a: Groudon|0 fnt
|faint|p2a: Groudon
|
|win|bambam420
|raw|bambam420's rating: 1664 &rarr; <strong>1680</strong><br />(+16 for winning)
|raw|KDR-Alt-711's rating: 1595 &rarr; <strong>1579</strong><br />(-16 for losing)
|l|☆KDR-Alt-711
|player|p2|
|l|☆bambam420
|player|p1|
