|j|☆Hydracrew
|j|☆Ryneek
|t:|1750864243
|gametype|doubles
|player|p1|Hydracrew|170|1198
|player|p2|Ryneek|lucas-gen4pt|1120
|teamsize|p1|6
|teamsize|p2|6
|gen|9
|tier|[Gen 9] VGC 2025 Reg I
|rated|
|rule|Species Clause: Limit one of each Pokémon
|rule|Item Clause: Limit 1 of each item
|clearpoke
|poke|p1|Sinistcha-Masterpiece, L50|
|poke|p1|Ditto, L50|
|poke|p1|Azumarill, L50, M|
|poke|p1|Talonflame, L50, F|
|poke|p1|Zacian-*, L50|
|poke|p1|Kyogre, L50|
|poke|p2|Calyrex-Ice, L50|
|poke|p2|Incineroar, L50, F|
|poke|p2|Whimsicott, L50, M|
|poke|p2|Koraidon, L50|
|poke|p2|Scream Tail, L50|
|poke|p2|Gothitelle, L50, M|
|teampreview|4
|inactive|Battle timer is ON: inactive players will automatically lose when time's up. (requested by Hydracrew)
|
|t:|1750864287
|start
|switch|p1a: Talonflame|Talonflame, L50, F|100/100
|switch|p1b: Kyogre|Kyogre, L50|100/100
|switch|p2a: Calyrex|Calyrex-Ice, L50|100/100
|switch|p2b: Whimsicott|Whimsicott, L50, M|100/100
|-ability|p2a: Calyrex|As One
|-ability|p2a: Calyrex|Unnerve
|-weather|RainDance|[from] ability: Drizzle|[of] p1b: Kyogre
|turn|1
|
|t:|1750864307
|move|p2a: Calyrex|Protect|p2a: Calyrex
|-singleturn|p2a: Calyrex|Protect
|move|p1a: Talonflame|Tailwind|p1a: Talonflame
|-sidestart|p1: Hydracrew|move: Tailwind
|move|p2b: Whimsicott|Tailwind|p2b: Whimsicott
|-sidestart|p2: Ryneek|move: Tailwind
|move|p1b: Kyogre|Water Spout|p2b: Whimsicott|[spread] p2b
|-activate|p2a: Calyrex|move: Protect
|-resisted|p2b: Whimsicott
|-damage|p2b: Whimsicott|25/100
|
|-weather|RainDance|[upkeep]
|upkeep
|turn|2
|
|t:|1750864332
|switch|p2b: Koraidon|Koraidon, L50|100/100
|-weather|SunnyDay|[from] ability: Orichalcum Pulse|[of] p2b: Koraidon
|-activate|p2b: Koraidon|Orichalcum Pulse|[source]
|move|p1a: Talonflame|Dual Wingbeat|p2b: Koraidon
|-supereffective|p2b: Koraidon
|-damage|p2b: Koraidon|73/100
|-supereffective|p2b: Koraidon
|-damage|p2b: Koraidon|46/100
|-hitcount|p2b: Koraidon|2
|move|p1b: Kyogre|Water Spout|p2a: Calyrex|[spread] p2a,p2b
|-resisted|p2b: Koraidon
|-damage|p2a: Calyrex|77/100
|-damage|p2b: Koraidon|27/100
|move|p2a: Calyrex|Glacial Lance|p1b: Kyogre|[spread] p1a,p1b
|-resisted|p1b: Kyogre
|-damage|p1a: Talonflame|2/100
|-damage|p1b: Kyogre|73/100
|
|-weather|SunnyDay|[upkeep]
|upkeep
|turn|3
|
|t:|1750864351
|switch|p1b: Zacian|Zacian-Crowned, L50|100/100
|-ability|p1b: Zacian|Intrepid Sword|boost
|-boost|p1b: Zacian|atk|1
|move|p2b: Koraidon|Protect|p2b: Koraidon
|-singleturn|p2b: Koraidon|Protect
|move|p1a: Talonflame|Dual Wingbeat|p2b: Koraidon
|-activate|p2b: Koraidon|move: Protect
|move|p2a: Calyrex|Glacial Lance|p1a: Talonflame|[spread] p1a,p1b
|-resisted|p1b: Zacian
|-damage|p1a: Talonflame|0 fnt
|-damage|p1b: Zacian|79/100
|faint|p1a: Talonflame
|-ability|p2a: Calyrex|Chilling Neigh|boost
|-boost|p2a: Calyrex|atk|1
|
|-weather|SunnyDay|[upkeep]
|upkeep
|
|t:|1750864357
|switch|p1a: Kyogre|Kyogre, L50|73/100
|-weather|RainDance|[from] ability: Drizzle|[of] p1a: Kyogre
|turn|4
|
|t:|1750864368
|switch|p2b: Incineroar|Incineroar, L50, F|100/100
|-ability|p2b: Incineroar|Intimidate|boost
|-unboost|p1a: Kyogre|atk|1
|-unboost|p1b: Zacian|atk|1
|move|p2a: Calyrex|Protect|p2a: Calyrex
|-singleturn|p2a: Calyrex|Protect
|move|p1b: Zacian|Play Rough|p2b: Incineroar
|-damage|p2b: Incineroar|55/100
|move|p1a: Kyogre|Water Spout|p2b: Incineroar|[spread] p2b
|-activate|p2a: Calyrex|move: Protect
|-supereffective|p2b: Incineroar
|-damage|p2b: Incineroar|0 fnt
|faint|p2b: Incineroar
|
|-weather|RainDance|[upkeep]
|-sideend|p1: Hydracrew|move: Tailwind
|-sideend|p2: Ryneek|move: Tailwind
|upkeep
|
|t:|1750864379
|switch|p2b: Koraidon|Koraidon, L50|27/100
|-weather|SunnyDay|[from] ability: Orichalcum Pulse|[of] p2b: Koraidon
|-activate|p2b: Koraidon|Orichalcum Pulse|[source]
|turn|5
|
|t:|1750864389
|switch|p1a: Azumarill|Azumarill, L50, M|100/100
|move|p1b: Zacian|Protect|p1b: Zacian
|-singleturn|p1b: Zacian|Protect
|move|p2b: Koraidon|Close Combat|p1a: Azumarill
|-resisted|p1a: Azumarill
|-damage|p1a: Azumarill|39/100
|-unboost|p2b: Koraidon|def|1
|-unboost|p2b: Koraidon|spd|1
|-damage|p2b: Koraidon|17/100|[from] item: Life Orb
|move|p2a: Calyrex|High Horsepower|p1b: Zacian
|-activate|p1b: Zacian|move: Protect
|
|-weather|SunnyDay|[upkeep]
|upkeep
|turn|6
|
|t:|1750864405
|switch|p2b: Whimsicott|Whimsicott, L50, M|25/100
|switch|p1b: Kyogre|Kyogre, L50|73/100
|-weather|RainDance|[from] ability: Drizzle|[of] p1b: Kyogre
|move|p1a: Azumarill|Aqua Jet|p2b: Whimsicott
|-resisted|p2b: Whimsicott
|-damage|p2b: Whimsicott|0 fnt
|faint|p2b: Whimsicott
|move|p2a: Calyrex|Glacial Lance|p1b: Kyogre|[spread] p1a,p1b
|-resisted|p1a: Azumarill
|-resisted|p1b: Kyogre
|-damage|p1a: Azumarill|0 fnt
|-damage|p1b: Kyogre|36/100
|faint|p1a: Azumarill
|-ability|p2a: Calyrex|Chilling Neigh|boost
|-boost|p2a: Calyrex|atk|1
|
|-weather|RainDance|[upkeep]
|upkeep
|-message|Hydracrew forfeited.
|
|win|Ryneek
|raw|Hydracrew's rating: 1198 &rarr; <strong>1167</strong><br />(-31 for losing)
|raw|Ryneek's rating: 1120 &rarr; <strong>1151</strong><br />(+31 for winning)
|l|☆Hydracrew
|player|p1|
|l|☆Ryneek
|player|p2|
