|j|☆Scottyboi3
|j|☆FOOTKNEES
|t:|1750855994
|gametype|doubles
|player|p1|Scottyboi3|101|1070
|player|p2|FOOTKNEES|169|1023
|teamsize|p1|6
|teamsize|p2|6
|gen|9
|tier|[Gen 9] VGC 2025 Reg I
|rated|
|rule|Species Clause: Limit one of each Pokémon
|rule|Item Clause: Limit 1 of each item
|clearpoke
|poke|p1|Incineroar, L50, F|
|poke|p1|Kyogre, L50|
|poke|p1|Tornadus, L50, M|
|poke|p1|Amoonguss, L50, F|
|poke|p1|Roaring Moon, L50|
|poke|p1|Ting-Lu, L50|
|poke|p2|Kyogre, L50|
|poke|p2|Tornadus, L50, M|
|poke|p2|Archaludon, L50, F|
|poke|p2|Brute Bonnet, L50|
|poke|p2|Palkia-Origin, L50|
|poke|p2|Basculegion, L50, M|
|teampreview|4
|inactive|Battle timer is ON: inactive players will automatically lose when time's up. (requested by FOOTKNEES)
|
|t:|1750856025
|start
|switch|p1a: Incineroar|Incineroar, L50, F|100/100
|switch|p1b: Amoonguss|Amoonguss, L50, F|100/100
|switch|p2a: Kyogre|Kyogre, L50|100/100
|switch|p2b: Basculegion|Basculegion, L50, M|100/100
|-weather|RainDance|[from] ability: Drizzle|[of] p2a: Kyogre
|-ability|p1a: Incineroar|Intimidate|boost
|-unboost|p2a: Kyogre|atk|1
|-unboost|p2b: Basculegion|atk|1
|turn|1
|
|t:|1750856047
|switch|p2a: Archaludon|Archaludon, L50, F|100/100
|move|p1a: Incineroar|Fake Out|p2b: Basculegion
|-immune|p2b: Basculegion
|move|p2b: Basculegion|Icy Wind|p1b: Amoonguss|[spread] p1a,p1b
|-resisted|p1a: Incineroar
|-supereffective|p1b: Amoonguss
|-crit|p1b: Amoonguss
|-damage|p1a: Incineroar|98/100
|-damage|p1b: Amoonguss|81/100
|-unboost|p1a: Incineroar|spe|1
|-unboost|p1b: Amoonguss|spe|1
|move|p1b: Amoonguss|Spore|p2a: Archaludon
|-status|p2a: Archaludon|slp|[from] move: Spore
|
|-weather|RainDance|[upkeep]
|upkeep
|turn|2
|inactive|Scottyboi3 has 30 seconds left.
|inactive|FOOTKNEES has 30 seconds left.
|
|t:|1750856081
|switch|p2b: Brute Bonnet|Brute Bonnet, L50|100/100
|-enditem|p2b: Brute Bonnet|Booster Energy
|-activate|p2b: Brute Bonnet|ability: Protosynthesis|[fromitem]
|-start|p2b: Brute Bonnet|protosynthesisspd
|cant|p2a: Archaludon|slp
|move|p1a: Incineroar|Parting Shot|p2a: Archaludon
|-unboost|p2a: Archaludon|atk|1
|-unboost|p2a: Archaludon|spa|1
|
|t:|1750856095
|switch|p1a: Ting-Lu|Ting-Lu, L50|100/100|[from] Parting Shot
|-ability|p1a: Ting-Lu|Vessel of Ruin
|move|p1b: Amoonguss|Spore|p2b: Brute Bonnet
|-immune|p2b: Brute Bonnet
|
|-weather|RainDance|[upkeep]
|upkeep
|turn|3
|inactive|Scottyboi3 has 30 seconds left.
|
|t:|1750856121
|switch|p1b: Incineroar|Incineroar, L50, F|98/100
|-ability|p1b: Incineroar|Intimidate|boost
|-unboost|p2a: Archaludon|atk|1
|-unboost|p2b: Brute Bonnet|atk|1
|cant|p2a: Archaludon|slp
|move|p2b: Brute Bonnet|Trailblaze|p1a: Ting-Lu
|-supereffective|p1a: Ting-Lu
|-damage|p1a: Ting-Lu|84/100
|-boost|p2b: Brute Bonnet|spe|1
|move|p1a: Ting-Lu|Stomping Tantrum|p2a: Archaludon
|-supereffective|p2a: Archaludon
|-damage|p2a: Archaludon|45/100 slp
|-ability|p2a: Archaludon|Stamina|boost
|-boost|p2a: Archaludon|def|1
|
|-weather|RainDance|[upkeep]
|-heal|p1a: Ting-Lu|90/100|[from] item: Leftovers
|upkeep
|turn|4
|inactive|Scottyboi3 has 30 seconds left.
|inactive|FOOTKNEES has 30 seconds left.
|
|t:|1750856147
|move|p1b: Incineroar|Fake Out|p2b: Brute Bonnet
|-damage|p2b: Brute Bonnet|93/100
|cant|p2a: Archaludon|slp
|cant|p2b: Brute Bonnet|flinch
|move|p1a: Ting-Lu|Stomping Tantrum|p2a: Archaludon
|-supereffective|p2a: Archaludon
|-damage|p2a: Archaludon|8/100 slp
|-ability|p2a: Archaludon|Stamina|boost
|-boost|p2a: Archaludon|def|1
|
|-weather|RainDance|[upkeep]
|-heal|p1a: Ting-Lu|96/100|[from] item: Leftovers
|upkeep
|turn|5
|
|t:|1750856166
|move|p1a: Ting-Lu|Protect|p1a: Ting-Lu
|-singleturn|p1a: Ting-Lu|Protect
|-curestatus|p2a: Archaludon|slp|[msg]
|move|p2a: Archaludon|Electro Shot||[still]
|-prepare|p2a: Archaludon|Electro Shot
|-boost|p2a: Archaludon|spa|1
|-anim|p2a: Archaludon|Electro Shot|p1b: Incineroar
|-crit|p1b: Incineroar
|-damage|p1b: Incineroar|63/100
|move|p2b: Brute Bonnet|Spore|p1a: Ting-Lu
|-activate|p1a: Ting-Lu|move: Protect
|move|p1b: Incineroar|Snarl|p2b: Brute Bonnet|[spread] p2a,p2b
|-resisted|p2b: Brute Bonnet
|-damage|p2a: Archaludon|0 fnt
|-damage|p2b: Brute Bonnet|91/100
|-unboost|p2b: Brute Bonnet|spa|1
|faint|p2a: Archaludon
|
|-weather|none
|-heal|p1a: Ting-Lu|100/100|[from] item: Leftovers
|upkeep
|
|t:|1750856184
|switch|p2a: Kyogre|Kyogre, L50|100/100
|-weather|RainDance|[from] ability: Drizzle|[of] p2a: Kyogre
|turn|6
|
|t:|1750856200
|move|p2a: Kyogre|Water Spout|p1a: Ting-Lu|[spread] p1a,p1b
|-supereffective|p1a: Ting-Lu
|-supereffective|p1b: Incineroar
|-damage|p1a: Ting-Lu|15/100
|-damage|p1b: Incineroar|0 fnt
|faint|p1b: Incineroar
|move|p2b: Brute Bonnet|Spore|p1a: Ting-Lu
|-status|p1a: Ting-Lu|slp|[from] move: Spore
|cant|p1a: Ting-Lu|slp
|
|-weather|RainDance|[upkeep]
|-heal|p1a: Ting-Lu|21/100 slp|[from] item: Leftovers
|upkeep
|
|t:|1750856213
|switch|p1b: Amoonguss|Amoonguss, L50, F|100/100
|turn|7
|
|t:|1750856223
|move|p2a: Kyogre|Ice Beam|p1b: Amoonguss
|-supereffective|p1b: Amoonguss
|-damage|p1b: Amoonguss|52/100
|move|p2b: Brute Bonnet|Trailblaze|p1a: Ting-Lu
|-supereffective|p1a: Ting-Lu
|-damage|p1a: Ting-Lu|7/100 slp
|-boost|p2b: Brute Bonnet|spe|1
|cant|p1a: Ting-Lu|slp
|move|p1b: Amoonguss|Spore|p2a: Kyogre
|-status|p2a: Kyogre|slp|[from] move: Spore
|
|-weather|RainDance|[upkeep]
|-heal|p1a: Ting-Lu|13/100 slp|[from] item: Leftovers
|upkeep
|turn|8
|inactive|FOOTKNEES has 30 seconds left.
|
|t:|1750856249
|switch|p1a: Roaring Moon|Roaring Moon, L50|100/100
|-enditem|p1a: Roaring Moon|Booster Energy
|-activate|p1a: Roaring Moon|ability: Protosynthesis|[fromitem]
|-start|p1a: Roaring Moon|protosynthesisatk
|move|p1b: Amoonguss|Rage Powder|p1b: Amoonguss
|-singleturn|p1b: Amoonguss|move: Rage Powder
|move|p2b: Brute Bonnet|Trailblaze|p1a: Roaring Moon
|-resisted|p1a: Roaring Moon
|-damage|p1a: Roaring Moon|92/100
|-boost|p2b: Brute Bonnet|spe|1
|cant|p2a: Kyogre|slp
|
|-weather|RainDance|[upkeep]
|upkeep
|turn|9
|
|t:|1750856270
|-terastallize|p1a: Roaring Moon|Flying
|move|p1a: Roaring Moon|Acrobatics|p2a: Kyogre
|-damage|p2a: Kyogre|24/100 slp
|move|p2b: Brute Bonnet|Spore|p1a: Roaring Moon
|-status|p1a: Roaring Moon|slp|[from] move: Spore
|cant|p2a: Kyogre|slp
|move|p1b: Amoonguss|Spore|p2a: Kyogre
|-fail|p2a: Kyogre|slp
|
|-weather|RainDance|[upkeep]
|upkeep
|turn|10
|inactive|FOOTKNEES has 30 seconds left.
|
|t:|1750856297
|move|p2b: Brute Bonnet|Sucker Punch|p1a: Roaring Moon
|-damage|p1a: Roaring Moon|67/100 slp
|cant|p1a: Roaring Moon|slp
|cant|p2a: Kyogre|slp
|move|p1b: Amoonguss|Spore|p2a: Kyogre
|-fail|p2a: Kyogre|slp
|
|-weather|none
|upkeep
|turn|11
|inactive|Scottyboi3 has 30 seconds left.
|
|t:|1750856328
|-end|p2b: Brute Bonnet|Protosynthesis|[silent]
|switch|p2b: Basculegion|Basculegion, L50, M|100/100
|cant|p1a: Roaring Moon|slp
|-curestatus|p2a: Kyogre|slp|[msg]
|move|p2a: Kyogre|Ice Beam|p1a: Roaring Moon
|-supereffective|p1a: Roaring Moon
|-damage|p1a: Roaring Moon|5/100 slp
|move|p1b: Amoonguss|Pollen Puff|p1a: Roaring Moon
|-heal|p1a: Roaring Moon|55/100 slp
|
|upkeep
|turn|12
|inactive|Scottyboi3 has 30 seconds left.
|
|t:|1750856358
|switch|p2a: Brute Bonnet|Brute Bonnet, L50|91/100
|move|p1b: Amoonguss|Rage Powder|p1b: Amoonguss
|-singleturn|p1b: Amoonguss|move: Rage Powder
|cant|p1a: Roaring Moon|slp
|move|p2b: Basculegion|Last Respects|p1b: Amoonguss
|-damage|p1b: Amoonguss|0 fnt
|faint|p1b: Amoonguss
|
|upkeep
|
|t:|1750856369
|switch|p1b: Ting-Lu|Ting-Lu, L50|13/100 slp
|-ability|p1b: Ting-Lu|Vessel of Ruin
|turn|13
|
|t:|1750856382
|-end|p2a: Brute Bonnet|Protosynthesis|[silent]
|switch|p2a: Kyogre|Kyogre, L50|24/100
|-weather|RainDance|[from] ability: Drizzle|[of] p2a: Kyogre
|move|p2b: Basculegion|Last Respects|p1a: Roaring Moon
|-damage|p1a: Roaring Moon|0 fnt
|faint|p1a: Roaring Moon
|-end|p1a: Roaring Moon|Protosynthesis|[silent]
|-curestatus|p1b: Ting-Lu|slp|[msg]
|move|p1b: Ting-Lu|Taunt|p2a: Kyogre
|-start|p2a: Kyogre|move: Taunt
|
|-weather|RainDance|[upkeep]
|-heal|p1b: Ting-Lu|19/100|[from] item: Leftovers
|upkeep
|turn|14
|-message|Scottyboi3 forfeited.
|
|win|FOOTKNEES
|raw|Scottyboi3's rating: 1070 &rarr; <strong>1047</strong><br />(-23 for losing)
|raw|FOOTKNEES's rating: 1023 &rarr; <strong>1064</strong><br />(+41 for winning)
|l|☆FOOTKNEES
|player|p2|
