|j|☆vuolod
|j|☆noideawithaone?
|t:|1750863334
|gametype|doubles
|player|p1|vuolod|veteran|1062
|player|p2|noideawithaone?|266|1150
|teamsize|p1|4
|teamsize|p2|6
|gen|9
|tier|[Gen 9] VGC 2025 Reg I
|rated|
|rule|Species Clause: Limit one of each Pokémon
|rule|Item Clause: Limit 1 of each item
|clearpoke
|poke|p1|Ambipom, L50, M|
|poke|p1|Zapdos, L50|
|poke|p1|Gumshoos, L50, F|
|poke|p1|Sylveon, L50, F|
|poke|p2|Calyrex-Shadow, L50|
|poke|p2|Koraidon, L50|
|poke|p2|Ogerpon-Hearthflame, L50, F|
|poke|p2|Rillaboom, L50, F|
|poke|p2|Grimmsnarl, L50, M|
|poke|p2|Incineroar, L50, F|
|teampreview|4
|inactive|Battle timer is ON: inactive players will automatically lose when time's up. (requested by vuolod)
|
|t:|1750863370
|start
|switch|p1a: Zapdos|Zapdos, L50|100/100
|switch|p1b: Gumshoos|Gumshoos, L50, F|100/100
|switch|p2a: Ogerpon|Ogerpon-Hearthflame, L50, F|100/100
|switch|p2b: Rillaboom|Rillaboom, L50, F|100/100
|-ability|p2a: Ogerpon|Mold Breaker
|-fieldstart|move: Grassy Terrain|[from] ability: Grassy Surge|[of] p2b: Rillaboom
|turn|1
|inactive|noideawithaone? has 30 seconds left.
|
|t:|1750863397
|-terastallize|p2a: Ogerpon|Fire
|detailschange|p2a: Ogerpon|Ogerpon-Hearthflame-Tera, L50, F, tera:Fire
|-ability|p2a: Ogerpon|Embody Aspect (Hearthflame)|boost
|-boost|p2a: Ogerpon|atk|1
|move|p1b: Gumshoos|Protect|p1b: Gumshoos
|-singleturn|p1b: Gumshoos|Protect
|move|p2b: Rillaboom|Fake Out|p1a: Zapdos
|-damage|p1a: Zapdos|81/100
|-status|p2b: Rillaboom|par|[from] ability: Static|[of] p1a: Zapdos
|move|p2a: Ogerpon|Grassy Glide|p1a: Zapdos
|-resisted|p1a: Zapdos
|-damage|p1a: Zapdos|40/100
|-status|p2a: Ogerpon|par|[from] ability: Static|[of] p1a: Zapdos
|move|p1a: Zapdos|Tailwind|p1a: Zapdos
|-sidestart|p1: vuolod|move: Tailwind
|
|upkeep
|turn|2
|inactive|vuolod has 30 seconds left.
|inactive|vuolod has 20 seconds left.
|inactive|vuolod has 15 seconds left.
|inactive|vuolod has 10 seconds left.
|
|t:|1750863446
|move|p2a: Ogerpon|Grassy Glide|p1a: Zapdos
|-resisted|p1a: Zapdos
|-crit|p1a: Zapdos
|-damage|p1a: Zapdos|0 fnt
|faint|p1a: Zapdos
|move|p1b: Gumshoos|Last Resort|p2b: Rillaboom
|-damage|p2b: Rillaboom|20/100 par
|move|p2b: Rillaboom|Wood Hammer|p1b: Gumshoos
|-crit|p1b: Gumshoos
|-damage|p1b: Gumshoos|0 fnt
|faint|p1b: Gumshoos
|-damage|p2b: Rillaboom|0 fnt|[from] Recoil
|faint|p2b: Rillaboom
|
|upkeep
|
|t:|1750863459
|switch|p1a: Ambipom|Ambipom, L50, M|100/100
|switch|p2b: Koraidon|Koraidon, L50|100/100
|switch|p1b: Sylveon|Sylveon, L50, F|100/100
|-weather|SunnyDay|[from] ability: Orichalcum Pulse|[of] p2b: Koraidon
|-activate|p2b: Koraidon|Orichalcum Pulse|[source]
|turn|3
|inactive|vuolod has 30 seconds left.
|
|t:|1750863485
|-terastallize|p1b: Sylveon|Fairy
|move|p1a: Ambipom|Fake Out|p2a: Ogerpon
|-damage|p2a: Ogerpon|82/100 par
|move|p1b: Sylveon|Hyper Voice|p2a: Ogerpon|[spread] p2a,p2b
|-resisted|p2a: Ogerpon
|-supereffective|p2b: Koraidon
|-damage|p2a: Ogerpon|48/100 par
|-damage|p2b: Koraidon|0 fnt
|faint|p2b: Koraidon
|cant|p2a: Ogerpon|flinch
|
|-weather|SunnyDay|[upkeep]
|-heal|p2a: Ogerpon|54/100 par|[from] Grassy Terrain
|upkeep
|
|t:|1750863489
|switch|p2b: Incineroar|Incineroar, L50, F|100/100
|-ability|p2b: Incineroar|Intimidate|boost
|-unboost|p1a: Ambipom|atk|1
|-unboost|p1b: Sylveon|atk|1
|turn|4
|
|t:|1750863512
|move|p2b: Incineroar|Fake Out|p1b: Sylveon
|-damage|p1b: Sylveon|85/100
|move|p1a: Ambipom|Fury Swipes|p2a: Ogerpon
|-damage|p2a: Ogerpon|49/100 par
|-damage|p2a: Ogerpon|43/100 par
|-damage|p2a: Ogerpon|38/100 par
|-damage|p2a: Ogerpon|33/100 par
|-damage|p2a: Ogerpon|27/100 par
|-hitcount|p2a: Ogerpon|5
|cant|p1b: Sylveon|flinch
|move|p2a: Ogerpon|Ivy Cudgel|p1a: Ambipom|[anim] Ivy Cudgel Fire
|-damage|p1a: Ambipom|0 fnt
|faint|p1a: Ambipom
|
|-weather|SunnyDay|[upkeep]
|-heal|p1b: Sylveon|91/100|[from] Grassy Terrain
|-heal|p2a: Ogerpon|33/100 par|[from] Grassy Terrain
|-sideend|p1: vuolod|move: Tailwind
|upkeep
|turn|5
|inactive|noideawithaone? has 30 seconds left.
|
|t:|1750863544
|move|p1b: Sylveon|Hyper Voice|p2a: Ogerpon|[spread] p2a,p2b
|-resisted|p2a: Ogerpon
|-damage|p2a: Ogerpon|0 fnt
|-damage|p2b: Incineroar|35/100
|faint|p2a: Ogerpon
|detailschange|p2: Ogerpon|Ogerpon-Hearthflame, L50, F|[silent]
|move|p2b: Incineroar|Flare Blitz|p1b: Sylveon
|-damage|p1b: Sylveon|0 fnt
|faint|p1b: Sylveon
|-damage|p2b: Incineroar|9/100|[from] Recoil
|
|win|noideawithaone?
|raw|vuolod's rating: 1062 &rarr; <strong>1047</strong><br />(-15 for losing)
|raw|noideawithaone?'s rating: 1150 &rarr; <strong>1169</strong><br />(+19 for winning)
|l|☆vuolod
|player|p1|
|l|☆noideawithaone?
|player|p2|
