|j|☆ArtiboniteLadder
|j|☆TheParasectKing
|t:|1750878089
|gametype|doubles
|player|p1|ArtiboniteLadder|firebreather|1422
|player|p2|TheParasectKing|acetrainer-gen4dp|1454
|teamsize|p1|6
|teamsize|p2|6
|gen|9
|tier|[Gen 9] VGC 2025 Reg I
|rated|
|rule|Species Clause: Limit one of each Pokémon
|rule|Item Clause: Limit 1 of each item
|clearpoke
|poke|p1|Kyogre, L50|
|poke|p1|Sinistcha-Masterpiece, L50|
|poke|p1|Incineroar, L50, F|
|poke|p1|Ursaluna, L50, F|
|poke|p1|Dialga, L50|
|poke|p1|Landorus, L50, M|
|poke|p2|Miraidon, L50|
|poke|p2|Calyrex-Shadow, L50|
|poke|p2|Farigiraf, L50, F|
|poke|p2|Iron Hands, L50|
|poke|p2|Whimsicott, L50, F|
|poke|p2|Ursaluna, L50, M|
|teampreview|4
|inactive|Battle timer is ON: inactive players will automatically lose when time's up. (requested by TheParasectKing)
|inactive|TheParasectKing has 60 seconds left.
|inactive|TheParasectKing has 30 seconds left.
|inactive|TheParasectKing has 20 seconds left.
|inactive|TheParasectKing has 15 seconds left.
|inactive|TheParasectKing has 10 seconds left.
|inactive|TheParasectKing has 5 seconds left.
|
|t:|1750878178
|start
|switch|p1a: Ursaluna|Ursaluna, L50, F|100/100
|switch|p1b: Dialga|Dialga, L50|100/100
|switch|p2a: Mirai|Miraidon, L50|100/100
|switch|p2b: Whims|Whimsicott, L50, F|100/100
|-fieldstart|move: Electric Terrain|[from] ability: Hadron Engine|[of] p2a: Mirai
|turn|1
|
|t:|1750878193
|move|p1b: Dialga|Protect|p1b: Dialga
|-singleturn|p1b: Dialga|Protect
|move|p2a: Mirai|Volt Switch|p1b: Dialga
|-activate|p1b: Dialga|move: Protect
|move|p2b: Whims|Moonblast|p1a: Ursaluna
|-damage|p1a: Ursaluna|75/100
|-unboost|p1a: Ursaluna|spa|1
|move|p1a: Ursaluna|Headlong Rush|p2a: Mirai
|-supereffective|p2a: Mirai
|-damage|p2a: Mirai|0 fnt
|-unboost|p1a: Ursaluna|def|1
|-unboost|p1a: Ursaluna|spd|1
|faint|p2a: Mirai
|
|-status|p1a: Ursaluna|brn|[from] item: Flame Orb
|upkeep
|
|t:|1750878199
|switch|p2a: csr|Calyrex-Shadow, L50|100/100
|-ability|p2a: csr|As One
|-ability|p2a: csr|Unnerve
|turn|2
|inactive|ArtiboniteLadder has 30 seconds left.
|
|t:|1750878233
|switch|p1b: Kyogre|Kyogre, L50|100/100
|-weather|RainDance|[from] ability: Drizzle|[of] p1b: Kyogre
|move|p2b: Whims|Encore||[still]
|-fail|p2b: Whims
|move|p2a: csr|Psychic|p1a: Ursaluna
|-damage|p1a: Ursaluna|0 fnt
|faint|p1a: Ursaluna
|-ability|p2a: csr|Grim Neigh|boost
|-boost|p2a: csr|spa|1
|-damage|p2a: csr|91/100|[from] item: Life Orb
|
|-weather|RainDance|[upkeep]
|upkeep
|
|t:|1750878241
|switch|p1a: Dialga|Dialga, L50|100/100
|turn|3
|inactive|TheParasectKing has 30 seconds left.
|
|t:|1750878267
|move|p2a: csr|Astral Barrage|p1b: Kyogre|[spread] p1a,p1b
|-damage|p1a: Dialga|8/100
|-damage|p1b: Kyogre|54/100
|-damage|p2a: csr|82/100|[from] item: Life Orb
|move|p2b: Whims|Moonblast|p1a: Dialga
|-damage|p1a: Dialga|0 fnt
|faint|p1a: Dialga
|move|p1b: Kyogre|Hydro Pump|p2a: csr
|-damage|p2a: csr|0 fnt
|faint|p2a: csr
|
|-weather|RainDance|[upkeep]
|upkeep
|
|t:|1750878272
|switch|p2a: Hands|Iron Hands, L50|100/100
|switch|p1a: Sinistcha|Sinistcha-Masterpiece, L50|100/100
|-heal|p1b: Kyogre|78/100|[from] ability: Hospitality|[of] p1a: Sinistcha
|-activate|p2a: Hands|ability: Quark Drive
|-start|p2a: Hands|quarkdriveatk
|turn|4
|
|t:|1750878294
|-terastallize|p2a: Hands|Water
|move|p2b: Whims|Encore|p1b: Kyogre
|-start|p1b: Kyogre|Encore
|move|p1b: Kyogre|Hydro Pump|p2b: Whims
|-resisted|p2b: Whims
|-damage|p2b: Whims|40/100
|move|p1a: Sinistcha|Matcha Gotcha|p2a: Hands|[spread] p2a
|-miss|p1a: Sinistcha|p2b: Whims
|-supereffective|p2a: Hands
|-damage|p2a: Hands|63/100
|move|p2a: Hands|Wild Charge|p1a: Sinistcha
|-resisted|p1a: Sinistcha
|-damage|p1a: Sinistcha|62/100
|-damage|p2a: Hands|47/100|[from] item: Rocky Helmet|[of] p1a: Sinistcha
|-damage|p2a: Hands|39/100|[from] Recoil
|
|-weather|RainDance|[upkeep]
|upkeep
|turn|5
|
|t:|1750878312
|move|p2b: Whims|Endeavor|p1b: Kyogre
|-damage|p1b: Kyogre|32/100
|move|p1b: Kyogre|Hydro Pump|p2a: Hands
|-resisted|p2a: Hands
|-damage|p2a: Hands|9/100
|move|p1a: Sinistcha|Matcha Gotcha|p2a: Hands|[spread] p2a,p2b
|-supereffective|p2a: Hands
|-resisted|p2b: Whims
|-damage|p2a: Hands|0 fnt
|-heal|p1a: Sinistcha|68/100|[from] drain|[of] p2a: Hands
|-damage|p2b: Whims|24/100
|-heal|p1a: Sinistcha|76/100|[from] drain|[of] p2b: Whims
|-status|p2b: Whims|brn
|faint|p2a: Hands
|-end|p2a: Hands|Quark Drive|[silent]
|
|-weather|RainDance|[upkeep]
|-damage|p2b: Whims|17/100 brn|[from] brn
|-fieldend|move: Electric Terrain
|upkeep
|turn|6
|-message|TheParasectKing forfeited.
|
|win|ArtiboniteLadder
|raw|ArtiboniteLadder's rating: 1422 &rarr; <strong>1444</strong><br />(+22 for winning)
|raw|TheParasectKing's rating: 1454 &rarr; <strong>1432</strong><br />(-22 for losing)
|l|☆TheParasectKing
|player|p2|
|l|☆ArtiboniteLadder
|player|p1|
