|j|☆Sakuraa2004
|j|☆Toasteduck
|t:|1750777619
|gametype|doubles
|player|p1|Sakuraa2004|pokemonbreederf-gen4|1523
|player|p2|Toasteduck|2|1634
|teamsize|p1|6
|teamsize|p2|6
|gen|9
|tier|[Gen 9] VGC 2025 Reg I
|rated|
|rule|Species Clause: Limit one of each Pokémon
|rule|Item Clause: Limit 1 of each item
|clearpoke
|poke|p1|Miraidon, L50|
|poke|p1|Lunala, L50|
|poke|p1|Incineroar, L50, F|
|poke|p1|Iron Treads, L50|
|poke|p1|Chesnaught, L50, F|
|poke|p1|Whimsicott, L50, F|
|poke|p2|Giratina-Origin, L50|
|poke|p2|Miraidon, L50|
|poke|p2|Iron Bundle, L50|
|poke|p2|Ting-Lu, L50|
|poke|p2|Incineroar, L50, F|
|poke|p2|Mienshao, L50, M|
|teampreview|4
|inactive|Battle timer is ON: inactive players will automatically lose when time's up. (requested by Sakuraa2004)
|inactive|Sakuraa2004 has 60 seconds left.
|inactive|Toasteduck has 60 seconds left.
|inactive|Toasteduck has 30 seconds left.
|
|t:|1750777683
|start
|switch|p1a: Miraidon|Miraidon, L50|100/100
|switch|p1b: Lunala|Lunala, L50|100/100
|switch|p2a: Ting-Lu|Ting-Lu, L50|100/100
|switch|p2b: Giratina|Giratina-Origin, L50|100/100
|-fieldstart|move: Electric Terrain|[from] ability: Hadron Engine|[of] p1a: Miraidon
|-ability|p2a: Ting-Lu|Vessel of Ruin
|turn|1
|
|t:|1750777707
|switch|p1b: Chesnaught|Chesnaught, L50, F|100/100
|-enditem|p1b: Chesnaught|Electric Seed
|-boost|p1b: Chesnaught|def|1|[from] item: Electric Seed
|move|p2b: Giratina|Protect|p2b: Giratina
|-singleturn|p2b: Giratina|Protect
|move|p1a: Miraidon|Volt Switch|p2b: Giratina
|-activate|p2b: Giratina|move: Protect
|move|p2a: Ting-Lu|Snarl|p1a: Miraidon|[spread] p1a,p1b
|-resisted|p1b: Chesnaught
|-damage|p1a: Miraidon|96/100
|-damage|p1b: Chesnaught|96/100
|-unboost|p1a: Miraidon|spa|1
|-unboost|p1b: Chesnaught|spa|1
|
|upkeep
|turn|2
|
|t:|1750777722
|switch|p2a: Incineroar|Incineroar, L50, F|100/100
|-ability|p2a: Incineroar|Intimidate|boost
|-unboost|p1a: Miraidon|atk|1
|-unboost|p1b: Chesnaught|atk|1
|move|p1a: Miraidon|Volt Switch|p2b: Giratina
|-resisted|p2b: Giratina
|-damage|p2b: Giratina|87/100
|
|t:|1750777730
|switch|p1a: Incineroar|Incineroar, L50, F|100/100|[from] Volt Switch
|-ability|p1a: Incineroar|Intimidate|boost
|-unboost|p2a: Incineroar|atk|1
|-unboost|p2b: Giratina|atk|1
|move|p2b: Giratina|Poltergeist|p1a: Incineroar
|-activate|p1a: Incineroar|move: Poltergeist|Rocky Helmet
|-resisted|p1a: Incineroar
|-damage|p1a: Incineroar|83/100
|move|p1b: Chesnaught|Leech Seed|p2a: Incineroar
|-start|p2a: Incineroar|move: Leech Seed
|
|-damage|p2a: Incineroar|88/100|[from] Leech Seed|[of] p1b: Chesnaught
|-heal|p1b: Chesnaught|100/100|[silent]
|upkeep
|turn|3
|inactive|Toasteduck has 30 seconds left.
|
|t:|1750777759
|switch|p2a: Miraidon|Miraidon, L50|100/100
|-activate|p2a: Miraidon|ability: Hadron Engine
|move|p2b: Giratina|Protect|p2b: Giratina
|-singleturn|p2b: Giratina|Protect
|move|p1a: Incineroar|Parting Shot|p2b: Giratina
|-activate|p2b: Giratina|move: Protect
|move|p1b: Chesnaught|Leech Seed|p2b: Giratina
|-activate|p2b: Giratina|move: Protect
|
|upkeep
|turn|4
|
|t:|1750777774
|switch|p2b: Incineroar|Incineroar, L50, F|88/100
|-ability|p2b: Incineroar|Intimidate|boost
|-unboost|p1a: Incineroar|atk|1
|-unboost|p1b: Chesnaught|atk|1
|move|p2a: Miraidon|Electro Drift|p1a: Incineroar
|-damage|p1a: Incineroar|0 fnt
|-damage|p2a: Miraidon|84/100|[from] item: Rocky Helmet|[of] p1a: Incineroar
|faint|p1a: Incineroar
|move|p1b: Chesnaught|Leech Seed|p2a: Miraidon
|-start|p2a: Miraidon|move: Leech Seed
|
|-damage|p2a: Miraidon|72/100|[from] Leech Seed|[of] p1b: Chesnaught
|upkeep
|
|t:|1750777786
|switch|p1a: Miraidon|Miraidon, L50|96/100
|-activate|p1a: Miraidon|ability: Hadron Engine
|turn|5
|
|t:|1750777797
|switch|p2a: Giratina|Giratina-Origin, L50|87/100
|move|p2b: Incineroar|Fake Out|p1a: Miraidon
|-damage|p1a: Miraidon|86/100
|cant|p1a: Miraidon|flinch
|move|p1b: Chesnaught|Body Press|p2b: Incineroar
|-supereffective|p2b: Incineroar
|-damage|p2b: Incineroar|9/100
|-damage|p1b: Chesnaught|84/100|[from] item: Rocky Helmet|[of] p2b: Incineroar
|
|-fieldend|move: Electric Terrain
|upkeep
|turn|6
|inactive|Toasteduck has 30 seconds left.
|
|t:|1750777825
|move|p2a: Giratina|Protect|p2a: Giratina
|-singleturn|p2a: Giratina|Protect
|move|p1a: Miraidon|Draco Meteor|p2a: Giratina
|-activate|p2a: Giratina|move: Protect
|move|p1b: Chesnaught|Body Press|p2b: Incineroar
|-supereffective|p2b: Incineroar
|-damage|p2b: Incineroar|0 fnt
|-damage|p1b: Chesnaught|68/100|[from] item: Rocky Helmet|[of] p2b: Incineroar
|faint|p2b: Incineroar
|
|upkeep
|
|t:|1750777841
|switch|p2b: Ting-Lu|Ting-Lu, L50|100/100
|-ability|p2b: Ting-Lu|Vessel of Ruin
|turn|7
|
|t:|1750777856
|-terastallize|p2a: Giratina|Fire
|move|p1a: Miraidon|Draco Meteor|p2a: Giratina
|-damage|p2a: Giratina|51/100
|-unboost|p1a: Miraidon|spa|2
|move|p2a: Giratina|Dragon Claw|p1a: Miraidon
|-supereffective|p1a: Miraidon
|-damage|p1a: Miraidon|0 fnt
|faint|p1a: Miraidon
|move|p1b: Chesnaught|Leech Seed|p2b: Ting-Lu
|-start|p2b: Ting-Lu|move: Leech Seed
|move|p2b: Ting-Lu|Ruination|p1b: Chesnaught
|-damage|p1b: Chesnaught|34/100
|
|-damage|p2b: Ting-Lu|88/100|[from] Leech Seed|[of] p1b: Chesnaught
|-heal|p1b: Chesnaught|51/100|[silent]
|upkeep
|
|t:|1750777871
|switch|p1a: Lunala|Lunala, L50|100/100
|turn|8
|
|t:|1750777885
|switch|p2a: Miraidon|Miraidon, L50|72/100
|-fieldstart|move: Electric Terrain|[from] ability: Hadron Engine|[of] p2a: Miraidon
|move|p1a: Lunala|Meteor Beam||[still]
|-prepare|p1a: Lunala|Meteor Beam
|-boost|p1a: Lunala|spa|1
|-enditem|p1a: Lunala|Power Herb
|-anim|p1a: Lunala|Meteor Beam|p2a: Miraidon
|-damage|p2a: Miraidon|21/100
|move|p1b: Chesnaught|Leech Seed|p2a: Miraidon
|-start|p2a: Miraidon|move: Leech Seed
|move|p2b: Ting-Lu|Snarl|p1b: Chesnaught|[spread] p1a,p1b
|-supereffective|p1a: Lunala
|-resisted|p1b: Chesnaught
|-damage|p1a: Lunala|87/100
|-damage|p1b: Chesnaught|46/100
|-unboost|p1a: Lunala|spa|1
|-unboost|p1b: Chesnaught|spa|1
|
|-damage|p2a: Miraidon|8/100|[from] Leech Seed|[of] p1b: Chesnaught
|-heal|p1b: Chesnaught|57/100|[silent]
|-damage|p2b: Ting-Lu|76/100|[from] Leech Seed|[of] p1b: Chesnaught
|-heal|p1b: Chesnaught|74/100|[silent]
|upkeep
|turn|9
|
|t:|1750777910
|move|p1b: Chesnaught|Spiky Shield|p1b: Chesnaught
|-singleturn|p1b: Chesnaught|move: Protect
|move|p2a: Miraidon|Draco Meteor|p1b: Chesnaught
|-activate|p1b: Chesnaught|move: Protect
|move|p1a: Lunala|Moonblast|p2b: Ting-Lu
|-supereffective|p2b: Ting-Lu
|-damage|p2b: Ting-Lu|48/100
|move|p2b: Ting-Lu|Sand Tomb|p1b: Chesnaught
|-activate|p1b: Chesnaught|move: Protect
|
|-damage|p2a: Miraidon|0 fnt|[from] Leech Seed|[of] p1b: Chesnaught
|-heal|p1b: Chesnaught|81/100|[silent]
|faint|p2a: Miraidon
|-damage|p2b: Ting-Lu|36/100|[from] Leech Seed|[of] p1b: Chesnaught
|-heal|p1b: Chesnaught|97/100|[silent]
|upkeep
|
|t:|1750777913
|switch|p2a: Giratina|Giratina-Origin, L50, tera:Fire|51/100
|turn|10
|
|t:|1750777930
|move|p2a: Giratina|Shadow Sneak|p1a: Lunala
|-supereffective|p1a: Lunala
|-damage|p1a: Lunala|9/100
|move|p1a: Lunala|Meteor Beam||[still]
|-prepare|p1a: Lunala|Meteor Beam
|-boost|p1a: Lunala|spa|1
|move|p1b: Chesnaught|Body Press|p2b: Ting-Lu
|-supereffective|p2b: Ting-Lu
|-damage|p2b: Ting-Lu|0 fnt
|faint|p2b: Ting-Lu
|
|upkeep
|turn|11
|
|t:|1750777948
|move|p2a: Giratina|Shadow Sneak|p1a: Lunala
|-supereffective|p1a: Lunala
|-crit|p1a: Lunala
|-damage|p1a: Lunala|0 fnt
|faint|p1a: Lunala
|move|p1b: Chesnaught|Leech Seed|p2a: Giratina
|-start|p2a: Giratina|move: Leech Seed
|
|-damage|p2a: Giratina|39/100|[from] Leech Seed|[of] p1b: Chesnaught
|-heal|p1b: Chesnaught|100/100|[silent]
|upkeep
|turn|12
|
|t:|1750777956
|move|p2a: Giratina|Protect|p2a: Giratina
|-singleturn|p2a: Giratina|Protect
|move|p1b: Chesnaught|Spiky Shield||[still]
|-fail|p1b: Chesnaught
|
|-damage|p2a: Giratina|26/100|[from] Leech Seed|[of] p1b: Chesnaught
|-fieldend|move: Electric Terrain
|upkeep
|turn|13
|
|t:|1750777961
|move|p2a: Giratina|Dragon Claw|p1b: Chesnaught
|-damage|p1b: Chesnaught|77/100
|move|p1b: Chesnaught|Body Press|p2a: Giratina
|-damage|p2a: Giratina|0 fnt
|faint|p2a: Giratina
|
|win|Sakuraa2004
|raw|Sakuraa2004's rating: 1523 &rarr; <strong>1549</strong><br />(+26 for winning)
|raw|Toasteduck's rating: 1634 &rarr; <strong>1608</strong><br />(-26 for losing)
|c|☆Toasteduck|ggs
|l|☆Toasteduck
|player|p2|
|l|☆Sakuraa2004
|player|p1|
