|j|☆beatmeat69
|j|☆Tonypajamas17
|t:|1750712776
|gametype|doubles
|player|p1|beatmeat69|n|1344
|player|p2|Tonypajamas17|169|1338
|teamsize|p1|6
|teamsize|p2|6
|gen|9
|tier|[Gen 9] VGC 2025 Reg I
|rated|
|rule|Species Clause: Limit one of each Pokémon
|rule|Item Clause: Limit 1 of each item
|clearpoke
|poke|p1|Miraidon, L50|
|poke|p1|Farigiraf, L50, F|
|poke|p1|Archaludon, L50, F|
|poke|p1|Kyogre, L50|
|poke|p1|Whimsicott, L50, M|
|poke|p1|Hariyama, L50, M|
|poke|p2|Ho-Oh, L50|
|poke|p2|Terapagos, L50, M|
|poke|p2|Urshifu-*, L50, F|
|poke|p2|Rillaboom, L50, F|
|poke|p2|Flutter Mane, L50|
|poke|p2|Raichu, L50, M|
|teampreview|4
|j| poorboywinston
|
|t:|1750712802
|start
|switch|p1a: Kyogre|Kyogre, L50|100/100
|switch|p1b: Whimsicott|Whimsicott, L50, M|100/100
|switch|p2a: Raichu|Raichu, L50, M, shiny|100/100
|switch|p2b: Terapagos|Terapagos, L50, M|100/100
|-activate|p2b: Terapagos|ability: Tera Shift
|detailschange|p2b: Terapagos|Terapagos-Terastal, L50, M
|-heal|p2b: Terapagos|100/100|[silent]
|-weather|RainDance|[from] ability: Drizzle|[of] p1a: Kyogre
|turn|1
|
|t:|1750712820
|-terastallize|p1a: Kyogre|Water
|-terastallize|p2b: Terapagos|Stellar
|detailschange|p2b: Terapagos|Terapagos-Stellar, L50, M, tera:Stellar
|-heal|p2b: Terapagos|100/100|[silent]
|-ability|p2b: Terapagos|Teraform Zero
|-weather|none
|move|p2a: Raichu|Fake Out|p1a: Kyogre
|-damage|p1a: Kyogre|92/100
|move|p1b: Whimsicott|Tailwind|p1b: Whimsicott
|-sidestart|p1: beatmeat69|move: Tailwind
|cant|p1a: Kyogre|flinch
|move|p2b: Terapagos|Tera Starstorm|p1a: Kyogre|[spread] p1a,p1b
|-supereffective|p1a: Kyogre
|-damage|p1a: Kyogre|34/100
|-damage|p1b: Whimsicott|36/100
|
|upkeep
|turn|2
|
|t:|1750712843
|switch|p2a: Rillaboom|Rillaboom, L50, F|100/100
|-fieldstart|move: Grassy Terrain|[from] ability: Grassy Surge|[of] p2a: Rillaboom
|move|p1a: Kyogre|Protect|p1a: Kyogre
|-singleturn|p1a: Kyogre|Protect
|move|p1b: Whimsicott|Encore||[still]
|-fail|p1b: Whimsicott
|move|p2b: Terapagos|Tera Starstorm|p1b: Whimsicott|[spread] p1b
|-activate|p1a: Kyogre|move: Protect
|-damage|p1b: Whimsicott|0 fnt
|faint|p1b: Whimsicott
|
|-heal|p1a: Kyogre|40/100|[from] Grassy Terrain
|upkeep
|
|t:|1750712853
|switch|p1b: Hariyama|Hariyama, L50, M|100/100
|turn|3
|
|t:|1750712863
|move|p1b: Hariyama|Fake Out|p2b: Terapagos
|-damage|p2b: Terapagos|91/100
|move|p2a: Rillaboom|Fake Out|p1b: Hariyama
|-damage|p1b: Hariyama|87/100
|move|p1a: Kyogre|Origin Pulse|p2a: Rillaboom|[spread] p2a,p2b
|-resisted|p2a: Rillaboom
|-damage|p2a: Rillaboom|73/100
|-damage|p2b: Terapagos|27/100
|-damage|p1a: Kyogre|30/100|[from] item: Life Orb
|cant|p2b: Terapagos|flinch
|
|-heal|p1a: Kyogre|36/100|[from] Grassy Terrain
|-heal|p1b: Hariyama|93/100|[from] Grassy Terrain
|-heal|p2b: Terapagos|33/100|[from] Grassy Terrain
|-heal|p2b: Terapagos|39/100|[from] item: Leftovers
|-heal|p2a: Rillaboom|79/100|[from] Grassy Terrain
|-status|p1b: Hariyama|brn|[from] item: Flame Orb
|upkeep
|turn|4
|
|t:|1750712883
|switch|p2b: Raichu|Raichu, L50, M, shiny|100/100
|move|p2a: Rillaboom|Grassy Glide|p1a: Kyogre
|-supereffective|p1a: Kyogre
|-damage|p1a: Kyogre|0 fnt
|faint|p1a: Kyogre
|move|p1b: Hariyama|Close Combat|p2a: Rillaboom
|-damage|p2a: Rillaboom|0 fnt
|-unboost|p1b: Hariyama|def|1
|-unboost|p1b: Hariyama|spd|1
|faint|p2a: Rillaboom
|
|-heal|p1b: Hariyama|99/100 brn|[from] Grassy Terrain
|-damage|p1b: Hariyama|93/100 brn|[from] brn
|-sideend|p1: beatmeat69|move: Tailwind
|upkeep
|
|t:|1750712897
|switch|p1a: Miraidon|Miraidon, L50|100/100
|switch|p2a: Ho-Oh|Ho-Oh, L50, shiny|100/100
|-fieldstart|move: Electric Terrain|[from] ability: Hadron Engine|[of] p1a: Miraidon
|turn|5
|
|t:|1750712915
|move|p2b: Raichu|Fake Out|p1a: Miraidon
|-damage|p1a: Miraidon|92/100
|move|p1b: Hariyama|Bullet Punch|p2b: Raichu
|-resisted|p2b: Raichu
|-damage|p2b: Raichu|75/100
|cant|p1a: Miraidon|flinch
|move|p2a: Ho-Oh|Brave Bird|p1b: Hariyama
|-supereffective|p1b: Hariyama
|-damage|p1b: Hariyama|0 fnt
|faint|p1b: Hariyama
|-damage|p2a: Ho-Oh|64/100|[from] Recoil
|
|upkeep
|turn|6
|
|t:|1750712933
|move|p1a: Miraidon|Dazzling Gleam|p2a: Ho-Oh|[spread] p2a,p2b
|-resisted|p2a: Ho-Oh
|-damage|p2a: Ho-Oh|55/100
|-damage|p2b: Raichu|23/100
|move|p2b: Raichu|Thunderbolt|p1a: Miraidon
|-resisted|p1a: Miraidon
|-damage|p1a: Miraidon|80/100
|move|p2a: Ho-Oh|Tailwind|p2a: Ho-Oh
|-sidestart|p2: Tonypajamas17|move: Tailwind
|
|upkeep
|turn|7
|l| poorboywinston
|
|t:|1750712946
|move|p2b: Raichu|Electroweb|p1a: Miraidon
|-resisted|p1a: Miraidon
|-damage|p1a: Miraidon|74/100
|-unboost|p1a: Miraidon|spe|1
|move|p2a: Ho-Oh|Sacred Fire|p1a: Miraidon
|-resisted|p1a: Miraidon
|-damage|p1a: Miraidon|48/100
|move|p1a: Miraidon|Dazzling Gleam|p2a: Ho-Oh|[spread] p2a,p2b
|-resisted|p2a: Ho-Oh
|-damage|p2a: Ho-Oh|45/100
|-damage|p2b: Raichu|0 fnt
|faint|p2b: Raichu
|
|upkeep
|
|t:|1750712955
|switch|p2b: Terapagos|Terapagos-Stellar, L50, M, tera:Stellar|39/100
|turn|8
|
|t:|1750712960
|move|p2b: Terapagos|Earth Power|p1a: Miraidon
|-supereffective|p1a: Miraidon
|-damage|p1a: Miraidon|0 fnt
|faint|p1a: Miraidon
|
|win|Tonypajamas17
|raw|beatmeat69's rating: 1344 &rarr; <strong>1324</strong><br />(-20 for losing)
|raw|Tonypajamas17's rating: 1338 &rarr; <strong>1358</strong><br />(+20 for winning)
|l|☆beatmeat69
|player|p1|
|l|☆Tonypajamas17
|player|p2|
