|j|☆rongyin2
|j|☆3Anna
|t:|1750813117
|gametype|doubles
|player|p1|rongyin2|dawn|1452
|player|p2|3Anna|1|1429
|teamsize|p1|6
|teamsize|p2|6
|gen|9
|tier|[Gen 9] VGC 2025 Reg I
|rated|
|rule|Species Clause: Limit one of each Pokémon
|rule|Item Clause: Limit 1 of each item
|clearpoke
|poke|p1|Calyrex-Shadow, L50|
|poke|p1|Weezing-Galar, L50, F|
|poke|p1|Regigigas, L50|
|poke|p1|Eternatus, L50|
|poke|p1|Incineroar, L50, F|
|poke|p1|Klefki, L50, M|
|poke|p2|Calyrex-Shadow, L50|
|poke|p2|Zamazenta-*, L50|
|poke|p2|Chien-Pao, L50|
|poke|p2|Raging Bolt, L50|
|poke|p2|Ting-Lu, L50|
|poke|p2|Dondozo, L50, F|
|teampreview|4
|
|t:|1750813147
|start
|switch|p1a: Incineroar|Incineroar, L50, F|100/100
|switch|p1b: Klefki|Klefki, L50, M|100/100
|switch|p2a: Calyrex|Calyrex-Shadow, L50|100/100
|switch|p2b: Chien-Pao|Chien-Pao, L50|100/100
|-ability|p2a: Calyrex|As One
|-ability|p2a: Calyrex|Unnerve
|-ability|p2b: Chien-Pao|Sword of Ruin
|-ability|p1a: Incineroar|Intimidate|boost
|-unboost|p2a: Calyrex|atk|1
|-unboost|p2b: Chien-Pao|atk|1
|turn|1
|inactive|Battle timer is ON: inactive players will automatically lose when time's up. (requested by 3Anna)
|
|t:|1750813172
|-terastallize|p2a: Calyrex|Ghost
|move|p1b: Klefki|Light Screen|p1b: Klefki
|-sidestart|p1: rongyin2|move: Light Screen
|move|p2a: Calyrex|Astral Barrage|p1a: Incineroar|[spread] p1a,p1b
|-resisted|p1a: Incineroar
|-crit|p1b: Klefki
|-damage|p1a: Incineroar|79/100
|-damage|p1b: Klefki|0 fnt
|faint|p1b: Klefki
|-ability|p2a: Calyrex|Grim Neigh|boost
|-boost|p2a: Calyrex|spa|1
|move|p2b: Chien-Pao|Sacred Sword|p1a: Incineroar
|-supereffective|p1a: Incineroar
|-damage|p1a: Incineroar|35/100
|move|p1a: Incineroar|Knock Off|p2a: Calyrex
|-supereffective|p2a: Calyrex
|-damage|p2a: Calyrex|0 fnt
|-enditem|p2a: Calyrex|Spooky Plate|[from] move: Knock Off|[of] p1a: Incineroar
|faint|p2a: Calyrex
|
|upkeep
|
|t:|1750813194
|switch|p2a: Ting-Lu|Ting-Lu, L50|100/100
|switch|p1b: Calyrex|Calyrex-Shadow, L50|100/100
|-ability|p1b: Calyrex|As One
|-ability|p1b: Calyrex|Unnerve
|-ability|p2a: Ting-Lu|Vessel of Ruin
|turn|2
|
|t:|1750813217
|-terastallize|p1b: Calyrex|Fairy
|move|p2b: Chien-Pao|Protect|p2b: Chien-Pao
|-singleturn|p2b: Chien-Pao|Protect
|move|p1b: Calyrex|Nasty Plot|p1b: Calyrex
|-boost|p1b: Calyrex|spa|2
|move|p1a: Incineroar|Parting Shot|p2a: Ting-Lu
|-unboost|p2a: Ting-Lu|atk|1
|-unboost|p2a: Ting-Lu|spa|1
|
|t:|1750813226
|switch|p1a: Eternatus|Eternatus, L50|100/100|[from] Parting Shot
|-ability|p1a: Eternatus|Pressure
|move|p2a: Ting-Lu|Bulldoze|p1a: Eternatus|[spread] p1a,p1b
|-activate|p2b: Chien-Pao|move: Protect
|-supereffective|p1a: Eternatus
|-damage|p1a: Eternatus|78/100
|-damage|p1b: Calyrex|85/100
|-unboost|p1a: Eternatus|spe|1
|-unboost|p1b: Calyrex|spe|1
|
|upkeep
|turn|3
|
|t:|1750813243
|switch|p1a: Incineroar|Incineroar, L50, F|35/100
|-ability|p1a: Incineroar|Intimidate|boost
|-unboost|p2a: Ting-Lu|atk|1
|-unboost|p2b: Chien-Pao|atk|1
|move|p2b: Chien-Pao|Icicle Crash|p1a: Incineroar
|-resisted|p1a: Incineroar
|-damage|p1a: Incineroar|22/100
|move|p1b: Calyrex|Draining Kiss|p2b: Chien-Pao
|-supereffective|p2b: Chien-Pao
|-enditem|p2b: Chien-Pao|Focus Sash
|-damage|p2b: Chien-Pao|1/100
|-heal|p1b: Calyrex|100/100|[from] drain|[of] p2b: Chien-Pao
|move|p2a: Ting-Lu|Whirlwind|p1b: Calyrex
|drag|p1b: Eternatus|Eternatus, L50|78/100
|-ability|p1b: Eternatus|Pressure
|
|upkeep
|turn|4
|
|t:|1750813266
|switch|p2b: Zamazenta|Zamazenta-Crowned, L50|100/100
|-ability|p2b: Zamazenta|Dauntless Shield|boost
|-boost|p2b: Zamazenta|def|1
|move|p1a: Incineroar|Fake Out|p2b: Zamazenta
|-resisted|p2b: Zamazenta
|-damage|p2b: Zamazenta|98/100
|move|p1b: Eternatus|Sludge Bomb|p2a: Ting-Lu
|-resisted|p2a: Ting-Lu
|-damage|p2a: Ting-Lu|84/100
|move|p2a: Ting-Lu|Ruination|p1b: Eternatus
|-damage|p1b: Eternatus|39/100
|
|upkeep
|turn|5
|inactive|3Anna has 30 seconds left.
|inactive|3Anna has 20 seconds left.
|inactive|3Anna has 15 seconds left.
|inactive|3Anna has 10 seconds left.
|
|t:|1750813313
|move|p2b: Zamazenta|Crunch|p1b: Eternatus
|-damage|p1b: Eternatus|22/100
|move|p1b: Eternatus|Sludge Bomb|p2a: Ting-Lu
|-resisted|p2a: Ting-Lu
|-damage|p2a: Ting-Lu|69/100
|move|p1a: Incineroar|Flare Blitz|p2b: Zamazenta
|-supereffective|p2b: Zamazenta
|-damage|p2b: Zamazenta|59/100
|-damage|p1a: Incineroar|9/100|[from] Recoil
|move|p2a: Ting-Lu|Bulldoze|p1a: Incineroar|[spread] p2b,p1a,p1b
|-supereffective|p2b: Zamazenta
|-crit|p2b: Zamazenta
|-supereffective|p1a: Incineroar
|-supereffective|p1b: Eternatus
|-damage|p2b: Zamazenta|25/100
|-damage|p1a: Incineroar|0 fnt
|-damage|p1b: Eternatus|9/100
|-unboost|p2b: Zamazenta|spe|1
|-unboost|p1b: Eternatus|spe|1
|faint|p1a: Incineroar
|
|upkeep
|
|t:|1750813328
|switch|p1a: Calyrex|Calyrex-Shadow, L50, tera:Fairy|100/100
|-ability|p1a: Calyrex|As One
|-ability|p1a: Calyrex|Unnerve
|turn|6
|
|t:|1750813343
|move|p2b: Zamazenta|Protect|p2b: Zamazenta
|-singleturn|p2b: Zamazenta|Protect
|move|p1a: Calyrex|Astral Barrage|p2a: Ting-Lu|[spread] p2a
|-activate|p2b: Zamazenta|move: Protect
|-resisted|p2a: Ting-Lu
|-damage|p2a: Ting-Lu|50/100
|move|p1b: Eternatus|Sludge Bomb|p2a: Ting-Lu
|-resisted|p2a: Ting-Lu
|-damage|p2a: Ting-Lu|33/100
|move|p2a: Ting-Lu|Bulldoze|p1a: Calyrex|[spread] p1a,p1b
|-activate|p2b: Zamazenta|move: Protect
|-supereffective|p1b: Eternatus
|-damage|p1a: Calyrex|92/100
|-damage|p1b: Eternatus|0 fnt
|-unboost|p1a: Calyrex|spe|1
|faint|p1b: Eternatus
|
|upkeep
|turn|7
|
|t:|1750813367
|move|p2b: Zamazenta|Wide Guard|p2b: Zamazenta
|-singleturn|p2b: Zamazenta|Wide Guard
|move|p1a: Calyrex|Astral Barrage|p2a: Ting-Lu|[spread] 
|-activate|p2a: Ting-Lu|move: Wide Guard
|-activate|p2b: Zamazenta|move: Wide Guard
|move|p2a: Ting-Lu|Ruination|p1a: Calyrex|[miss]
|-miss|p2a: Ting-Lu|p1a: Calyrex
|
|upkeep
|turn|8
|
|t:|1750813387
|move|p2b: Zamazenta|Wide Guard|p2b: Zamazenta
|-singleturn|p2b: Zamazenta|Wide Guard
|move|p1a: Calyrex|Astral Barrage|p2b: Zamazenta|[spread] 
|-activate|p2a: Ting-Lu|move: Wide Guard
|-activate|p2b: Zamazenta|move: Wide Guard
|move|p2a: Ting-Lu|Ruination|p1a: Calyrex
|-damage|p1a: Calyrex|46/100
|
|-sideend|p1: rongyin2|move: Light Screen
|upkeep
|turn|9
|inactive|3Anna has 30 seconds left.
|
|t:|1750813412
|move|p1a: Calyrex|Astral Barrage|p2b: Zamazenta|[spread] p2a,p2b
|-resisted|p2a: Ting-Lu
|-damage|p2a: Ting-Lu|13/100
|-damage|p2b: Zamazenta|0 fnt
|faint|p2b: Zamazenta
|-ability|p1a: Calyrex|Grim Neigh|boost
|-boost|p1a: Calyrex|spa|1
|move|p2a: Ting-Lu|Bulldoze|p1a: Calyrex
|-damage|p1a: Calyrex|34/100
|-unboost|p1a: Calyrex|spe|1
|
|upkeep
|
|t:|1750813422
|switch|p2b: Chien-Pao|Chien-Pao, L50|1/100
|-ability|p2b: Chien-Pao|Sword of Ruin
|turn|10
|
|t:|1750813432
|move|p2b: Chien-Pao|Icicle Crash|p1a: Calyrex
|-damage|p1a: Calyrex|0 fnt
|faint|p1a: Calyrex
|
|win|3Anna
|raw|rongyin2's rating: 1452 &rarr; <strong>1431</strong><br />(-21 for losing)
|raw|3Anna's rating: 1429 &rarr; <strong>1450</strong><br />(+21 for winning)
|l|☆rongyin2
|player|p1|
|l|☆3Anna
|player|p2|
