|j|☆Dead Orchid
|j|☆ItsZachStone
|t:|1750780171
|gametype|doubles
|player|p1|Dead Orchid|swimmer-gen4|1191
|player|p2|ItsZachStone|flannery|1285
|teamsize|p1|6
|teamsize|p2|6
|gen|9
|tier|[Gen 9] VGC 2025 Reg I
|rated|
|rule|Species Clause: Limit one of each Pokémon
|rule|Item Clause: Limit 1 of each item
|clearpoke
|poke|p1|Miraidon, L50|
|poke|p1|Zamazenta-*, L50|
|poke|p1|Incineroar, L50, M|
|poke|p1|Volcarona, L50, M|
|poke|p1|Chien-Pao, L50|
|poke|p1|Landorus, L50, M|
|poke|p2|Toxicroak, L50, M|
|poke|p2|Calyrex-Ice, L50|
|poke|p2|Rillaboom, L50, M|
|poke|p2|Landorus-Therian, L50, M|
|poke|p2|Kyogre, L50|
|poke|p2|Amoonguss, L50, M|
|teampreview|4
|inactive|Battle timer is ON: inactive players will automatically lose when time's up. (requested by ItsZachStone)
|inactive|Dead Orchid also wants the timer to be on.
|inactive|Dead Orchid has 60 seconds left.
|inactive|ItsZachStone has 60 seconds left.
|
|t:|1750780222
|start
|switch|p1a: Zamazenta|Zamazenta-Crowned, L50|100/100
|switch|p1b: Miraidon|Miraidon, L50|100/100
|switch|p2a: Amoonguss|Amoonguss, L50, M|100/100
|switch|p2b: Calyrex|Calyrex-Ice, L50|100/100
|-ability|p2b: Calyrex|As One
|-ability|p2b: Calyrex|Unnerve
|-fieldstart|move: Electric Terrain|[from] ability: Hadron Engine|[of] p1b: Miraidon
|-ability|p1a: Zamazenta|Dauntless Shield|boost
|-boost|p1a: Zamazenta|def|1
|turn|1
|
|t:|1750780244
|switch|p2b: Rillaboom|Rillaboom, L50, M|100/100
|-fieldstart|move: Grassy Terrain|[from] ability: Grassy Surge|[of] p2b: Rillaboom
|move|p1b: Miraidon|Volt Switch|p2b: Rillaboom
|-resisted|p2b: Rillaboom
|-damage|p2b: Rillaboom|89/100
|
|t:|1750780259
|switch|p1b: Incineroar|Incineroar, L50, M|100/100|[from] Volt Switch
|-ability|p1b: Incineroar|Intimidate|boost
|-unboost|p2a: Amoonguss|atk|1
|-unboost|p2b: Rillaboom|atk|1
|move|p1a: Zamazenta|Behemoth Bash|p2b: Rillaboom
|-damage|p2b: Rillaboom|51/100
|move|p2a: Amoonguss|Spore|p1a: Zamazenta
|-status|p1a: Zamazenta|slp|[from] move: Spore
|
|-heal|p2b: Rillaboom|57/100|[from] Grassy Terrain
|upkeep
|turn|2
|inactive|ItsZachStone has 30 seconds left.
|inactive|Dead Orchid has 30 seconds left.
|inactive|ItsZachStone has 20 seconds left.
|inactive|ItsZachStone has 15 seconds left.
|
|t:|1750780301
|switch|p1a: Miraidon|Miraidon, L50|100/100
|-fieldstart|move: Electric Terrain|[from] ability: Hadron Engine|[of] p1a: Miraidon
|switch|p2b: Kyogre|Kyogre, L50|100/100
|-weather|RainDance|[from] ability: Drizzle|[of] p2b: Kyogre
|move|p1b: Incineroar|Flare Blitz|p2a: Amoonguss
|-supereffective|p2a: Amoonguss
|-damage|p2a: Amoonguss|49/100
|-damage|p1b: Incineroar|81/100|[from] Recoil
|move|p2a: Amoonguss|Spore|p1b: Incineroar
|-activate|p1b: Incineroar|move: Electric Terrain
|
|-weather|RainDance|[upkeep]
|upkeep
|turn|3
|inactive|Dead Orchid has 30 seconds left.
|inactive|Dead Orchid has 20 seconds left.
|inactive|Dead Orchid has 15 seconds left.
|inactive|Dead Orchid has 10 seconds left.
|inactive|Dead Orchid has 5 seconds left.
|
|t:|1750780355
|switch|p2a: Rillaboom|Rillaboom, L50, M|57/100
|-fieldstart|move: Grassy Terrain|[from] ability: Grassy Surge|[of] p2a: Rillaboom
|-terastallize|p2b: Kyogre|Grass
|move|p1a: Miraidon|Volt Switch|p2b: Kyogre
|-resisted|p2b: Kyogre
|-damage|p2b: Kyogre|87/100
|
|t:|1750780364
|switch|p1a: Zamazenta|Zamazenta-Crowned, L50|100/100 slp|[from] Volt Switch
|move|p2b: Kyogre|Origin Pulse|p1b: Incineroar|[spread] p1a,p1b
|-supereffective|p1b: Incineroar
|-damage|p1a: Zamazenta|45/100 slp
|-damage|p1b: Incineroar|0 fnt
|faint|p1b: Incineroar
|
|-weather|RainDance|[upkeep]
|-heal|p1a: Zamazenta|51/100 slp|[from] Grassy Terrain
|-heal|p2b: Kyogre|93/100|[from] Grassy Terrain
|-heal|p2a: Rillaboom|63/100|[from] Grassy Terrain
|upkeep
|
|t:|1750780377
|switch|p1b: Miraidon|Miraidon, L50|100/100
|-fieldstart|move: Electric Terrain|[from] ability: Hadron Engine|[of] p1b: Miraidon
|turn|4
|
|t:|1750780386
|cant|p1a: Zamazenta|slp
|move|p2a: Rillaboom|Fake Out|p1b: Miraidon
|-damage|p1b: Miraidon|86/100
|cant|p1b: Miraidon|flinch
|move|p2b: Kyogre|Water Spout|p1b: Miraidon|[spread] p1a,p1b
|-resisted|p1b: Miraidon
|-damage|p1a: Zamazenta|0 fnt
|-damage|p1b: Miraidon|44/100
|faint|p1a: Zamazenta
|
|-weather|RainDance|[upkeep]
|upkeep
|
|t:|1750780391
|switch|p1a: Volcarona|Volcarona, L50, M|100/100
|-enditem|p1a: Volcarona|Electric Seed
|-boost|p1a: Volcarona|def|1|[from] item: Electric Seed
|turn|5
|
|t:|1750780407
|switch|p2a: Amoonguss|Amoonguss, L50, M|82/100
|-terastallize|p1a: Volcarona|Grass
|move|p2b: Kyogre|Protect|p2b: Kyogre
|-singleturn|p2b: Kyogre|Protect
|move|p1b: Miraidon|Draco Meteor|p2a: Amoonguss
|-damage|p2a: Amoonguss|0 fnt
|-unboost|p1b: Miraidon|spa|2
|faint|p2a: Amoonguss
|move|p1a: Volcarona|Quiver Dance|p1a: Volcarona
|-boost|p1a: Volcarona|spa|1
|-boost|p1a: Volcarona|spd|1
|-boost|p1a: Volcarona|spe|1
|
|-weather|RainDance|[upkeep]
|upkeep
|
|t:|1750780417
|switch|p2a: Rillaboom|Rillaboom, L50, M|63/100
|-fieldstart|move: Grassy Terrain|[from] ability: Grassy Surge|[of] p2a: Rillaboom
|turn|6
|
|t:|1750780431
|move|p2a: Rillaboom|Fake Out|p1a: Volcarona
|-damage|p1a: Volcarona|91/100
|move|p1b: Miraidon|Draco Meteor|p2b: Kyogre
|-damage|p2b: Kyogre|68/100
|-unboost|p1b: Miraidon|spa|2
|cant|p1a: Volcarona|flinch
|move|p2b: Kyogre|Water Spout|p1b: Miraidon|[spread] p1a,p1b
|-resisted|p1a: Volcarona
|-resisted|p1b: Miraidon
|-damage|p1a: Volcarona|68/100
|-damage|p1b: Miraidon|14/100
|
|-weather|none
|-heal|p1b: Miraidon|20/100|[from] Grassy Terrain
|-heal|p1a: Volcarona|74/100|[from] Grassy Terrain
|-heal|p2b: Kyogre|74/100|[from] Grassy Terrain
|-heal|p2a: Rillaboom|69/100|[from] Grassy Terrain
|upkeep
|turn|7
|
|t:|1750780450
|move|p2b: Kyogre|Protect|p2b: Kyogre
|-singleturn|p2b: Kyogre|Protect
|move|p1b: Miraidon|Draco Meteor|p2a: Rillaboom
|-damage|p2a: Rillaboom|51/100
|-unboost|p1b: Miraidon|spa|2
|move|p1a: Volcarona|Fiery Dance|p2b: Kyogre
|-activate|p2b: Kyogre|move: Protect
|move|p2a: Rillaboom|U-turn|p1a: Volcarona
|-supereffective|p1a: Volcarona
|-damage|p1a: Volcarona|42/100
|
|t:|1750780462
|switch|p2a: Calyrex|Calyrex-Ice, L50|100/100|[from] U-turn
|-ability|p2a: Calyrex|As One
|-ability|p2a: Calyrex|Unnerve
|
|-heal|p1b: Miraidon|27/100|[from] Grassy Terrain
|-heal|p1a: Volcarona|48/100|[from] Grassy Terrain
|-heal|p2b: Kyogre|80/100|[from] Grassy Terrain
|upkeep
|turn|8
|
|t:|1750780471
|switch|p2b: Rillaboom|Rillaboom, L50, M|51/100
|move|p2a: Calyrex|Protect|p2a: Calyrex
|-singleturn|p2a: Calyrex|Protect
|move|p1b: Miraidon|Draco Meteor|p2b: Rillaboom
|-damage|p2b: Rillaboom|39/100
|move|p1a: Volcarona|Fiery Dance|p2b: Rillaboom
|-supereffective|p2b: Rillaboom
|-damage|p2b: Rillaboom|0 fnt
|faint|p2b: Rillaboom
|
|-heal|p1b: Miraidon|33/100|[from] Grassy Terrain
|-heal|p1a: Volcarona|54/100|[from] Grassy Terrain
|upkeep
|
|t:|1750780481
|switch|p2b: Kyogre|Kyogre, L50, tera:Grass|80/100
|-weather|RainDance|[from] ability: Drizzle|[of] p2b: Kyogre
|turn|9
|
|t:|1750780501
|move|p1b: Miraidon|Draco Meteor|p2a: Calyrex
|-damage|p2a: Calyrex|87/100
|move|p1a: Volcarona|Fiery Dance|p2a: Calyrex
|-supereffective|p2a: Calyrex
|-damage|p2a: Calyrex|56/100
|-boost|p1a: Volcarona|spa|1
|move|p2b: Kyogre|Ice Beam|p1b: Miraidon
|-supereffective|p1b: Miraidon
|-damage|p1b: Miraidon|0 fnt
|faint|p1b: Miraidon
|move|p2a: Calyrex|Trick Room|p2a: Calyrex
|-fieldstart|move: Trick Room|[of] p2a: Calyrex
|
|-weather|RainDance|[upkeep]
|-heal|p2a: Calyrex|61/100|[from] Grassy Terrain
|-heal|p2a: Calyrex|67/100|[from] item: Leftovers
|-heal|p2b: Kyogre|86/100|[from] Grassy Terrain
|-heal|p1a: Volcarona|60/100|[from] Grassy Terrain
|upkeep
|turn|10
|
|t:|1750780518
|move|p2a: Calyrex|Glacial Lance|p1a: Volcarona
|-supereffective|p1a: Volcarona
|-damage|p1a: Volcarona|0 fnt
|faint|p1a: Volcarona
|
|win|ItsZachStone
|raw|Dead Orchid's rating: 1191 &rarr; <strong>1173</strong><br />(-18 for losing)
|raw|ItsZachStone's rating: 1285 &rarr; <strong>1303</strong><br />(+18 for winning)
|l|☆Dead Orchid
|player|p1|
