|j|☆vguekdk
|j|☆complutel
|t:|1750771579
|gametype|doubles
|player|p1|vguekdk|2|1444
|player|p2|complutel|102|1486
|teamsize|p1|6
|teamsize|p2|6
|gen|9
|tier|[Gen 9] VGC 2025 Reg I
|rated|
|rule|Species Clause: Limit one of each Pokémon
|rule|Item Clause: Limit 1 of each item
|clearpoke
|poke|p1|Eternatus, L50|
|poke|p1|Rillaboom, L50, M|
|poke|p1|Incineroar, L50, F|
|poke|p1|Lugia, L50|
|poke|p1|Farigiraf, L50, F|
|poke|p1|Ogerpon-Cornerstone, L50, F|
|poke|p2|Rayquaza, L50|
|poke|p2|Chien-Pao, L50|
|poke|p2|Lunala, L50|
|poke|p2|Rillaboom, L50, M|
|poke|p2|Ogerpon-Hearthflame, L50, F|
|poke|p2|Kingambit, L50, M|
|teampreview|4
|inactive|Battle timer is ON: inactive players will automatically lose when time's up. (requested by vguekdk)
|inactive|complutel has 60 seconds left.
|
|t:|1750771610
|start
|switch|p1a: Incineroar|Incineroar, L50, F|100/100
|switch|p1b: Eternatus|Eternatus, L50|100/100
|switch|p2a: Lunala|Lunala, L50|100/100
|switch|p2b: Kingambit|Kingambit, L50, M|100/100
|-ability|p1b: Eternatus|Pressure
|-ability|p1a: Incineroar|Intimidate|boost
|-unboost|p2a: Lunala|atk|1
|-unboost|p2b: Kingambit|atk|1
|-ability|p2b: Kingambit|Defiant|boost
|-boost|p2b: Kingambit|atk|2
|turn|1
|
|t:|1750771630
|move|p1b: Eternatus|Toxic|p2a: Lunala
|-status|p2a: Lunala|tox
|move|p2a: Lunala|Meteor Beam||[still]
|-prepare|p2a: Lunala|Meteor Beam
|-boost|p2a: Lunala|spa|1
|-enditem|p2a: Lunala|Power Herb
|-anim|p2a: Lunala|Meteor Beam|p1a: Incineroar|[miss]
|-miss|p2a: Lunala|p1a: Incineroar
|move|p1a: Incineroar|Flare Blitz|p2b: Kingambit
|-supereffective|p2b: Kingambit
|-damage|p2b: Kingambit|18/100
|-damage|p1a: Incineroar|71/100|[from] Recoil
|move|p2b: Kingambit|Kowtow Cleave|p1b: Eternatus
|-damage|p1b: Eternatus|41/100
|
|-heal|p1b: Eternatus|48/100|[from] item: Black Sludge
|-damage|p2a: Lunala|94/100 tox|[from] psn
|upkeep
|turn|2
|inactive|complutel has 30 seconds left.
|inactive|complutel has 20 seconds left.
|
|t:|1750771669
|-terastallize|p2b: Kingambit|Dark
|move|p2b: Kingambit|Sucker Punch||[still]
|-fail|p2b: Kingambit
|move|p1b: Eternatus|Recover|p1b: Eternatus
|-heal|p1b: Eternatus|98/100
|move|p2a: Lunala|Meteor Beam||[still]
|-prepare|p2a: Lunala|Meteor Beam
|-boost|p2a: Lunala|spa|1
|move|p1a: Incineroar|Flare Blitz|p2b: Kingambit
|-damage|p2b: Kingambit|0 fnt
|faint|p2b: Kingambit
|-damage|p1a: Incineroar|65/100|[from] Recoil
|
|-heal|p1b: Eternatus|100/100|[from] item: Black Sludge
|-damage|p2a: Lunala|82/100 tox|[from] psn
|upkeep
|
|t:|1750771679
|switch|p2b: Chien-Pao|Chien-Pao, L50|100/100
|-ability|p2b: Chien-Pao|Sword of Ruin
|turn|3
|inactive|vguekdk has 30 seconds left.
|
|t:|1750771711
|move|p1b: Eternatus|Protect|p1b: Eternatus
|-singleturn|p1b: Eternatus|Protect
|move|p2b: Chien-Pao|Ice Spinner|p1b: Eternatus
|-activate|p1b: Eternatus|move: Protect
|move|p2a: Lunala|Meteor Beam|p1a: Incineroar|[from] lockedmove|[miss]
|-miss|p2a: Lunala|p1a: Incineroar
|move|p1a: Incineroar|Parting Shot|p2b: Chien-Pao
|-unboost|p2b: Chien-Pao|atk|1
|-unboost|p2b: Chien-Pao|spa|1
|
|t:|1750771723
|switch|p1a: Farigiraf|Farigiraf, L50, F|100/100|[from] Parting Shot
|
|-damage|p2a: Lunala|64/100 tox|[from] psn
|upkeep
|turn|4
|
|t:|1750771742
|switch|p2b: Ogerpon|Ogerpon-Hearthflame, L50, F|100/100
|-ability|p2b: Ogerpon|Mold Breaker
|switch|p1a: Incineroar|Incineroar, L50, F|65/100
|-ability|p1a: Incineroar|Intimidate|boost
|-unboost|p2a: Lunala|atk|1
|-unboost|p2b: Ogerpon|atk|1
|move|p1b: Eternatus|Cosmic Power|p1b: Eternatus
|-boost|p1b: Eternatus|def|1
|-boost|p1b: Eternatus|spd|1
|move|p2a: Lunala|Moongeist Beam|p1b: Eternatus
|-damage|p1b: Eternatus|54/100
|
|-heal|p1b: Eternatus|60/100|[from] item: Black Sludge
|-damage|p2a: Lunala|39/100 tox|[from] psn
|upkeep
|turn|5
|inactive|vguekdk has 30 seconds left.
|inactive|vguekdk has 20 seconds left.
|
|t:|1750771780
|switch|p2b: Chien-Pao|Chien-Pao, L50|100/100
|-ability|p2b: Chien-Pao|Sword of Ruin
|move|p1b: Eternatus|Protect|p1b: Eternatus
|-singleturn|p1b: Eternatus|Protect
|move|p2a: Lunala|Moongeist Beam|p1b: Eternatus
|-activate|p1b: Eternatus|move: Protect
|move|p1a: Incineroar|Knock Off|p2a: Lunala
|-supereffective|p2a: Lunala
|-damage|p2a: Lunala|0 fnt
|faint|p2a: Lunala
|
|-heal|p1b: Eternatus|66/100|[from] item: Black Sludge
|upkeep
|
|t:|1750771788
|switch|p2a: Ogerpon|Ogerpon-Hearthflame, L50, F|100/100
|-ability|p2a: Ogerpon|Mold Breaker
|turn|6
|-message|complutel forfeited.
|
|win|vguekdk
|raw|vguekdk's rating: 1444 &rarr; <strong>1466</strong><br />(+22 for winning)
|raw|complutel's rating: 1486 &rarr; <strong>1464</strong><br />(-22 for losing)
|l|☆complutel
|player|p2|
|l|☆vguekdk
|player|p1|
