|j|☆ZEATHS
|j|☆Burner #17
|t:|1750747667
|gametype|doubles
|player|p1|ZEATHS|pokemaniac|1030
|player|p2|Burner #17|101|1082
|teamsize|p1|6
|teamsize|p2|6
|gen|9
|tier|[Gen 9] VGC 2025 Reg I
|rated|
|rule|Species Clause: Limit one of each Pokémon
|rule|Item Clause: Limit 1 of each item
|clearpoke
|poke|p1|Grimmsnarl, L50, M|
|poke|p1|Kyogre, L50|
|poke|p1|Urshifu-*, L50, M|
|poke|p1|Terapagos, L50, M|
|poke|p1|Archaludon, L50, F|
|poke|p1|Smeargle, L50, M|
|poke|p2|Miraidon, L50|
|poke|p2|Calyrex-Shadow, L50|
|poke|p2|Raichu-Alola, L50, F|
|poke|p2|Ogerpon-Hearthflame, L50, F|
|poke|p2|Indeedee-F, L50, F|
|poke|p2|Iron Leaves, L50|
|teampreview|4
ZEATHS has agreed to open team sheets.
|
|t:|1750747709
|start
|switch|p1a: Grimmsnarl|Grimmsnarl, L50, M, shiny|100/100
|switch|p1b: Archaludon|Archaludon, L50, F, shiny|100/100
|switch|p2a: Raichu|Raichu-Alola, L50, F|100/100
|switch|p2b: Miraidon|Miraidon, L50|100/100
|-fieldstart|move: Electric Terrain|[from] ability: Hadron Engine|[of] p2b: Miraidon
|turn|1
|
|t:|1750747745
|-terastallize|p2b: Miraidon|Electric
|move|p2a: Raichu|Fake Out|p1b: Archaludon
|-resisted|p1b: Archaludon
|-damage|p1b: Archaludon|97/100
|-ability|p1b: Archaludon|Stamina|boost
|-boost|p1b: Archaludon|def|1
|move|p1a: Grimmsnarl|Light Screen|p1a: Grimmsnarl
|-sidestart|p1: ZEATHS|move: Light Screen
|move|p2b: Miraidon|Electro Drift|p1a: Grimmsnarl
|-damage|p1a: Grimmsnarl|0 fnt
|faint|p1a: Grimmsnarl
|cant|p1b: Archaludon|flinch
|
|upkeep
|
|t:|1750747756
|switch|p1a: Terapagos|Terapagos, L50, M|100/100
|-activate|p1a: Terapagos|ability: Tera Shift
|detailschange|p1a: Terapagos|Terapagos-Terastal, L50, M
|-heal|p1a: Terapagos|100/100|[silent]
|turn|2
|
|t:|1750747777
|-terastallize|p1a: Terapagos|Stellar
|detailschange|p1a: Terapagos|Terapagos-Stellar, L50, M, tera:Stellar
|-heal|p1a: Terapagos|100/100|[silent]
|-ability|p1a: Terapagos|Teraform Zero
|-fieldend|move: Electric Terrain
|move|p2b: Miraidon|Electro Drift|p1a: Terapagos
|-damage|p1a: Terapagos|56/100
|move|p2a: Raichu|Nuzzle|p1a: Terapagos
|-damage|p1a: Terapagos|52/100
|move|p1b: Archaludon|Draco Meteor|p2a: Raichu
|-damage|p2a: Raichu|1/100
|-unboost|p1b: Archaludon|spa|2
|move|p1a: Terapagos|Earth Power|p2b: Miraidon
|-supereffective|p2b: Miraidon
|-damage|p2b: Miraidon|23/100
|
|upkeep
|turn|3
|
|t:|1750747806
|move|p1a: Terapagos|Protect|p1a: Terapagos
|-singleturn|p1a: Terapagos|Protect
|move|p2b: Miraidon|Electro Drift|p1a: Terapagos
|-activate|p1a: Terapagos|move: Protect
|move|p2a: Raichu|Nuzzle|p1b: Archaludon
|-resisted|p1b: Archaludon
|-damage|p1b: Archaludon|96/100
|-status|p1b: Archaludon|par
|-ability|p1b: Archaludon|Stamina|boost
|-boost|p1b: Archaludon|def|1
|move|p1b: Archaludon|Body Press|p2b: Miraidon
|-damage|p2b: Miraidon|0 fnt
|faint|p2b: Miraidon
|
|upkeep
|
|t:|1750747833
|switch|p2b: Calyrex|Calyrex-Shadow, L50|100/100
|-ability|p2b: Calyrex|As One
|-ability|p2b: Calyrex|Unnerve
|turn|4
|
|t:|1750747852
|switch|p2a: Indeedee|Indeedee-F, L50, F|100/100
|-fieldstart|move: Psychic Terrain|[from] ability: Psychic Surge|[of] p2a: Indeedee
|move|p2b: Calyrex|Protect|p2b: Calyrex
|-singleturn|p2b: Calyrex|Protect
|move|p1a: Terapagos|Earth Power|p2b: Calyrex
|-activate|p2b: Calyrex|move: Protect
|cant|p1b: Archaludon|par
|
|upkeep
|turn|5
|
|t:|1750747885
|switch|p1b: Kyogre|Kyogre, L50, shiny|100/100
|-weather|RainDance|[from] ability: Drizzle|[of] p1b: Kyogre
|move|p2a: Indeedee|Helping Hand|p2b: Calyrex
|-singleturn|p2b: Calyrex|Helping Hand|[of] p2a: Indeedee
|move|p1a: Terapagos|Protect|p1a: Terapagos
|-singleturn|p1a: Terapagos|Protect
|move|p2b: Calyrex|Astral Barrage|p1b: Kyogre|[spread] p1b
|-activate|p1a: Terapagos|move: Protect
|-damage|p1b: Kyogre|38/100
|-damage|p2b: Calyrex|91/100|[from] item: Life Orb
|
|-weather|RainDance|[upkeep]
|upkeep
|turn|6
|
|t:|1750747939
|switch|p2b: Raichu|Raichu-Alola, L50, F|1/100
|move|p1b: Kyogre|Origin Pulse|p2a: Indeedee|[spread] p2a
|-miss|p1b: Kyogre|p2b: Raichu
|-crit|p2a: Indeedee
|-damage|p2a: Indeedee|0 fnt
|faint|p2a: Indeedee
|move|p1a: Terapagos|Earth Power|p2b: Raichu
|-supereffective|p2b: Raichu
|-damage|p2b: Raichu|0 fnt
|faint|p2b: Raichu
|
|-weather|RainDance|[upkeep]
|upkeep
|
|t:|1750747954
|switch|p2b: Calyrex|Calyrex-Shadow, L50|91/100
|-ability|p2b: Calyrex|As One
|-ability|p2b: Calyrex|Unnerve
|turn|7
|
|t:|1750747966
|move|p2b: Calyrex|Astral Barrage|p1b: Kyogre|[spread] p1b
|-immune|p1a: Terapagos
|-damage|p1b: Kyogre|0 fnt
|faint|p1b: Kyogre
|-ability|p2b: Calyrex|Grim Neigh|boost
|-boost|p2b: Calyrex|spa|1
|-damage|p2b: Calyrex|81/100|[from] item: Life Orb
|move|p1a: Terapagos|Earth Power|p2b: Calyrex
|-damage|p2b: Calyrex|36/100
|
|-weather|RainDance|[upkeep]
|upkeep
|
|t:|1750747971
|switch|p1b: Archaludon|Archaludon, L50, F, shiny|96/100 par
|turn|8
|
|t:|1750747981
|move|p2b: Calyrex|Protect|p2b: Calyrex
|-singleturn|p2b: Calyrex|Protect
|move|p1a: Terapagos|Earth Power|p2b: Calyrex
|-activate|p2b: Calyrex|move: Protect
|move|p1b: Archaludon|Electro Shot||[still]
|-prepare|p1b: Archaludon|Electro Shot
|-boost|p1b: Archaludon|spa|1
|-anim|p1b: Archaludon|Electro Shot|p2b: Calyrex
|-activate|p2b: Calyrex|move: Protect
|
|-weather|RainDance|[upkeep]
|-sideend|p1: ZEATHS|move: Light Screen
|-fieldend|move: Psychic Terrain
|upkeep
|turn|9
|
|t:|1750747997
|move|p2b: Calyrex|Astral Barrage|p1a: Terapagos|[spread] p1b
|-immune|p1a: Terapagos
|-damage|p1b: Archaludon|0 fnt
|faint|p1b: Archaludon
|-ability|p2b: Calyrex|Grim Neigh|boost
|-boost|p2b: Calyrex|spa|1
|-damage|p2b: Calyrex|26/100|[from] item: Life Orb
|move|p1a: Terapagos|Calm Mind|p1a: Terapagos
|-boost|p1a: Terapagos|spa|1
|-boost|p1a: Terapagos|spd|1
|
|-weather|none
|upkeep
|turn|10
|
|t:|1750748012
|move|p2b: Calyrex|Psyshock|p1a: Terapagos
|-damage|p1a: Terapagos|0 fnt
|faint|p1a: Terapagos
|detailschange|p1: Terapagos|Terapagos, L50, M|[silent]
|-damage|p2b: Calyrex|16/100|[from] item: Life Orb
|
|win|Burner #17
|raw|ZEATHS's rating: 1030 &rarr; <strong>1018</strong><br />(-12 for losing)
|raw|Burner #17's rating: 1082 &rarr; <strong>1106</strong><br />(+24 for winning)
|c|☆ZEATHS|gg
