|j|☆KogaJunior23
|j|☆Marcel113
|t:|1750853111
|gametype|doubles
|player|p1|KogaJunior23|koga|1409
|player|p2|Marcel113|266|1399
|teamsize|p1|6
|teamsize|p2|6
|gen|9
|tier|[Gen 9] VGC 2025 Reg I
|rated|
|rule|Species Clause: Limit one of each Pokémon
|rule|Item Clause: Limit 1 of each item
|clearpoke
|poke|p1|Kyogre, L50|
|poke|p1|Zacian-*, L50|
|poke|p1|Beartic, L50, F|
|poke|p1|Amoonguss, L50, F|
|poke|p1|Tornadus, L50, M|
|poke|p1|Landorus, L50, M|
|poke|p2|Miraidon, L50|
|poke|p2|Incineroar, L50, M|
|poke|p2|Primarina, L50, M|
|poke|p2|Gothitelle, L50, M|
|poke|p2|Landorus, L50, M|
|poke|p2|Calyrex-Ice, L50|
|teampreview|4
Marcel113 has agreed to open team sheets.
|inactive|Battle timer is ON: inactive players will automatically lose when time's up. (requested by Marcel113)
|
|t:|1750853140
|start
|switch|p1a: Kyogre|Kyogre, L50|100/100
|switch|p1b: Zacian|Zacian-Crowned, L50|100/100
|switch|p2a: Miraidon|Miraidon, L50|100/100
|switch|p2b: Calyrex|Calyrex-Ice, L50|100/100
|-ability|p2b: Calyrex|As One
|-ability|p2b: Calyrex|Unnerve
|-ability|p1b: Zacian|Intrepid Sword|boost
|-boost|p1b: Zacian|atk|1
|-fieldstart|move: Electric Terrain|[from] ability: Hadron Engine|[of] p2a: Miraidon
|-weather|RainDance|[from] ability: Drizzle|[of] p1a: Kyogre
|turn|1
|inactive|Marcel113 has 30 seconds left.
|inactive|Marcel113 has 20 seconds left.
|
|t:|1750853177
|-terastallize|p1b: Zacian|Stellar
|-terastallize|p2b: Calyrex|Water
|move|p1b: Zacian|Play Rough|p2a: Miraidon
|-supereffective|p2a: Miraidon
|-damage|p2a: Miraidon|0 fnt
|faint|p2a: Miraidon
|move|p1a: Kyogre|Water Spout|p2b: Calyrex
|-resisted|p2b: Calyrex
|-damage|p2b: Calyrex|40/100
|move|p2b: Calyrex|Glacial Lance|p1a: Kyogre|[spread] p1a,p1b
|-resisted|p1a: Kyogre
|-resisted|p1b: Zacian
|-damage|p1a: Kyogre|59/100
|-damage|p1b: Zacian|57/100
|
|-weather|RainDance|[upkeep]
|upkeep
|
|t:|1750853192
|switch|p2a: Gothitelle|Gothitelle, L50, M|100/100
|turn|2
|
|t:|1750853204
|move|p2a: Gothitelle|Fake Out|p1b: Zacian
|-resisted|p1b: Zacian
|-damage|p1b: Zacian|55/100
|cant|p1b: Zacian|flinch
|move|p1a: Kyogre|Origin Pulse|p2b: Calyrex|[spread] p2a,p2b
|-resisted|p2b: Calyrex
|-damage|p2a: Gothitelle|31/100
|-damage|p2b: Calyrex|8/100
|move|p2b: Calyrex|Glacial Lance|p1b: Zacian|[spread] p1a,p1b
|-resisted|p1a: Kyogre
|-resisted|p1b: Zacian
|-damage|p1a: Kyogre|18/100
|-damage|p1b: Zacian|11/100
|
|-weather|RainDance|[upkeep]
|upkeep
|turn|3
|inactive|Marcel113 has 30 seconds left.
|
|t:|1750853231
|move|p1b: Zacian|Behemoth Blade|p2b: Calyrex
|-resisted|p2b: Calyrex
|-damage|p2b: Calyrex|0 fnt
|faint|p2b: Calyrex
|move|p1a: Kyogre|Origin Pulse|p2a: Gothitelle
|-damage|p2a: Gothitelle|0 fnt
|faint|p2a: Gothitelle
|
|-weather|RainDance|[upkeep]
|upkeep
|
|t:|1750853240
|switch|p2a: Landorus|Landorus, L50, M|100/100
|turn|4
|
|t:|1750853260
|switch|p1a: Beartic|Beartic, L50, F, shiny|100/100
|move|p2a: Landorus|Protect|p2a: Landorus
|-singleturn|p2a: Landorus|Protect
|move|p1b: Zacian|Behemoth Blade|p2a: Landorus
|-activate|p2a: Landorus|move: Protect
|
|-weather|RainDance|[upkeep]
|upkeep
|turn|5
|-message|Marcel113 forfeited.
|
|win|KogaJunior23
|raw|KogaJunior23's rating: 1409 &rarr; <strong>1428</strong><br />(+19 for winning)
|raw|Marcel113's rating: 1399 &rarr; <strong>1380</strong><br />(-19 for losing)
|l|☆Marcel113
|player|p2|
