|j|☆Ellvey96
|j|☆PullinAPan
|t:|1750847451
|gametype|doubles
|player|p1|Ellvey96|guitarist|1354
|player|p2|PullinAPan|cheryl|1245
|teamsize|p1|6
|teamsize|p2|6
|gen|9
|tier|[Gen 9] VGC 2025 Reg I
|rated|
|rule|Species Clause: Limit one of each Pokémon
|rule|Item Clause: Limit 1 of each item
|clearpoke
|poke|p1|Ho-Oh, L50|
|poke|p1|Eternatus, L50|
|poke|p1|Landorus, L50, M|
|poke|p1|Rillaboom, L50, F|
|poke|p1|Toxapex, L50, F|
|poke|p1|Grimmsnarl, L50, M|
|poke|p2|Koraidon, L50|
|poke|p2|Ho-Oh, L50|
|poke|p2|Flutter Mane, L50|
|poke|p2|Incineroar, L50, M|
|poke|p2|Walking Wake, L50|
|poke|p2|Grimmsnarl, L50, M|
|teampreview|4
|inactive|Battle timer is ON: inactive players will automatically lose when time's up. (requested by Ellvey96)
PullinAPan has agreed to open team sheets.
Ellvey96 has agreed to open team sheets.
|showteam|p1|Ho-Oh||SitrusBerry|Regenerator|SacredFire,Whirlwind,BraveBird,Protect||||||50|,,,,,Grass]Eternatus||Leftovers|Pressure|Toxic,CosmicPower,Recover,SludgeBomb||||||50|,,,,,Fairy]Landorus||LifeOrb|SheerForce|EarthPower,SludgeBomb,Taunt,Protect|||M|||50|,,,,,Poison]Rillaboom||AssaultVest|GrassySurge|GrassyGlide,WoodHammer,HighHorsepower,FakeOut|||F|||50|,,,,,Fire]Toxapex||MentalHerb|Regenerator|Infestation,ToxicSpikes,WideGuard,BanefulBunker|||F|||50|,,,,,Poison]Grimmsnarl||LightClay|Prankster|Reflect,LightScreen,PartingShot,SpiritBreak|||M|||50|,,,,,Ghost
|showteam|p2|Koraidon||LifeOrb|OrichalcumPulse|CloseCombat,FlareBlitz,FlameCharge,Protect||||||50|,,,,,Fire]Ho-Oh||ClearAmulet|Regenerator|SacredFire,BraveBird,Tailwind,Protect||||||50|,,,,,Ground]Flutter Mane||FocusSash|Protosynthesis|Moonblast,ShadowBall,IcyWind,Protect||||||50|,,,,,Normal]Incineroar||SafetyGoggles|Intimidate|FakeOut,KnockOff,FlareBlitz,PartingShot|||M|||50|,,,,,Bug]Walking Wake||ChoiceSpecs|Protosynthesis|WeatherBall,HydroSteam,DracoMeteor,Snarl||||||50|,,,,,Water]Grimmsnarl||LightClay|Prankster|LightScreen,ThunderWave,Reflect,SpiritBreak|||M|||50|,,,,,Ghost
|inactive|PullinAPan has 60 seconds left.
|inactive|PullinAPan has 30 seconds left.
|inactive|PullinAPan has 20 seconds left.
|inactive|PullinAPan has 15 seconds left.
|
|t:|1750847563
|start
|switch|p1a: Toxapex|Toxapex, L50, F|100/100
|switch|p1b: Grimmsnarl|Grimmsnarl, L50, M|100/100
|switch|p2a: Koraidon|Koraidon, L50|100/100
|switch|p2b: Walking Dog|Walking Wake, L50|100/100
|-weather|SunnyDay|[from] ability: Orichalcum Pulse|[of] p2a: Koraidon
|-activate|p2b: Walking Dog|ability: Protosynthesis
|-start|p2b: Walking Dog|protosynthesisspe
|-activate|p2a: Koraidon|Orichalcum Pulse|[source]
|turn|1
|inactive|PullinAPan has 30 seconds left.
|
|t:|1750847597
|-terastallize|p2a: Koraidon|Fire
|move|p1a: Toxapex|Baneful Bunker|p1a: Toxapex
|-singleturn|p1a: Toxapex|move: Protect
|move|p1b: Grimmsnarl|Light Screen|p1b: Grimmsnarl
|-sidestart|p1: Ellvey96|move: Light Screen
|move|p2b: Walking Dog|Draco Meteor|p1a: Toxapex
|-activate|p1a: Toxapex|move: Protect
|move|p2a: Koraidon|Flame Charge|p1b: Grimmsnarl
|-damage|p1b: Grimmsnarl|22/100
|-boost|p2a: Koraidon|spe|1
|-damage|p2a: Koraidon|91/100|[from] item: Life Orb
|
|-weather|SunnyDay|[upkeep]
|upkeep
|turn|2
|
|t:|1750847616
|move|p1b: Grimmsnarl|Reflect|p1b: Grimmsnarl
|-sidestart|p1: Ellvey96|Reflect
|move|p2a: Koraidon|Flame Charge|p1b: Grimmsnarl
|-damage|p1b: Grimmsnarl|0 fnt
|-boost|p2a: Koraidon|spe|1
|faint|p1b: Grimmsnarl
|-damage|p2a: Koraidon|81/100|[from] item: Life Orb
|move|p2b: Walking Dog|Draco Meteor|p1a: Toxapex
|-damage|p1a: Toxapex|49/100
|-unboost|p2b: Walking Dog|spa|2
|move|p1a: Toxapex|Toxic Spikes|p2b: Walking Dog
|-sidestart|p2: PullinAPan|move: Toxic Spikes
|
|-weather|SunnyDay|[upkeep]
|upkeep
|
|t:|1750847631
|switch|p1b: Eternatus|Eternatus, L50|100/100
|-ability|p1b: Eternatus|Pressure
|turn|3
|
|t:|1750847653
|move|p2a: Koraidon|Flare Blitz|p1b: Eternatus
|-resisted|p1b: Eternatus
|-damage|p1b: Eternatus|62/100
|-damage|p2a: Koraidon|63/100|[from] Recoil
|-damage|p2a: Koraidon|54/100|[from] item: Life Orb
|move|p2b: Walking Dog|Draco Meteor|p1b: Eternatus
|-supereffective|p1b: Eternatus
|-damage|p1b: Eternatus|23/100
|-unboost|p2b: Walking Dog|spa|2
|move|p1b: Eternatus|Cosmic Power|p1b: Eternatus
|-boost|p1b: Eternatus|def|1
|-boost|p1b: Eternatus|spd|1
|move|p1a: Toxapex|Toxic Spikes|p2b: Walking Dog
|-sidestart|p2: PullinAPan|move: Toxic Spikes
|
|-weather|SunnyDay|[upkeep]
|-heal|p1b: Eternatus|29/100|[from] item: Leftovers
|upkeep
|turn|4
|
|t:|1750847673
|switch|p1a: Ho-Oh|Ho-Oh, L50|100/100
|move|p2a: Koraidon|Flare Blitz|p1b: Eternatus
|-resisted|p1b: Eternatus
|-damage|p1b: Eternatus|3/100
|-status|p1b: Eternatus|brn
|-damage|p2a: Koraidon|42/100|[from] Recoil
|-damage|p2a: Koraidon|32/100|[from] item: Life Orb
|move|p2b: Walking Dog|Draco Meteor|p1b: Eternatus
|-supereffective|p1b: Eternatus
|-damage|p1b: Eternatus|0 fnt
|-unboost|p2b: Walking Dog|spa|2
|faint|p1b: Eternatus
|
|-weather|SunnyDay|[upkeep]
|upkeep
|
|t:|1750847686
|switch|p1b: Toxapex|Toxapex, L50, F|82/100
|turn|5
|
|t:|1750847699
|switch|p2a: Mofongo-oh|Ho-Oh, L50|100/100
|-end|p2b: Walking Dog|Protosynthesis|[silent]
|switch|p2b: Flutter Mane|Flutter Mane, L50|100/100
|-status|p2b: Flutter Mane|tox
|-activate|p2b: Flutter Mane|ability: Protosynthesis
|-start|p2b: Flutter Mane|protosynthesisspe
|move|p1b: Toxapex|Baneful Bunker|p1b: Toxapex
|-singleturn|p1b: Toxapex|move: Protect
|move|p1a: Ho-Oh|Whirlwind|p2b: Flutter Mane
|-end|p2b: Flutter Mane|Protosynthesis|[silent]
|drag|p2b: Koraidon|Koraidon, L50, tera:Fire|32/100
|-status|p2b: Koraidon|tox
|-activate|p2b: Koraidon|ability: Orichalcum Pulse
|
|-weather|none
|-damage|p2b: Koraidon|26/100 tox|[from] psn
|upkeep
|turn|6
|
|t:|1750847722
|switch|p2b: Flutter Mane|Flutter Mane, L50|100/100 tox
|move|p1a: Ho-Oh|Brave Bird|p2a: Mofongo-oh
|-damage|p2a: Mofongo-oh|51/100
|-damage|p1a: Ho-Oh|84/100|[from] Recoil
|move|p2a: Mofongo-oh|Tailwind|p2a: Mofongo-oh
|-sidestart|p2: PullinAPan|move: Tailwind
|move|p1b: Toxapex|Infestation|p2a: Mofongo-oh
|-resisted|p2a: Mofongo-oh
|-damage|p2a: Mofongo-oh|50/100
|-activate|p2a: Mofongo-oh|move: Infestation|[of] p1b: Toxapex
|
|-damage|p2b: Flutter Mane|94/100 tox|[from] psn
|-damage|p2a: Mofongo-oh|38/100|[from] move: Infestation|[partiallytrapped]
|upkeep
|turn|7
|
|t:|1750847747
|move|p1b: Toxapex|Baneful Bunker|p1b: Toxapex
|-singleturn|p1b: Toxapex|move: Protect
|move|p2b: Flutter Mane|Shadow Ball|p1a: Ho-Oh
|-damage|p1a: Ho-Oh|68/100
|move|p2a: Mofongo-oh|Brave Bird|p1a: Ho-Oh
|-damage|p1a: Ho-Oh|41/100
|-enditem|p1a: Ho-Oh|Sitrus Berry|[eat]
|-heal|p1a: Ho-Oh|66/100|[from] item: Sitrus Berry
|-damage|p2a: Mofongo-oh|29/100|[from] Recoil
|move|p1a: Ho-Oh|Sacred Fire|p2b: Flutter Mane
|-damage|p2b: Flutter Mane|0 fnt
|faint|p2b: Flutter Mane
|-end|p2b: Flutter Mane|Protosynthesis|[silent]
|
|-damage|p2a: Mofongo-oh|17/100|[from] move: Infestation|[partiallytrapped]
|upkeep
|
|t:|1750847762
|switch|p2b: Walking Dog|Walking Wake, L50|100/100
|-status|p2b: Walking Dog|tox
|turn|8
|
|t:|1750847776
|-terastallize|p1a: Ho-Oh|Grass
|move|p2b: Walking Dog|Hydro Steam|p1a: Ho-Oh
|-resisted|p1a: Ho-Oh
|-damage|p1a: Ho-Oh|55/100
|move|p2a: Mofongo-oh|Brave Bird|p1b: Toxapex
|-damage|p1b: Toxapex|60/100
|-damage|p2a: Mofongo-oh|12/100|[from] Recoil
|move|p1a: Ho-Oh|Sacred Fire|p2a: Mofongo-oh
|-resisted|p2a: Mofongo-oh
|-damage|p2a: Mofongo-oh|0 fnt
|faint|p2a: Mofongo-oh
|move|p1b: Toxapex|Infestation|p2b: Walking Dog
|-damage|p2b: Walking Dog|96/100 tox
|-activate|p2b: Walking Dog|move: Infestation|[of] p1b: Toxapex
|
|-damage|p2b: Walking Dog|90/100 tox|[from] psn
|-damage|p2b: Walking Dog|78/100 tox|[from] move: Infestation|[partiallytrapped]
|-sideend|p1: Ellvey96|move: Light Screen
|upkeep
|
|t:|1750847785
|switch|p2a: Koraidon|Koraidon, L50, tera:Fire|26/100 tox
|-weather|SunnyDay|[from] ability: Orichalcum Pulse|[of] p2a: Koraidon
|-activate|p2b: Walking Dog|ability: Protosynthesis
|-start|p2b: Walking Dog|protosynthesisspe
|-activate|p2a: Koraidon|Orichalcum Pulse|[source]
|turn|9
|
|t:|1750847801
|move|p1a: Ho-Oh|Protect|p1a: Ho-Oh
|-singleturn|p1a: Ho-Oh|Protect
|move|p2b: Walking Dog|Hydro Steam|p1b: Toxapex
|-resisted|p1b: Toxapex
|-damage|p1b: Toxapex|20/100
|move|p2a: Koraidon|Flare Blitz|p1a: Ho-Oh
|-activate|p1a: Ho-Oh|move: Protect
|move|p1b: Toxapex|Infestation|p2a: Koraidon
|-resisted|p2a: Koraidon
|-damage|p2a: Koraidon|24/100 tox
|-activate|p2a: Koraidon|move: Infestation|[of] p1b: Toxapex
|
|-weather|SunnyDay|[upkeep]
|-damage|p2b: Walking Dog|66/100 tox|[from] psn
|-damage|p2a: Koraidon|19/100 tox|[from] psn
|-damage|p2b: Walking Dog|54/100 tox|[from] move: Infestation|[partiallytrapped]
|-damage|p2a: Koraidon|7/100 tox|[from] move: Infestation|[partiallytrapped]
|-sideend|p1: Ellvey96|Reflect
|-sideend|p2: PullinAPan|move: Tailwind
|upkeep
|turn|10
|
|t:|1750847819
|move|p1a: Ho-Oh|Protect|p1a: Ho-Oh
|-singleturn|p1a: Ho-Oh|Protect
|move|p1b: Toxapex|Baneful Bunker|p1b: Toxapex
|-singleturn|p1b: Toxapex|move: Protect
|move|p2b: Walking Dog|Hydro Steam|p1b: Toxapex
|-activate|p1b: Toxapex|move: Protect
|move|p2a: Koraidon|Flare Blitz|p1a: Ho-Oh
|-activate|p1a: Ho-Oh|move: Protect
|
|-weather|SunnyDay|[upkeep]
|-damage|p2b: Walking Dog|36/100 tox|[from] psn
|-damage|p2a: Koraidon|0 fnt|[from] psn
|faint|p2a: Koraidon
|-damage|p2b: Walking Dog|24/100 tox|[from] move: Infestation|[partiallytrapped]
|upkeep
|turn|11
|
|t:|1750847836
|move|p2b: Walking Dog|Hydro Steam|p1b: Toxapex
|-resisted|p1b: Toxapex
|-damage|p1b: Toxapex|0 fnt
|faint|p1b: Toxapex
|move|p1a: Ho-Oh|Brave Bird|p2b: Walking Dog
|-damage|p2b: Walking Dog|0 fnt
|faint|p2b: Walking Dog
|-end|p2b: Walking Dog|Protosynthesis|[silent]
|-damage|p1a: Ho-Oh|48/100|[from] Recoil
|
|win|Ellvey96
|raw|Ellvey96's rating: 1354 &rarr; <strong>1368</strong><br />(+14 for winning)
|raw|PullinAPan's rating: 1245 &rarr; <strong>1228</strong><br />(-17 for losing)
|c|☆PullinAPan|good shit with the stall
|c|☆PullinAPan|ggs
