|j|☆safesxman
|j|☆SlamTTHM
|t:|1750726377
|gametype|doubles
|player|p1|safesxman|rancher|1142
|player|p2|SlamTTHM|265|1050
|teamsize|p1|6
|teamsize|p2|6
|gen|9
|tier|[Gen 9] VGC 2025 Reg I
|rated|
|rule|Species Clause: Limit one of each Pokémon
|rule|Item Clause: Limit 1 of each item
|clearpoke
|poke|p1|Typhlosion-Hisui, L50, F|
|poke|p1|Zamazenta-*, L50|
|poke|p1|Calyrex-Shadow, L50|
|poke|p1|Urshifu-*, L50, F|
|poke|p1|Rillaboom, L50, F|
|poke|p1|Amoonguss, L50, M|
|poke|p2|Empoleon, L50, F|
|poke|p2|Calyrex-Ice, L50|
|poke|p2|Necrozma-Dawn-Wings, L50|
|poke|p2|Porygon2, L50|
|poke|p2|Brute Bonnet, L50|
|poke|p2|Alcremie, L50, F|
|teampreview|4
safesxman rejected open team sheets.
|
|t:|1750726422
|start
|switch|p1a: Typhlosion|Typhlosion-Hisui, L50, F|100/100
|switch|p1b: Zamazenta|Zamazenta-Crowned, L50|100/100
|switch|p2a: Necrozma|Necrozma-Dawn-Wings, L50|100/100
|switch|p2b: Porygon2|Porygon2, L50|100/100
|-ability|p1b: Zamazenta|Dauntless Shield|boost
|-boost|p1b: Zamazenta|def|1
|-ability|p2b: Porygon2|Download|boost
|-boost|p2b: Porygon2|spa|1
|turn|1
|
|t:|1750726448
|-terastallize|p2b: Porygon2|Ghost
|move|p2a: Necrozma|Protect|p2a: Necrozma
|-singleturn|p2a: Necrozma|Protect
|move|p1a: Typhlosion|Eruption|p2b: Porygon2|[spread] p2b
|-activate|p2a: Necrozma|move: Protect
|-damage|p2b: Porygon2|77/100
|move|p1b: Zamazenta|Body Press|p2b: Porygon2
|-immune|p2b: Porygon2
|move|p2b: Porygon2|Trick Room|p2b: Porygon2
|-fieldstart|move: Trick Room|[of] p2b: Porygon2
|
|upkeep
|turn|2
|
|t:|1750726482
|switch|p1b: Calyrex|Calyrex-Shadow, L50|100/100
|-ability|p1b: Calyrex|As One
|-ability|p1b: Calyrex|Unnerve
|move|p2b: Porygon2|Tera Blast|p1a: Typhlosion|[anim] Tera Blast Ghost
|-supereffective|p1a: Typhlosion
|-damage|p1a: Typhlosion|0 fnt
|faint|p1a: Typhlosion
|move|p2a: Necrozma|Photon Geyser|p1b: Calyrex
|-resisted|p1b: Calyrex
|-damage|p1b: Calyrex|70/100
|
|upkeep
|
|t:|1750726496
|switch|p1a: Amoonguss|Amoonguss, L50, M|100/100
|turn|3
|
|t:|1750726516
|move|p1a: Amoonguss|Rage Powder|p1a: Amoonguss
|-singleturn|p1a: Amoonguss|move: Rage Powder
|move|p2b: Porygon2|Tera Blast|p1a: Amoonguss|[anim] Tera Blast Ghost
|-damage|p1a: Amoonguss|71/100
|move|p2a: Necrozma|Moongeist Beam|p1a: Amoonguss
|-damage|p1a: Amoonguss|23/100
|move|p1b: Calyrex|Astral Barrage|p2a: Necrozma|[spread] p2a,p2b
|-supereffective|p2a: Necrozma
|-supereffective|p2b: Porygon2
|-damage|p2a: Necrozma|0 fnt
|-damage|p2b: Porygon2|26/100
|faint|p2a: Necrozma
|-ability|p1b: Calyrex|Grim Neigh|boost
|-boost|p1b: Calyrex|spa|1
|
|upkeep
|
|t:|1750726536
|switch|p2a: Calyrex|Calyrex-Ice, L50|100/100
|-ability|p2a: Calyrex|As One
|-ability|p2a: Calyrex|Unnerve
|turn|4
|
|t:|1750726547
|move|p1a: Amoonguss|Rage Powder|p1a: Amoonguss
|-singleturn|p1a: Amoonguss|move: Rage Powder
|move|p2a: Calyrex|Glacial Lance|p1b: Calyrex|[spread] p1a,p1b
|-supereffective|p1a: Amoonguss
|-damage|p1a: Amoonguss|0 fnt
|-damage|p1b: Calyrex|6/100
|faint|p1a: Amoonguss
|-ability|p2a: Calyrex|Chilling Neigh|boost
|-boost|p2a: Calyrex|atk|1
|move|p2b: Porygon2|Tera Blast|p1b: Calyrex|[anim] Tera Blast Ghost
|-supereffective|p1b: Calyrex
|-damage|p1b: Calyrex|0 fnt
|faint|p1b: Calyrex
|
|upkeep
|
|t:|1750726565
|switch|p1b: Zamazenta|Zamazenta-Crowned, L50|100/100
|turn|5
|
|t:|1750726585
|-terastallize|p1b: Zamazenta|Dragon
|move|p2a: Calyrex|High Horsepower|p1b: Zamazenta
|-damage|p1b: Zamazenta|65/100
|move|p2b: Porygon2|Recover|p2b: Porygon2
|-heal|p2b: Porygon2|76/100
|move|p1b: Zamazenta|Heavy Slam|p2b: Porygon2
|-damage|p2b: Porygon2|43/100
|
|-fieldend|move: Trick Room
|upkeep
|turn|6
|
|t:|1750726618
|move|p1b: Zamazenta|Heavy Slam|p2a: Calyrex
|-supereffective|p2a: Calyrex
|-damage|p2a: Calyrex|76/100
|-enditem|p2a: Calyrex|Weakness Policy
|-boost|p2a: Calyrex|atk|2|[from] item: Weakness Policy
|-boost|p2a: Calyrex|spa|2|[from] item: Weakness Policy
|move|p2b: Porygon2|Foul Play|p1b: Zamazenta
|-damage|p1b: Zamazenta|51/100
|move|p2a: Calyrex|Glacial Lance|p1b: Zamazenta
|-supereffective|p1b: Zamazenta
|-damage|p1b: Zamazenta|0 fnt
|faint|p1b: Zamazenta
|
|win|SlamTTHM
|raw|safesxman's rating: 1142 &rarr; <strong>1111</strong><br />(-31 for losing)
|raw|SlamTTHM's rating: 1050 &rarr; <strong>1091</strong><br />(+41 for winning)
|l|☆safesxman
|player|p1|
