|j|☆Astonished25
|j|☆99voltios
|html|<table width="100%"><tr><td align="left">Astonished25</td><td align="right">99voltios</tr><tr><td align="left"><i class="fa fa-circle-o"></i> <i class="fa fa-circle-o"></i> </td><td align="right"><i class="fa fa-circle-o"></i> <i class="fa fa-circle-o"></i> </tr></table>
|uhtml|bestof|<h2><strong>Game 1</strong> of <a href="/game-bestof3-gen9vgc2025regi-2391253324">a best-of-3</a></h2>
|t:|1750823063
|gametype|doubles
|player|p1|Astonished25|170|
|player|p2|99voltios|266|
|teamsize|p1|6
|teamsize|p2|6
|gen|9
|tier|[Gen 9] VGC 2025 Reg I
|rule|Species Clause: Limit one of each Pokémon
|rule|Item Clause: Limit 1 of each item
|raw|<div class="infobox"><details class="readmore" open><summary><strong>1 custom rule:</strong></summary> Best of = 3</details></div>
|clearpoke
|poke|p1|Pelipper, L50, M|
|poke|p1|Dondozo, L50, F|
|poke|p1|Tatsugiri, L50, M|
|poke|p1|Kingdra, L50, F|
|poke|p1|Gastrodon, L50, F|
|poke|p1|Gyarados, L50, F|
|poke|p2|Incineroar, L50, F|
|poke|p2|Muk-Alola, L50, F|
|poke|p2|Grimmsnarl, L50, M|
|poke|p2|Kingambit, L50, F|
|poke|p2|Ting-Lu, L50|
|poke|p2|Hydreigon, L50, M|
|teampreview|4
|inactive|Battle timer is ON: inactive players will automatically lose when time's up. (requested by Astonished25)
Astonished25 has agreed to open team sheets.
|inactiveoff|Battle timer is now OFF.
99voltios has agreed to open team sheets.
|showteam|p1|Pelipper||FocusSash|Drizzle|Protect,WeatherBall,Hurricane,Tailwind|||M|||50|,,,,,Ghost]Dondozo||CovertCloak|Unaware|WaveCrash,Earthquake,TeraBlast,Protect|||F|||50|,,,,,Flying]Tatsugiri||ChoiceScarf|Commander|DragonPulse,MuddyWater,IcyWind,DracoMeteor|||M|||50|,,,,,Fairy]Kingdra||LifeOrb|SwiftSwim|WeatherBall,Hurricane,MuddyWater,Protect|||F|||50|,,,,,Stellar]Gastrodon||Leftovers|StormDrain|EarthPower,IceBeam,Yawn,Protect|||F|||50|,,,,,Water]Gyarados||SitrusBerry|Intimidate|Waterfall,ThunderWave,Taunt,IcyWind|||F|||50|,,,,,Dragon
|showteam|p2|Incineroar||SitrusBerry|Intimidate|FakeOut,FlareBlitz,KnockOff,PartingShot|||F|||50|,,,,,Fire]Muk-Alola||Leftovers|PowerofAlchemy|Crunch,DrainPunch,Curse,Minimize|||F|||50|,,,,,Water]Grimmsnarl||LightClay|Prankster|ThunderWave,LightScreen,Reflect,SpiritBreak|||M|||50|,,,,,Poison]Kingambit||BlackGlasses|Defiant|KowtowCleave,IronHead,SuckerPunch,Protect|||F|||50|,,,,,Fairy]Ting-Lu||AssaultVest|VesselofRuin|BodyPress,HeavySlam,Ruination,StompingTantrum||||||50|,,,,,Steel]Hydreigon||ChoiceSpecs|Levitate|HeatWave,FlashCannon,DracoMeteor,Snarl|||M|||50|,,,,,Steel
|
|t:|1750823116
|start
|switch|p1a: Pelipper|Pelipper, L50, M|100/100
|switch|p1b: Gyarados|Gyarados, L50, F|100/100
|switch|p2a: Grimmsnarl|Grimmsnarl, L50, M|100/100
|switch|p2b: Muk|Muk-Alola, L50, F|100/100
|-ability|p1b: Gyarados|Intimidate|boost
|-unboost|p2a: Grimmsnarl|atk|1
|-unboost|p2b: Muk|atk|1
|-weather|RainDance|[from] ability: Drizzle|[of] p1a: Pelipper
|turn|1
|j| FosaNando
|
|t:|1750823149
|switch|p2b: Ting-Lu|Ting-Lu, L50|100/100
|-ability|p2b: Ting-Lu|Vessel of Ruin
|move|p2a: Grimmsnarl|Thunder Wave|p1b: Gyarados
|-status|p1b: Gyarados|par
|move|p1a: Pelipper|Weather Ball|p2a: Grimmsnarl
|-damage|p2a: Grimmsnarl|60/100
|move|p1b: Gyarados|Taunt|p2b: Ting-Lu
|-start|p2b: Ting-Lu|move: Taunt
|
|-weather|RainDance|[upkeep]
|upkeep
|turn|2
|c| FosaNando|Ni dedos tiene Gyarados y sabe Taunt
|c| FosaNando|xD
|c|☆Astonished25|XDDD
|
|t:|1750823198
|-terastallize|p2b: Ting-Lu|Steel
|move|p2a: Grimmsnarl|Light Screen|p2a: Grimmsnarl
|-sidestart|p2: 99voltios|move: Light Screen
|move|p1a: Pelipper|Weather Ball|p2b: Ting-Lu
|-damage|p2b: Ting-Lu|88/100
|move|p1b: Gyarados|Waterfall|p2b: Ting-Lu
|-damage|p2b: Ting-Lu|60/100
|move|p2b: Ting-Lu|Ruination|p1b: Gyarados
|-damage|p1b: Gyarados|50/100 par
|-enditem|p1b: Gyarados|Sitrus Berry|[eat]
|-heal|p1b: Gyarados|75/100 par|[from] item: Sitrus Berry
|
|-weather|RainDance|[upkeep]
|upkeep
|turn|3
|
|t:|1750823225
|switch|p1b: Dondozo|Dondozo, L50, F|100/100
|move|p2a: Grimmsnarl|Reflect|p2a: Grimmsnarl
|-sidestart|p2: 99voltios|Reflect
|move|p1a: Pelipper|Hurricane|p2a: Grimmsnarl
|-damage|p2a: Grimmsnarl|40/100
|move|p2b: Ting-Lu|Ruination|p1a: Pelipper
|-damage|p1a: Pelipper|50/100
|
|-weather|RainDance|[upkeep]
|-end|p2b: Ting-Lu|move: Taunt
|upkeep
|turn|4
|
|t:|1750823251
|switch|p2b: Muk|Muk-Alola, L50, F|100/100
|move|p1b: Dondozo|Protect|p1b: Dondozo
|-singleturn|p1b: Dondozo|Protect
|move|p1a: Pelipper|Weather Ball|p2a: Grimmsnarl
|-damage|p2a: Grimmsnarl|2/100
|move|p2a: Grimmsnarl|Spirit Break|p1a: Pelipper
|-damage|p1a: Pelipper|26/100
|-unboost|p1a: Pelipper|spa|1
|
|-weather|RainDance|[upkeep]
|upkeep
|turn|5
|
|t:|1750823270
|switch|p1a: Tatsugiri|Tatsugiri, L50, M|100/100
|-activate|p1a: Tatsugiri|ability: Commander|[of] p1b: Dondozo
|-boost|p1b: Dondozo|atk|2
|-boost|p1b: Dondozo|spa|2
|-boost|p1b: Dondozo|spe|2
|-boost|p1b: Dondozo|def|2
|-boost|p1b: Dondozo|spd|2
|move|p2a: Grimmsnarl|Thunder Wave|p1b: Dondozo
|-status|p1b: Dondozo|par
|move|p1b: Dondozo|Wave Crash|p2b: Muk
|-damage|p2b: Muk|2/100
|-damage|p1b: Dondozo|70/100 par|[from] Recoil
|move|p2b: Muk|Minimize|p2b: Muk
|-boost|p2b: Muk|evasion|2
|
|-weather|none
|-heal|p2b: Muk|8/100|[from] item: Leftovers
|upkeep
|turn|6
|
|t:|1750823306
|switch|p2a: Ting-Lu|Ting-Lu, L50, tera:Steel|60/100
|-ability|p2a: Ting-Lu|Vessel of Ruin
|cant|p1b: Dondozo|par
|move|p2b: Muk|Minimize|p2b: Muk
|-boost|p2b: Muk|evasion|2
|
|-heal|p2b: Muk|14/100|[from] item: Leftovers
|upkeep
|turn|7
|
|t:|1750823323
|move|p1b: Dondozo|Earthquake|p2a: Ting-Lu|[spread] p2a,p2b
|-miss|p1b: Dondozo|p1a: Tatsugiri
|-supereffective|p2a: Ting-Lu
|-supereffective|p2b: Muk
|-damage|p2a: Ting-Lu|30/100
|-damage|p2b: Muk|0 fnt
|faint|p2b: Muk
|move|p2a: Ting-Lu|Ruination|p1b: Dondozo
|-damage|p1b: Dondozo|35/100 par
|
|upkeep
|
|t:|1750823336
|switch|p2b: Hydreigon|Hydreigon, L50, M|100/100
|turn|8
|l| FosaNando
|
|t:|1750823367
|switch|p2a: Grimmsnarl|Grimmsnarl, L50, M|2/100
|move|p2b: Hydreigon|Draco Meteor|p1b: Dondozo
|-damage|p1b: Dondozo|0 fnt
|-unboost|p2b: Hydreigon|spa|2
|faint|p1b: Dondozo
|
|upkeep
|
|t:|1750823386
|switch|p1b: Gyarados|Gyarados, L50, F|75/100 par
|-ability|p1b: Gyarados|Intimidate|boost
|-unboost|p2a: Grimmsnarl|atk|1
|-unboost|p2b: Hydreigon|atk|1
|turn|9
|j| FosaNando
|
|t:|1750823403
|switch|p2b: Ting-Lu|Ting-Lu, L50, tera:Steel|30/100
|-ability|p2b: Ting-Lu|Vessel of Ruin
|-terastallize|p1a: Tatsugiri|Fairy
|move|p2a: Grimmsnarl|Thunder Wave|p1a: Tatsugiri
|-status|p1a: Tatsugiri|par
|cant|p1a: Tatsugiri|par
|cant|p1b: Gyarados|par
|
|-sideend|p2: 99voltios|move: Light Screen
|upkeep
|turn|10
|c|☆Astonished25|ptm
|
|t:|1750823435
|switch|p1a: Pelipper|Pelipper, L50, M|26/100
|-weather|RainDance|[from] ability: Drizzle|[of] p1a: Pelipper
|move|p2a: Grimmsnarl|Light Screen|p2a: Grimmsnarl
|-sidestart|p2: 99voltios|move: Light Screen
|cant|p1b: Gyarados|par
|move|p2b: Ting-Lu|Heavy Slam|p1a: Pelipper
|-resisted|p1a: Pelipper
|-damage|p1a: Pelipper|4/100
|
|-weather|RainDance|[upkeep]
|-sideend|p2: 99voltios|Reflect
|upkeep
|turn|11
|c|☆Astonished25|que mamada
|
|t:|1750823471
|move|p2a: Grimmsnarl|Reflect|p2a: Grimmsnarl
|-sidestart|p2: 99voltios|Reflect
|move|p1a: Pelipper|Tailwind|p1a: Pelipper
|-sidestart|p1: Astonished25|move: Tailwind
|move|p1b: Gyarados|Waterfall|p2a: Grimmsnarl
|-damage|p2a: Grimmsnarl|0 fnt
|faint|p2a: Grimmsnarl
|move|p2b: Ting-Lu|Heavy Slam|p1a: Pelipper
|-resisted|p1a: Pelipper
|-damage|p1a: Pelipper|0 fnt
|faint|p1a: Pelipper
|
|-weather|RainDance|[upkeep]
|upkeep
|
|t:|1750823484
|switch|p1a: Tatsugiri|Tatsugiri, L50, M, tera:Fairy|100/100 par
|switch|p2a: Hydreigon|Hydreigon, L50, M|100/100
|turn|12
|
|t:|1750823502
|move|p1a: Tatsugiri|Draco Meteor|p2a: Hydreigon
|-supereffective|p2a: Hydreigon
|-damage|p2a: Hydreigon|12/100
|-unboost|p1a: Tatsugiri|spa|2
|move|p2a: Hydreigon|Draco Meteor|p1b: Gyarados|[miss]
|-miss|p2a: Hydreigon|p1b: Gyarados
|cant|p1b: Gyarados|par
|move|p2b: Ting-Lu|Heavy Slam|p1a: Tatsugiri
|-supereffective|p1a: Tatsugiri
|-damage|p1a: Tatsugiri|0 fnt
|faint|p1a: Tatsugiri
|
|-weather|RainDance|[upkeep]
|upkeep
|turn|13
|c|☆Astonished25|PUTA MADRE
|
|t:|1750823523
|move|p2a: Hydreigon|Draco Meteor|p1b: Gyarados
|-damage|p1b: Gyarados|5/100 par
|-unboost|p2a: Hydreigon|spa|2
|move|p1b: Gyarados|Icy Wind|p2a: Hydreigon|[spread] p2a,p2b
|-supereffective|p2a: Hydreigon
|-resisted|p2b: Ting-Lu
|-damage|p2a: Hydreigon|5/100
|-damage|p2b: Ting-Lu|29/100
|-unboost|p2a: Hydreigon|spe|1
|-unboost|p2b: Ting-Lu|spe|1
|move|p2b: Ting-Lu|Body Press|p1b: Gyarados
|-resisted|p1b: Gyarados
|-damage|p1b: Gyarados|0 fnt
|faint|p1b: Gyarados
|
|win|99voltios
||Astonished25 is ready for game 2.
|inactive|99voltios has 30 seconds to confirm battle start!
|inactive|99voltios has 20 seconds to confirm battle start!
||99voltios is ready for game 2.
|uhtml|next|Next: <a href="/battle-gen9vgc2025regi-2391256520"><strong>Game 2 of 3</strong></a>
|l| FosaNando
|l|☆99voltios
|player|p2|
