|j|☆Markiito18
|j|☆jaffro1738
|t:|1750870525
|gametype|doubles
|player|p1|Markiito18|1|1180
|player|p2|jaffro1738|266|1257
|teamsize|p1|6
|teamsize|p2|6
|gen|9
|tier|[Gen 9] VGC 2025 Reg I
|rated|
|rule|Species Clause: Limit one of each Pokémon
|rule|Item Clause: Limit 1 of each item
|clearpoke
|poke|p1|Lunala, L50|
|poke|p1|Indeedee-F, L50, F|
|poke|p1|Zamazenta-*, L50|
|poke|p1|Garganacl, L50, M|
|poke|p1|Ursaluna-Bloodmoon, L50, M|
|poke|p1|Ting-Lu, L50|
|poke|p2|Calyrex-Ice, L50|
|poke|p2|Regidrago, L50|
|poke|p2|Dusclops, L50, M|
|poke|p2|Oranguru, L50, F|
|poke|p2|Miraidon, L50|
|poke|p2|Chi-Yu, L50|
|teampreview|4
jaffro1738 rejected open team sheets.
|inactive|Battle timer is ON: inactive players will automatically lose when time's up. (requested by jaffro1738)
|inactive|Markiito18 has 60 seconds left.
|
|t:|1750870609
|start
|switch|p1a: Indeedee|Indeedee-F, L50, F, shiny|100/100
|switch|p1b: Lunala|Lunala, L50, shiny|100/100
|switch|p2a: O|Oranguru, L50, F|100/100
|switch|p2b: C|Chi-Yu, L50|100/100
|-ability|p2b: C|Beads of Ruin
|-fieldstart|move: Psychic Terrain|[from] ability: Psychic Surge|[of] p1a: Indeedee
|turn|1
|inactive|Markiito18 has 30 seconds left.
|
|t:|1750870638
|-terastallize|p1b: Lunala|Fairy
|move|p2b: C|Dark Pulse|p1b: Lunala
|-resisted|p1b: Lunala
|-damage|p1b: Lunala|90/100
|move|p1b: Lunala|Meteor Beam||[still]
|-prepare|p1b: Lunala|Meteor Beam
|-boost|p1b: Lunala|spa|1
|-enditem|p1b: Lunala|Power Herb
|-anim|p1b: Lunala|Meteor Beam|p2b: C
|-supereffective|p2b: C
|-damage|p2b: C|0 fnt
|faint|p2b: C
|move|p1a: Indeedee|Trick Room|p1a: Indeedee
|-fieldstart|move: Trick Room|[of] p1a: Indeedee
|move|p2a: O|Trick Room|p2a: O
|-fieldend|move: Trick Room
|
|upkeep
|
|t:|1750870654
|switch|p2b: CI|Calyrex-Ice, L50|100/100
|-ability|p2b: CI|As One
|-ability|p2b: CI|Unnerve
|turn|2
|inactive|Markiito18 has 30 seconds left.
|inactive|Markiito18 has 20 seconds left.
|inactive|Markiito18 has 15 seconds left.
|
|t:|1750870695
|-terastallize|p2b: CI|Water
|move|p1b: Lunala|Moongeist Beam|p2b: CI
|-damage|p2b: CI|65/100
|move|p2a: O|Instruct||[still]
|-fail|p2a: O
|move|p2b: CI|Crunch|p1a: Indeedee
|-supereffective|p1a: Indeedee
|-damage|p1a: Indeedee|46/100
|-damage|p2b: CI|49/100|[from] item: Rocky Helmet|[of] p1a: Indeedee
|move|p1a: Indeedee|Trick Room|p1a: Indeedee
|-fieldstart|move: Trick Room|[of] p1a: Indeedee
|
|upkeep
|turn|3
|inactive|Markiito18 has 30 seconds left.
|inactive|Markiito18 has 20 seconds left.
|inactive|Markiito18 has 15 seconds left.
|inactive|Markiito18 has 10 seconds left.
|inactive|Markiito18 has 5 seconds left.
|
|t:|1750870750
|move|p1a: Indeedee|Helping Hand|p1b: Lunala
|-singleturn|p1b: Lunala|Helping Hand|[of] p1a: Indeedee
|move|p2b: CI|Glacial Lance|p1b: Lunala|[spread] p1a,p1b
|-damage|p1a: Indeedee|3/100
|-damage|p1b: Lunala|52/100
|move|p2a: O|Instruct|p2b: CI
|-singleturn|p2b: CI|move: Instruct|[of] p2a: O
|move|p2b: CI|Glacial Lance|p1a: Indeedee|[spread] p1a,p1b
|-damage|p1a: Indeedee|0 fnt
|-damage|p1b: Lunala|15/100
|faint|p1a: Indeedee
|-ability|p2b: CI|Chilling Neigh|boost
|-boost|p2b: CI|atk|1
|move|p1b: Lunala|Expanding Force|p2b: CI|[spread] p2a,p2b
|-resisted|p2a: O
|-damage|p2a: O|39/100
|-damage|p2b: CI|0 fnt
|faint|p2b: CI
|
|upkeep
|
|t:|1750870768
|switch|p2b: R|Regidrago, L50|100/100
|switch|p1a: Ting-Lu|Ting-Lu, L50|100/100
|-ability|p1a: Ting-Lu|Vessel of Ruin
|turn|4
|
|t:|1750870781
|move|p2b: R|Earth Power|p1b: Lunala
|-damage|p1b: Lunala|0 fnt
|faint|p1b: Lunala
|move|p2a: O|Instruct|p2b: R
|-singleturn|p2b: R|move: Instruct|[of] p2a: O
|move|p2b: R|Earth Power|p1a: Ting-Lu
|-damage|p1a: Ting-Lu|90/100
|move|p1a: Ting-Lu|Snarl|p2b: R|[spread] p2a,p2b
|-supereffective|p2a: O
|-crit|p2b: R
|-damage|p2a: O|27/100
|-damage|p2b: R|88/100
|-unboost|p2a: O|spa|1
|-unboost|p2b: R|spa|1
|
|upkeep
|
|t:|1750870789
|switch|p1b: Zamazenta|Zamazenta-Crowned, L50, shiny|100/100
|-ability|p1b: Zamazenta|Dauntless Shield|boost
|-boost|p1b: Zamazenta|def|1
|turn|5
|-message|jaffro1738 forfeited.
|
|win|Markiito18
|raw|Markiito18's rating: 1180 &rarr; <strong>1210</strong><br />(+30 for winning)
|raw|jaffro1738's rating: 1257 &rarr; <strong>1227</strong><br />(-30 for losing)
|l|☆jaffro1738
|player|p2|
