|j|☆SnorlaxPikachu1
|j|☆Lewlo
|t:|1750875816
|gametype|doubles
|player|p1|SnorlaxPikachu1|palmer|
|player|p2|Lewlo|gardenia|
|teamsize|p1|6
|teamsize|p2|6
|gen|9
|tier|[Gen 9] VGC 2025 Reg I
|rated|Tournament battle
|rule|Species Clause: Limit one of each Pokémon
|rule|Item Clause: Limit 1 of each item
|raw|<div class="infobox"><details class="readmore" open><summary><strong>2 custom rules:</strong></summary> Force Open Team Sheets, !Open Team Sheets</details></div>
|clearpoke
|poke|p1|Calyrex-Shadow, L50|
|poke|p1|Smeargle, L50, F|
|poke|p1|Zamazenta-*, L50|
|poke|p1|Whimsicott, L50, M|
|poke|p1|Rillaboom, L50, M|
|poke|p1|Ogerpon-Cornerstone, L50, F|
|poke|p2|Kyogre, L50|
|poke|p2|Zamazenta-*, L50|
|poke|p2|Chien-Pao, L50|
|poke|p2|Landorus, L50, M|
|poke|p2|Roaring Moon, L50|
|poke|p2|Amoonguss, L50, M|
|teampreview|4
|showteam|p1|Calyrex-Shadow||LifeOrb|AsOneSpectrier|AstralBarrage,Psychic,NastyPlot,Protect||||||50|,,,,,Dark]Smeargle||FocusSash|Moody|Spore,FollowMe,WideGuard,FakeOut|||F|||50|,,,,,Grass]Zamazenta-Crowned||RustedShield|DauntlessShield|BodyPress,HeavySlam,WideGuard,Protect||||||50|,,,,,Dragon]Whimsicott||CovertCloak|Prankster|Moonblast,Tailwind,Encore,HelpingHand|||M|||50|,,,,,Dark]Rillaboom||AssaultVest|GrassySurge|GrassyGlide,WoodHammer,FakeOut,Uturn|||M|||50|,,,,,Fire]Ogerpon-Cornerstone||CornerstoneMask|Sturdy|IvyCudgel,FollowMe,SpikyShield,Taunt|||F|||50|,,,,,Rock
|showteam|p2|Kyogre||AssaultVest|Drizzle|IceBeam,HydroPump,OriginPulse,WaterSpout||||||50|,,,,,Grass]Zamazenta-Crowned||RustedShield|DauntlessShield|behemothbash,BodyPress,WideGuard,Protect||||||50|,,,,,Dragon]Chien-Pao||FocusSash|SwordofRuin|IceSpinner,SuckerPunch,Crunch,Protect||||||50|,,,,,Ghost]Landorus||LifeOrb|SheerForce|EarthPower,SandsearStorm,SludgeBomb,Protect|||M|||50|,,,,,Water]Roaring Moon||BoosterEnergy|Protosynthesis|Acrobatics,KnockOff,Tailwind,Protect||||||50|,,,,,Flying]Amoonguss||RockyHelmet|Regenerator|RagePowder,PollenPuff,Spore,ClearSmog|||M|||50|,,,,,Water
|inactive|Battle timer is ON: inactive players will automatically lose when time's up. (requested by Lewlo)
|c|☆SnorlaxPikachu1|glhf
|c|☆Lewlo|glhf
|j| Hy3llo
|
|t:|1750875843
|start
|switch|p1a: Hypnos|Smeargle, L50, F|100/100
|switch|p1b: Hecate|Calyrex-Shadow, L50|100/100
|switch|p2a: Amoonguss|Amoonguss, L50, M|100/100
|switch|p2b: Roaring Moon|Roaring Moon, L50|100/100
|-ability|p1b: Hecate|As One
|-ability|p1b: Hecate|Unnerve
|-enditem|p2b: Roaring Moon|Booster Energy
|-activate|p2b: Roaring Moon|ability: Protosynthesis|[fromitem]
|-start|p2b: Roaring Moon|protosynthesisspe
|turn|1
|
|t:|1750875857
|-terastallize|p1b: Hecate|Dark
|move|p2b: Roaring Moon|Knock Off|p1b: Hecate
|-resisted|p1b: Hecate
|-damage|p1b: Hecate|75/100
|-enditem|p1b: Hecate|Life Orb|[from] move: Knock Off|[of] p2b: Roaring Moon
|move|p1b: Hecate|Psychic|p2a: Amoonguss
|-supereffective|p2a: Amoonguss
|-damage|p2a: Amoonguss|18/100
|move|p1a: Hypnos|Spore|p2a: Amoonguss
|-immune|p2a: Amoonguss
|move|p2a: Amoonguss|Spore|p1a: Hypnos
|-status|p1a: Hypnos|slp|[from] move: Spore
|
|-ability|p1a: Hypnos|Moody|boost
|-boost|p1a: Hypnos|atk|2
|-unboost|p1a: Hypnos|spe|1
|upkeep
|turn|2
|
|t:|1750875881
|switch|p1a: Aurae|Whimsicott, L50, M|100/100
|switch|p2a: Kyogre|Kyogre, L50|100/100
|-weather|RainDance|[from] ability: Drizzle|[of] p2a: Kyogre
|move|p2b: Roaring Moon|Tailwind|p2b: Roaring Moon
|-sidestart|p2: Lewlo|move: Tailwind
|move|p1b: Hecate|Astral Barrage|p2b: Roaring Moon|[spread] p2a,p2b
|-resisted|p2b: Roaring Moon
|-damage|p2a: Kyogre|77/100
|-damage|p2b: Roaring Moon|72/100
|
|-weather|RainDance|[upkeep]
|upkeep
|turn|3
|j| theboiz12321
|inactive|Lewlo has 30 seconds left.
|
|t:|1750875906
|move|p1b: Hecate|Protect|p1b: Hecate
|-singleturn|p1b: Hecate|Protect
|move|p1a: Aurae|Tailwind|p1a: Aurae
|-sidestart|p1: SnorlaxPikachu1|move: Tailwind
|move|p2b: Roaring Moon|Acrobatics|p1a: Aurae
|-supereffective|p1a: Aurae
|-damage|p1a: Aurae|9/100
|move|p2a: Kyogre|Hydro Pump|p1b: Hecate
|-activate|p1b: Hecate|move: Protect
|
|-weather|RainDance|[upkeep]
|upkeep
|turn|4
|l| theboiz12321
|inactive|SnorlaxPikachu1 has 30 seconds left.
|inactive|SnorlaxPikachu1 has 20 seconds left.
|
|t:|1750875945
|switch|p1b: Hypnos|Smeargle, L50, F|100/100 slp
|move|p1a: Aurae|Encore|p2a: Kyogre
|-start|p2a: Kyogre|Encore
|move|p2b: Roaring Moon|Acrobatics|p1b: Hypnos
|-damage|p1b: Hypnos|31/100 slp
|move|p2a: Kyogre|Hydro Pump|p1a: Aurae
|-resisted|p1a: Aurae
|-damage|p1a: Aurae|0 fnt
|faint|p1a: Aurae
|
|-weather|RainDance|[upkeep]
|-ability|p1b: Hypnos|Moody|boost
|-boost|p1b: Hypnos|spd|2
|-unboost|p1b: Hypnos|def|1
|upkeep
|
|t:|1750875952
|switch|p1a: Hecuba|Zamazenta-Crowned, L50|100/100
|-ability|p1a: Hecuba|Dauntless Shield|boost
|-boost|p1a: Hecuba|def|1
|turn|5
|
|t:|1750875964
|move|p2b: Roaring Moon|Acrobatics|p1b: Hypnos
|-damage|p1b: Hypnos|0 fnt
|faint|p1b: Hypnos
|move|p1a: Hecuba|Body Press|p2b: Roaring Moon
|-supereffective|p2b: Roaring Moon
|-damage|p2b: Roaring Moon|0 fnt
|faint|p2b: Roaring Moon
|-end|p2b: Roaring Moon|Protosynthesis|[silent]
|move|p2a: Kyogre|Hydro Pump|p1a: Hecuba
|-damage|p1a: Hecuba|37/100
|
|-weather|RainDance|[upkeep]
|-sideend|p2: Lewlo|move: Tailwind
|upkeep
|
|t:|1750875976
|switch|p2b: Zamazenta|Zamazenta-Crowned, L50|100/100
|switch|p1b: Hecate|Calyrex-Shadow, L50, tera:Dark|75/100
|-ability|p1b: Hecate|As One
|-ability|p1b: Hecate|Unnerve
|-ability|p2b: Zamazenta|Dauntless Shield|boost
|-boost|p2b: Zamazenta|def|1
|turn|6
|
|t:|1750875988
|move|p1b: Hecate|Astral Barrage|p2b: Zamazenta|[spread] p2a,p2b
|-damage|p2a: Kyogre|49/100
|-damage|p2b: Zamazenta|56/100
|move|p1a: Hecuba|Body Press|p2a: Kyogre
|-damage|p2a: Kyogre|0 fnt
|faint|p2a: Kyogre
|move|p2b: Zamazenta|Body Press|p1b: Hecate
|-supereffective|p1b: Hecate
|-damage|p1b: Hecate|0 fnt
|faint|p1b: Hecate
|
|-weather|none
|-sideend|p1: SnorlaxPikachu1|move: Tailwind
|upkeep
|
|t:|1750876002
|switch|p2a: Amoonguss|Amoonguss, L50, M|51/100
|turn|7
|
|t:|1750876009
|-terastallize|p2b: Zamazenta|Dragon
|move|p1a: Hecuba|Protect|p1a: Hecuba
|-singleturn|p1a: Hecuba|Protect
|move|p2b: Zamazenta|Body Press|p1a: Hecuba
|-activate|p1a: Hecuba|move: Protect
|move|p2a: Amoonguss|Spore|p1a: Hecuba
|-activate|p1a: Hecuba|move: Protect
|
|upkeep
|turn|8
|j| Stegozard
|
|t:|1750876017
|move|p2b: Zamazenta|Body Press|p1a: Hecuba
|-supereffective|p1a: Hecuba
|-damage|p1a: Hecuba|0 fnt
|faint|p1a: Hecuba
|
|win|Lewlo
|n|☆SnorlaxPikachu1|snorlaxpikachu1
|n|☆Lewlo|lewlo
|n| Hy3llo|hy3llo
|n| Stegozard|stegozard
|c|☆Lewlo|gg
|c|☆SnorlaxPikachu1|gg
|l|☆SnorlaxPikachu1
|player|p1|
