|j|☆eevee887
|j|☆stellarsoulz
|t:|1750801584
|gametype|doubles
|player|p1|eevee887|n|1058
|player|p2|stellarsoulz|nancy|1156
|teamsize|p1|6
|teamsize|p2|6
|gen|9
|tier|[Gen 9] VGC 2025 Reg I
|rated|
|rule|Species Clause: Limit one of each Pokémon
|rule|Item Clause: Limit 1 of each item
|clearpoke
|poke|p1|Noivern, L50, M|
|poke|p1|Garchomp, L50, F|
|poke|p1|Toxtricity-Low-Key, L50, F|
|poke|p1|Sinistcha, L50|
|poke|p1|Kingambit, L50, M|
|poke|p1|Pelipper, L50, M|
|poke|p2|Calyrex-Shadow, L50|
|poke|p2|Koraidon, L50|
|poke|p2|Incineroar, L50, M|
|poke|p2|Iron Treads, L50|
|poke|p2|Amoonguss, L50, M|
|poke|p2|Walking Wake, L50|
|teampreview|4
|inactive|Battle timer is ON: inactive players will automatically lose when time's up. (requested by stellarsoulz)
|inactive|eevee887 has 60 seconds left.
|
|t:|1750801634
|start
|switch|p1a: Noivern|Noivern, L50, M, shiny|100/100
|switch|p1b: Garchomp|Garchomp, L50, F, shiny|100/100
|switch|p2a: Calyrex|Calyrex-Shadow, L50|100/100
|switch|p2b: Walking Wake|Walking Wake, L50|100/100
|-ability|p2a: Calyrex|As One
|-ability|p2a: Calyrex|Unnerve
|turn|1
|
|t:|1750801648
|move|p1a: Noivern|Protect|p1a: Noivern
|-singleturn|p1a: Noivern|Protect
|move|p1b: Garchomp|Protect|p1b: Garchomp
|-singleturn|p1b: Garchomp|Protect
|move|p2a: Calyrex|Nasty Plot|p2a: Calyrex
|-boost|p2a: Calyrex|spa|2
|move|p2b: Walking Wake|Draco Meteor|p1a: Noivern
|-activate|p1a: Noivern|move: Protect
|
|upkeep
|turn|2
|
|t:|1750801673
|-terastallize|p2a: Calyrex|Ghost
|move|p2a: Calyrex|Astral Barrage|p1b: Garchomp|[spread] p1a,p1b
|-enditem|p1a: Noivern|Focus Sash
|-damage|p1a: Noivern|1/100
|-damage|p1b: Garchomp|0 fnt
|faint|p1b: Garchomp
|-ability|p2a: Calyrex|Grim Neigh|boost
|-boost|p2a: Calyrex|spa|1
|move|p1a: Noivern|Tailwind|p1a: Noivern
|-sidestart|p1: eevee887|move: Tailwind
|move|p2b: Walking Wake|Snarl|p1a: Noivern
|-damage|p1a: Noivern|0 fnt
|faint|p1a: Noivern
|
|upkeep
|
|t:|1750801688
|switch|p1a: Sinistcha|Sinistcha, L50, shiny|100/100
|switch|p1b: Toxtricity|Toxtricity-Low-Key, L50, F|100/100
|turn|3
|
|t:|1750801707
|-terastallize|p1b: Toxtricity|Normal
|move|p2a: Calyrex|Protect|p2a: Calyrex
|-singleturn|p2a: Calyrex|Protect
|move|p1b: Toxtricity|Overdrive|p2b: Walking Wake|[spread] p2b
|-activate|p2a: Calyrex|move: Protect
|-damage|p2b: Walking Wake|67/100
|move|p1a: Sinistcha|Matcha Gotcha|p2b: Walking Wake|[spread] p2b
|-activate|p2a: Calyrex|move: Protect
|-damage|p2b: Walking Wake|47/100
|move|p2b: Walking Wake|Snarl|p1a: Sinistcha|[spread] p1a,p1b
|-supereffective|p1a: Sinistcha
|-damage|p1a: Sinistcha|70/100
|-damage|p1b: Toxtricity|89/100
|-unboost|p1b: Toxtricity|spa|1
|
|upkeep
|turn|4
|inactive|eevee887 has 30 seconds left.
|inactive|stellarsoulz has 30 seconds left.
|
|t:|1750801738
|move|p1b: Toxtricity|Overdrive|p2a: Calyrex|[spread] p2a,p2b
|-crit|p2a: Calyrex
|-damage|p2a: Calyrex|35/100
|-damage|p2b: Walking Wake|25/100
|move|p2a: Calyrex|Astral Barrage|p1b: Toxtricity|[spread] p1a
|-immune|p1b: Toxtricity
|-supereffective|p1a: Sinistcha
|-damage|p1a: Sinistcha|0 fnt
|faint|p1a: Sinistcha
|-ability|p2a: Calyrex|Grim Neigh|boost
|-boost|p2a: Calyrex|spa|1
|move|p2b: Walking Wake|Snarl|p1b: Toxtricity
|-damage|p1b: Toxtricity|75/100
|-unboost|p1b: Toxtricity|spa|1
|
|upkeep
|turn|5
|
|t:|1750801753
|move|p2a: Calyrex|Protect|p2a: Calyrex
|-singleturn|p2a: Calyrex|Protect
|move|p1b: Toxtricity|Overdrive|p2a: Calyrex|[spread] p2b
|-activate|p2a: Calyrex|move: Protect
|-damage|p2b: Walking Wake|8/100
|move|p2b: Walking Wake|Hydro Steam|p1b: Toxtricity
|-damage|p1b: Toxtricity|11/100
|
|-sideend|p1: eevee887|move: Tailwind
|upkeep
|turn|6
|
|t:|1750801764
|move|p1b: Toxtricity|Protect|p1b: Toxtricity
|-singleturn|p1b: Toxtricity|Protect
|move|p2a: Calyrex|Psychic|p1b: Toxtricity
|-activate|p1b: Toxtricity|move: Protect
|move|p2b: Walking Wake|Hydro Steam|p1b: Toxtricity
|-activate|p1b: Toxtricity|move: Protect
|
|upkeep
|turn|7
|
|t:|1750801773
|move|p2a: Calyrex|Psychic|p1b: Toxtricity
|-damage|p1b: Toxtricity|0 fnt
|faint|p1b: Toxtricity
|
|win|stellarsoulz
|raw|eevee887's rating: 1058 &rarr; <strong>1044</strong><br />(-14 for losing)
|raw|stellarsoulz's rating: 1156 &rarr; <strong>1174</strong><br />(+18 for winning)
|l|☆eevee887
|player|p1|
|l|☆stellarsoulz
|player|p2|
