|j|☆Conces Joe?
|j|☆vjojn
|t:|1750834410
|gametype|doubles
|player|p1|Conces Joe?|170|1127
|player|p2|vjojn|lady-gen4|1182
|teamsize|p1|6
|teamsize|p2|6
|gen|9
|tier|[Gen 9] VGC 2025 Reg I
|rated|
|rule|Species Clause: Limit one of each Pokémon
|rule|Item Clause: Limit 1 of each item
|clearpoke
|poke|p1|Koraidon, L50|
|poke|p1|Calyrex-Shadow, L50|
|poke|p1|Brute Bonnet, L50|
|poke|p1|Walking Wake, L50|
|poke|p1|Chi-Yu, L50|
|poke|p1|Rhyperior, L50, F|
|poke|p2|Kyogre, L50|
|poke|p2|Rillaboom, L50, F|
|poke|p2|Urshifu-*, L50, F|
|poke|p2|Landorus, L50, M|
|poke|p2|Tornadus, L50, M|
|poke|p2|Zacian-*, L50|
|teampreview|4
|inactive|Battle timer is ON: inactive players will automatically lose when time's up. (requested by Conces Joe?)
|c|☆Conces Joe?|glhf
|
|t:|1750834443
|start
|switch|p1a: Brute Bonnet|Brute Bonnet, L50|100/100
|switch|p1b: Rhyperior|Rhyperior, L50, F|100/100
|switch|p2a: Kyogre|Kyogre, L50|100/100
|switch|p2b: Tornadus|Tornadus, L50, M|100/100
|-weather|RainDance|[from] ability: Drizzle|[of] p2a: Kyogre
|turn|1
|
|t:|1750834468
|-terastallize|p1b: Rhyperior|Water
|move|p2b: Tornadus|Bleakwind Storm|p1a: Brute Bonnet|[spread] p1a,p1b
|-supereffective|p1a: Brute Bonnet
|-damage|p1a: Brute Bonnet|48/100
|-damage|p1b: Rhyperior|57/100
|-unboost|p1a: Brute Bonnet|spe|1
|move|p2a: Kyogre|Ice Beam|p1a: Brute Bonnet
|-supereffective|p1a: Brute Bonnet
|-damage|p1a: Brute Bonnet|0 fnt
|faint|p1a: Brute Bonnet
|-end|p1a: Brute Bonnet|Protosynthesis|[silent]
|move|p1b: Rhyperior|Rock Wrecker|p2b: Tornadus
|-supereffective|p2b: Tornadus
|-damage|p2b: Tornadus|0 fnt
|-mustrecharge|p1b: Rhyperior
|faint|p2b: Tornadus
|
|-weather|RainDance|[upkeep]
|upkeep
|
|t:|1750834486
|switch|p2b: Urshifu|Urshifu-Rapid-Strike, L50, F|100/100
|switch|p1a: Koraidon|Koraidon, L50|100/100
|-weather|SunnyDay|[from] ability: Orichalcum Pulse|[of] p1a: Koraidon
|-activate|p1a: Koraidon|Orichalcum Pulse|[source]
|turn|2
|inactive|vjojn has 30 seconds left.
|inactive|vjojn has 20 seconds left.
|inactive|vjojn has 15 seconds left.
|inactive|vjojn has 10 seconds left.
|
|t:|1750834532
|move|p2b: Urshifu|Close Combat|p1a: Koraidon
|-damage|p1a: Koraidon|47/100
|-unboost|p2b: Urshifu|def|1
|-unboost|p2b: Urshifu|spd|1
|move|p1a: Koraidon|Flame Charge|p2b: Urshifu
|-resisted|p2b: Urshifu
|-damage|p2b: Urshifu|66/100
|-boost|p1a: Koraidon|spe|1
|-damage|p1a: Koraidon|38/100|[from] item: Life Orb
|move|p2a: Kyogre|Ice Beam|p1a: Koraidon
|-supereffective|p1a: Koraidon
|-damage|p1a: Koraidon|0 fnt
|faint|p1a: Koraidon
|cant|p1b: Rhyperior|recharge
|
|-weather|SunnyDay|[upkeep]
|upkeep
|
|t:|1750834547
|switch|p1a: Calyrex|Calyrex-Shadow, L50|100/100
|-ability|p1a: Calyrex|As One
|-ability|p1a: Calyrex|Unnerve
|turn|3
|inactive|vjojn has 30 seconds left.
|inactive|vjojn has 20 seconds left.
|inactive|vjojn has 15 seconds left.
|
|t:|1750834588
|move|p2b: Urshifu|Close Combat|p1b: Rhyperior
|-damage|p1b: Rhyperior|18/100
|-unboost|p2b: Urshifu|def|1
|-unboost|p2b: Urshifu|spd|1
|move|p1a: Calyrex|Astral Barrage|p2a: Kyogre|[spread] p2a,p2b
|-damage|p2a: Kyogre|46/100
|-damage|p2b: Urshifu|0 fnt
|faint|p2b: Urshifu
|-ability|p1a: Calyrex|Grim Neigh|boost
|-boost|p1a: Calyrex|spa|1
|move|p2a: Kyogre|Ice Beam|p1a: Calyrex
|-damage|p1a: Calyrex|39/100
|move|p1b: Rhyperior|Rock Wrecker|p2a: Kyogre
|-damage|p2a: Kyogre|0 fnt
|-mustrecharge|p1b: Rhyperior
|faint|p2a: Kyogre
|
|-weather|SunnyDay|[upkeep]
|upkeep
|
|t:|1750834608
|switch|p2b: Zacian|Zacian-Crowned, L50|100/100
|-ability|p2b: Zacian|Intrepid Sword|boost
|-boost|p2b: Zacian|atk|1
|turn|4
|
|t:|1750834623
|-terastallize|p2b: Zacian|Ground
|move|p1a: Calyrex|Protect|p1a: Calyrex
|-singleturn|p1a: Calyrex|Protect
|move|p2b: Zacian|Behemoth Blade|p1a: Calyrex
|-activate|p1a: Calyrex|move: Protect
|cant|p1b: Rhyperior|recharge
|
|-weather|SunnyDay|[upkeep]
|upkeep
|turn|5
|
|t:|1750834637
|move|p1a: Calyrex|Astral Barrage|p2b: Zacian
|-damage|p2b: Zacian|0 fnt
|faint|p2b: Zacian
|
|win|Conces Joe?
|raw|Conces Joe?'s rating: 1127 &rarr; <strong>1156</strong><br />(+29 for winning)
|raw|vjojn's rating: 1182 &rarr; <strong>1153</strong><br />(-29 for losing)
|c|☆Conces Joe?|gg
|l|☆vjojn
|player|p2|
|l|☆Conces Joe?
|player|p1|
