|j|☆kirigayaxr
|j|☆Pannawit12235
|t:|1750815321
|gametype|doubles
|player|p1|kirigayaxr|169|1234
|player|p2|Pannawit12235|lass-gen4|1234
|teamsize|p1|6
|teamsize|p2|6
|gen|9
|tier|[Gen 9] VGC 2025 Reg I
|rated|
|rule|Species Clause: Limit one of each Pokémon
|rule|Item Clause: Limit 1 of each item
|clearpoke
|poke|p1|Koraidon, L50|
|poke|p1|Zacian-*, L50|
|poke|p1|Weezing-Galar, L50, M|
|poke|p1|Ceruledge, L50, M|
|poke|p1|Chi-Yu, L50|
|poke|p1|Ogerpon-Cornerstone, L50, F|
|poke|p2|Igglybuff, L50, M|
|poke|p2|Calyrex-Ice, L50|
|poke|p2|Miraidon, L50|
|poke|p2|Farigiraf, L50, M|
|poke|p2|Chi-Yu, L50|
|poke|p2|Iron Hands, L50|
|teampreview|4
|
|t:|1750815347
|start
|switch|p1a: Weezing|Weezing-Galar, L50, M|100/100
|switch|p1b: Chi-Yu|Chi-Yu, L50|100/100
|switch|p2a: Calyrex|Calyrex-Ice, L50|100/100
|switch|p2b: Farigiraf|Farigiraf, L50, M|100/100
|-ability|p1a: Weezing|Neutralizing Gas
|-ability|p2a: Calyrex|As One
|-ability|p2a: Calyrex|Unnerve
|turn|1
|inactive|Battle timer is ON: inactive players will automatically lose when time's up. (requested by kirigayaxr)
|
|t:|1750815371
|move|p2b: Farigiraf|Ally Switch|p2b: Farigiraf
|swap|p2b: Farigiraf|0|[from] move: Ally Switch
|move|p1b: Chi-Yu|Dark Pulse|p2b: Calyrex
|-supereffective|p2b: Calyrex
|-damage|p2b: Calyrex|43/100
|move|p1a: Weezing|Taunt|p2a: Farigiraf
|-start|p2a: Farigiraf|move: Taunt
|move|p2b: Calyrex|Trick Room|p2b: Calyrex
|-fieldstart|move: Trick Room|[of] p2b: Calyrex
|
|upkeep
|turn|2
|
|t:|1750815385
|switch|p2a: Igglybuff|Igglybuff, L50, M, shiny|100/100
|-terastallize|p1b: Chi-Yu|Ghost
|move|p2b: Calyrex|High Horsepower|p1b: Chi-Yu
|-damage|p1b: Chi-Yu|32/100
|move|p1a: Weezing|Taunt|p2a: Igglybuff
|-start|p2a: Igglybuff|move: Taunt
|move|p1b: Chi-Yu|Dark Pulse|p2b: Calyrex
|-supereffective|p2b: Calyrex
|-damage|p2b: Calyrex|0 fnt
|faint|p2b: Calyrex
|
|upkeep
|
|t:|1750815397
|switch|p2b: Miraidon|Miraidon, L50|100/100
|turn|3
|
|t:|1750815412
|switch|p2a: Farigiraf|Farigiraf, L50, M|100/100
|-terastallize|p2b: Miraidon|Fairy
|move|p1a: Weezing|Strange Steam|p2b: Miraidon
|-damage|p2b: Miraidon|75/100
|move|p2b: Miraidon|Electro Drift|p1a: Weezing
|-damage|p1a: Weezing|18/100
|move|p1b: Chi-Yu|Dark Pulse|p2b: Miraidon
|-resisted|p2b: Miraidon
|-damage|p2b: Miraidon|54/100
|
|upkeep
|turn|4
|
|t:|1750815431
|move|p2a: Farigiraf|Psychic|p1a: Weezing
|-supereffective|p1a: Weezing
|-damage|p1a: Weezing|0 fnt
|faint|p1a: Weezing
|-end|p1a: Weezing|ability: Neutralizing Gas
|-fieldstart|move: Electric Terrain|[from] ability: Hadron Engine|[of] p2b: Miraidon
|-enditem|p2a: Farigiraf|Electric Seed
|-boost|p2a: Farigiraf|def|1|[from] item: Electric Seed
|-ability|p1b: Chi-Yu|Beads of Ruin
|move|p2b: Miraidon|Electro Drift|p1b: Chi-Yu
|-damage|p1b: Chi-Yu|0 fnt
|faint|p1b: Chi-Yu
|
|upkeep
|
|t:|1750815444
|switch|p1a: Zacian|Zacian-Crowned, L50|100/100
|switch|p1b: Ogerpon|Ogerpon-Cornerstone, L50, F|100/100
|-ability|p1a: Zacian|Intrepid Sword|boost
|-boost|p1a: Zacian|atk|1
|turn|5
|
|t:|1750815451
|switch|p2b: Igglybuff|Igglybuff, L50, M, shiny|100/100
|move|p1b: Ogerpon|Spiky Shield|p1b: Ogerpon
|-singleturn|p1b: Ogerpon|move: Protect
|move|p1a: Zacian|Protect|p1a: Zacian
|-singleturn|p1a: Zacian|Protect
|move|p2a: Farigiraf|Psychic|p1b: Ogerpon
|-activate|p1b: Ogerpon|move: Protect
|
|-fieldend|move: Trick Room
|upkeep
|turn|6
|
|t:|1750815469
|move|p1a: Zacian|Behemoth Blade|p2b: Igglybuff
|-supereffective|p2b: Igglybuff
|-enditem|p2b: Igglybuff|Focus Sash
|-damage|p2b: Igglybuff|1/100
|move|p1b: Ogerpon|Encore|p2a: Farigiraf
|-start|p2a: Farigiraf|Encore
|move|p2a: Farigiraf|Psychic|p1b: Ogerpon
|-crit|p1b: Ogerpon
|-damage|p1b: Ogerpon|38/100
|move|p2b: Igglybuff|Charm|p1a: Zacian
|-unboost|p1a: Zacian|atk|2
|
|upkeep
|turn|7
|
|t:|1750815484
|move|p1a: Zacian|Behemoth Blade|p2b: Igglybuff
|-supereffective|p2b: Igglybuff
|-damage|p2b: Igglybuff|0 fnt
|faint|p2b: Igglybuff
|move|p1b: Ogerpon|Ivy Cudgel|p2a: Farigiraf|[anim] Ivy Cudgel Rock
|-damage|p2a: Farigiraf|70/100
|move|p2a: Farigiraf|Psychic|p1b: Ogerpon
|-damage|p1b: Ogerpon|0 fnt
|faint|p1b: Ogerpon
|
|upkeep
|
|t:|1750815493
|switch|p2b: Miraidon|Miraidon, L50, tera:Fairy|54/100
|-activate|p2b: Miraidon|ability: Hadron Engine
|turn|8
|
|t:|1750815501
|move|p1a: Zacian|Behemoth Blade|p2b: Miraidon
|-supereffective|p2b: Miraidon
|-damage|p2b: Miraidon|0 fnt
|faint|p2b: Miraidon
|move|p2a: Farigiraf|Psychic|p1a: Zacian
|-resisted|p1a: Zacian
|-damage|p1a: Zacian|84/100
|
|-end|p2a: Farigiraf|Encore
|-fieldend|move: Electric Terrain
|upkeep
|turn|9
|
|t:|1750815511
|move|p1a: Zacian|Behemoth Blade|p2a: Farigiraf
|-damage|p2a: Farigiraf|50/100
|move|p2a: Farigiraf|Psychic|p1a: Zacian
|-resisted|p1a: Zacian
|-damage|p1a: Zacian|68/100
|
|upkeep
|turn|10
|
|t:|1750815525
|move|p1a: Zacian|Behemoth Blade|p2a: Farigiraf
|-damage|p2a: Farigiraf|31/100
|move|p2a: Farigiraf|Psychic|p1a: Zacian
|-resisted|p1a: Zacian
|-damage|p1a: Zacian|51/100
|
|upkeep
|turn|11
|
|t:|1750815534
|move|p1a: Zacian|Behemoth Blade|p2a: Farigiraf
|-damage|p2a: Farigiraf|10/100
|move|p2a: Farigiraf|Psychic|p1a: Zacian
|-resisted|p1a: Zacian
|-crit|p1a: Zacian
|-damage|p1a: Zacian|26/100
|
|upkeep
|turn|12
|
|t:|1750815541
|move|p1a: Zacian|Behemoth Blade|p2a: Farigiraf
|-damage|p2a: Farigiraf|0 fnt
|faint|p2a: Farigiraf
|
|win|kirigayaxr
|raw|kirigayaxr's rating: 1234 &rarr; <strong>1259</strong><br />(+25 for winning)
|raw|Pannawit12235's rating: 1234 &rarr; <strong>1209</strong><br />(-25 for losing)
|l|☆Pannawit12235
|player|p2|
|l|☆kirigayaxr
|player|p1|
