|j|☆Closedteamlistsuck
|j|‽vguekdk
|t:|1750865191
|gametype|doubles
|player|p1|Closedteamlistsuck|battlegirl-gen4|1451
|player|p2|vguekdk|266|1541
|teamsize|p1|6
|teamsize|p2|6
|gen|9
|tier|[Gen 9] VGC 2025 Reg I
|rated|
|rule|Species Clause: Limit one of each Pokémon
|rule|Item Clause: Limit 1 of each item
|clearpoke
|poke|p1|Iron Hands, L50|
|poke|p1|Ho-Oh, L50|
|poke|p1|Farigiraf, L50, M|
|poke|p1|Miraidon, L50|
|poke|p1|Grimmsnarl, L50, M|
|poke|p1|Iron Bundle, L50|
|poke|p2|Eternatus, L50|
|poke|p2|Rillaboom, L50, F|
|poke|p2|Incineroar, L50, M|
|poke|p2|Lugia, L50|
|poke|p2|Farigiraf, L50, M|
|poke|p2|Ogerpon-Cornerstone, L50, F|
|teampreview|4
|inactive|Battle timer is ON: inactive players will automatically lose when time's up. (requested by vguekdk)
|inactive|Closedteamlistsuck has 60 seconds left.
|inactive|vguekdk has 60 seconds left.
|
|t:|1750865233
|start
|switch|p1a: Iron Bundle|Iron Bundle, L50|100/100
|switch|p1b: Miraidon|Miraidon, L50|100/100
|switch|p2a: Rillaboom|Rillaboom, L50, F|100/100
|switch|p2b: Eternatus|Eternatus, L50|100/100
|-fieldstart|move: Electric Terrain|[from] ability: Hadron Engine|[of] p1b: Miraidon
|-activate|p1a: Iron Bundle|ability: Quark Drive
|-start|p1a: Iron Bundle|quarkdrivespe
|-ability|p2b: Eternatus|Pressure
|-fieldstart|move: Grassy Terrain|[from] ability: Grassy Surge|[of] p2a: Rillaboom
|-end|p1a: Iron Bundle|Quark Drive
|turn|1
|inactive|Closedteamlistsuck has 30 seconds left.
|
|t:|1750865263
|switch|p1b: Farigiraf|Farigiraf, L50, M, shiny|100/100
|move|p2a: Rillaboom|Fake Out||[still]
|cant|p1b: Farigiraf|ability: Armor Tail|Fake Out|[of] p2a: Rillaboom
|move|p1a: Iron Bundle|Taunt|p2b: Eternatus
|-start|p2b: Eternatus|move: Taunt
|cant|p2b: Eternatus|move: Taunt|Cosmic Power
|
|upkeep
|turn|2
|inactive|Closedteamlistsuck has 30 seconds left.
|
|t:|1750865292
|switch|p2b: Incineroar|Incineroar, L50, M|100/100
|-ability|p2b: Incineroar|Intimidate|boost
|-unboost|p1a: Iron Bundle|atk|1
|-unboost|p1b: Farigiraf|atk|1
|move|p1a: Iron Bundle|Encore|p2a: Rillaboom
|-start|p2a: Rillaboom|Encore
|move|p2a: Rillaboom|Fake Out||[still]
|-hint|Fake Out only works on your first turn out.
|-fail|p2a: Rillaboom
|move|p1b: Farigiraf|Psychic Noise|p2b: Incineroar
|-immune|p2b: Incineroar
|
|upkeep
|turn|3
|
|t:|1750865312
|switch|p2a: Eternatus|Eternatus, L50|100/100
|-ability|p2a: Eternatus|Pressure
|switch|p1b: Miraidon|Miraidon, L50|100/100
|-fieldstart|move: Electric Terrain|[from] ability: Hadron Engine|[of] p1b: Miraidon
|-activate|p1a: Iron Bundle|ability: Quark Drive
|-start|p1a: Iron Bundle|quarkdrivespe
|move|p1a: Iron Bundle|Chilling Water|p2b: Incineroar
|-supereffective|p2b: Incineroar
|-damage|p2b: Incineroar|60/100
|-unboost|p2b: Incineroar|atk|1
|move|p2b: Incineroar|Knock Off|p1b: Miraidon
|-damage|p1b: Miraidon|77/100
|-enditem|p1b: Miraidon|Choice Specs|[from] move: Knock Off|[of] p2b: Incineroar
|
|upkeep
|turn|4
|inactive|Closedteamlistsuck has 30 seconds left.
|
|t:|1750865340
|switch|p2b: Rillaboom|Rillaboom, L50, F|100/100
|-fieldstart|move: Grassy Terrain|[from] ability: Grassy Surge|[of] p2b: Rillaboom
|-end|p1a: Iron Bundle|Quark Drive
|move|p2a: Eternatus|Protect|p2a: Eternatus
|-singleturn|p2a: Eternatus|Protect
|move|p1a: Iron Bundle|Icy Wind|p2b: Rillaboom|[spread] p2b
|-activate|p2a: Eternatus|move: Protect
|-supereffective|p2b: Rillaboom
|-damage|p2b: Rillaboom|66/100
|-unboost|p2b: Rillaboom|spe|1
|move|p1b: Miraidon|Volt Switch|p2b: Rillaboom
|-resisted|p2b: Rillaboom
|-damage|p2b: Rillaboom|50/100
|
|t:|1750865354
|switch|p1b: Farigiraf|Farigiraf, L50, M, shiny|100/100|[from] Volt Switch
|
|-heal|p2b: Rillaboom|57/100|[from] Grassy Terrain
|upkeep
|turn|5
|
|t:|1750865375
|switch|p2a: Ogerpon|Ogerpon-Cornerstone, L50, F|100/100
|switch|p1b: Ho-Oh|Ho-Oh, L50, shiny|100/100
|-terastallize|p2b: Rillaboom|Grass
|move|p1a: Iron Bundle|Encore||[still]
|-fail|p1a: Iron Bundle
|move|p2b: Rillaboom|Wood Hammer|p1a: Iron Bundle
|-supereffective|p1a: Iron Bundle
|-enditem|p1a: Iron Bundle|Focus Sash
|-damage|p1a: Iron Bundle|1/100
|-damage|p2b: Rillaboom|34/100|[from] Recoil
|
|-heal|p1a: Iron Bundle|7/100|[from] Grassy Terrain
|-heal|p2b: Rillaboom|41/100|[from] Grassy Terrain
|upkeep
|turn|6
|inactive|Closedteamlistsuck has 30 seconds left.
|inactive|vguekdk has 30 seconds left.
|inactive|Closedteamlistsuck has 20 seconds left.
|inactive|Closedteamlistsuck has 15 seconds left.
|inactive|Closedteamlistsuck has 10 seconds left.
|
|t:|1750865422
|-end|p1a: Iron Bundle|Quark Drive|[silent]
|switch|p1a: Miraidon|Miraidon, L50|77/100
|-fieldstart|move: Electric Terrain|[from] ability: Hadron Engine|[of] p1a: Miraidon
|switch|p1b: Farigiraf|Farigiraf, L50, M, shiny|100/100
|-enditem|p1b: Farigiraf|Electric Seed
|-boost|p1b: Farigiraf|def|1|[from] item: Electric Seed
|switch|p2b: Incineroar|Incineroar, L50, M|60/100
|-ability|p2b: Incineroar|Intimidate|boost
|-unboost|p1a: Miraidon|atk|1
|-unboost|p1b: Farigiraf|atk|1
|move|p2a: Ogerpon|Ivy Cudgel|p1b: Farigiraf|[anim] Ivy Cudgel Rock
|-damage|p1b: Farigiraf|67/100
|
|upkeep
|turn|7
|inactive|vguekdk has 30 seconds left.
|inactive|vguekdk has 20 seconds left.
|inactive|vguekdk has 15 seconds left.
|inactive|vguekdk has 10 seconds left.
|
|t:|1750865470
|move|p2a: Ogerpon|Ivy Cudgel|p1a: Miraidon|[anim] Ivy Cudgel Rock
|-damage|p1a: Miraidon|29/100
|move|p1a: Miraidon|Volt Switch|p2a: Ogerpon
|-resisted|p2a: Ogerpon
|-damage|p2a: Ogerpon|67/100
|
|t:|1750865479
|switch|p1a: Ho-Oh|Ho-Oh, L50, shiny|100/100|[from] Volt Switch
|move|p2b: Incineroar|Parting Shot|p1a: Ho-Oh
|-unboost|p1a: Ho-Oh|atk|1
|-unboost|p1a: Ho-Oh|spa|1
|
|t:|1750865486
|switch|p2b: Rillaboom|Rillaboom, L50, F, tera:Grass|41/100|[from] Parting Shot
|-fieldstart|move: Grassy Terrain|[from] ability: Grassy Surge|[of] p2b: Rillaboom
|move|p1b: Farigiraf|Psychic Noise|p2a: Ogerpon
|-damage|p2a: Ogerpon|29/100
|-start|p2a: Ogerpon|move: Heal Block
|
|-heal|p2b: Rillaboom|47/100|[from] Grassy Terrain
|-heal|p1b: Farigiraf|73/100|[from] Grassy Terrain
|upkeep
|turn|8
|inactive|Closedteamlistsuck has 30 seconds left.
|
|t:|1750865511
|switch|p2b: Incineroar|Incineroar, L50, M|60/100
|-ability|p2b: Incineroar|Intimidate|boost
|-unboost|p1a: Ho-Oh|atk|1
|-unboost|p1b: Farigiraf|atk|1
|move|p1a: Ho-Oh|Protect|p1a: Ho-Oh
|-singleturn|p1a: Ho-Oh|Protect
|move|p2a: Ogerpon|Power Whip|p1b: Farigiraf
|-damage|p1b: Farigiraf|25/100
|move|p1b: Farigiraf|Psychic Noise|p2a: Ogerpon
|-damage|p2a: Ogerpon|0 fnt
|faint|p2a: Ogerpon
|
|-heal|p2b: Incineroar|66/100|[from] Grassy Terrain
|-heal|p1b: Farigiraf|31/100|[from] Grassy Terrain
|upkeep
|inactive|vguekdk has 30 seconds left.
|
|t:|1750865541
|switch|p2a: Eternatus|Eternatus, L50|100/100
|-ability|p2a: Eternatus|Pressure
|turn|9
|
|t:|1750865559
|switch|p1b: Miraidon|Miraidon, L50|29/100
|-fieldstart|move: Electric Terrain|[from] ability: Hadron Engine|[of] p1b: Miraidon
|move|p2a: Eternatus|Toxic|p1a: Ho-Oh
|-status|p1a: Ho-Oh|tox
|move|p1a: Ho-Oh|Tailwind|p1a: Ho-Oh
|-sidestart|p1: Closedteamlistsuck|move: Tailwind
|move|p2b: Incineroar|Knock Off|p1b: Miraidon
|-damage|p1b: Miraidon|2/100
|
|-damage|p1a: Ho-Oh|94/100 tox|[from] psn
|upkeep
|turn|10
|inactive|Closedteamlistsuck has 30 seconds left.
|inactive|vguekdk has 30 seconds left.
|
|t:|1750865592
|switch|p1a: Farigiraf|Farigiraf, L50, M, shiny|31/100
|switch|p2b: Rillaboom|Rillaboom, L50, F, tera:Grass|47/100
|-fieldstart|move: Grassy Terrain|[from] ability: Grassy Surge|[of] p2b: Rillaboom
|move|p1b: Miraidon|Volt Switch|p2b: Rillaboom
|-resisted|p2b: Rillaboom
|-damage|p2b: Rillaboom|33/100
|
|t:|1750865602
|switch|p1b: Ho-Oh|Ho-Oh, L50, shiny|100/100 tox|[from] Volt Switch
|move|p2a: Eternatus|Cosmic Power|p2a: Eternatus
|-boost|p2a: Eternatus|def|1
|-boost|p2a: Eternatus|spd|1
|
|-heal|p1a: Farigiraf|37/100|[from] Grassy Terrain
|-heal|p2b: Rillaboom|39/100|[from] Grassy Terrain
|-damage|p1b: Ho-Oh|94/100 tox|[from] psn
|upkeep
|turn|11
|
|t:|1750865625
|switch|p1a: Iron Bundle|Iron Bundle, L50|7/100
|switch|p2b: Incineroar|Incineroar, L50, M|66/100
|-ability|p2b: Incineroar|Intimidate|boost
|-unboost|p1a: Iron Bundle|atk|1
|-unboost|p1b: Ho-Oh|atk|1
|move|p1b: Ho-Oh|Brave Bird|p2b: Incineroar
|-damage|p2b: Incineroar|22/100
|-damage|p1b: Ho-Oh|78/100 tox|[from] item: Rocky Helmet|[of] p2b: Incineroar
|-damage|p1b: Ho-Oh|64/100 tox|[from] Recoil
|move|p2a: Eternatus|Toxic|p1a: Iron Bundle
|-status|p1a: Iron Bundle|tox
|
|-heal|p1a: Iron Bundle|13/100 tox|[from] Grassy Terrain
|-heal|p1b: Ho-Oh|71/100 tox|[from] item: Leftovers
|-heal|p2b: Incineroar|28/100|[from] Grassy Terrain
|-damage|p1a: Iron Bundle|7/100 tox|[from] psn
|-damage|p1b: Ho-Oh|58/100 tox|[from] psn
|upkeep
|turn|12
|inactive|Closedteamlistsuck has 30 seconds left.
|
|t:|1750865654
|-end|p1a: Iron Bundle|Quark Drive|[silent]
|switch|p1a: Farigiraf|Farigiraf, L50, M, shiny|37/100
|move|p2b: Incineroar|Fake Out||[still]
|cant|p1a: Farigiraf|ability: Armor Tail|Fake Out|[of] p2b: Incineroar
|move|p1b: Ho-Oh|Brave Bird|p2b: Incineroar
|-damage|p2b: Incineroar|0 fnt
|-damage|p1b: Ho-Oh|42/100 tox|[from] item: Rocky Helmet|[of] p2b: Incineroar
|faint|p2b: Incineroar
|-damage|p1b: Ho-Oh|34/100 tox|[from] Recoil
|move|p2a: Eternatus|Cosmic Power|p2a: Eternatus
|-boost|p2a: Eternatus|def|1
|-boost|p2a: Eternatus|spd|1
|
|-heal|p1b: Ho-Oh|40/100 tox|[from] item: Leftovers
|-heal|p1a: Farigiraf|43/100|[from] Grassy Terrain
|-damage|p1b: Ho-Oh|21/100 tox|[from] psn
|-sideend|p1: Closedteamlistsuck|move: Tailwind
|upkeep
|
|t:|1750865674
|switch|p2b: Rillaboom|Rillaboom, L50, F, tera:Grass|39/100
|turn|13
|
|t:|1750865688
|move|p2a: Eternatus|Toxic|p1a: Farigiraf
|-status|p1a: Farigiraf|tox
|move|p2b: Rillaboom|Wood Hammer|p1a: Farigiraf
|-damage|p1a: Farigiraf|0 fnt
|faint|p1a: Farigiraf
|-damage|p2b: Rillaboom|23/100|[from] Recoil
|move|p1b: Ho-Oh|Brave Bird|p2b: Rillaboom
|-supereffective|p2b: Rillaboom
|-damage|p2b: Rillaboom|0 fnt
|faint|p2b: Rillaboom
|-damage|p1b: Ho-Oh|14/100 tox|[from] Recoil
|
|-heal|p1b: Ho-Oh|20/100 tox|[from] item: Leftovers
|-damage|p1b: Ho-Oh|0 fnt|[from] psn
|faint|p1b: Ho-Oh
|upkeep
|
|t:|1750865697
|switch|p1b: Miraidon|Miraidon, L50|2/100
|switch|p1a: Iron Bundle|Iron Bundle, L50|7/100 tox
|-fieldstart|move: Electric Terrain|[from] ability: Hadron Engine|[of] p1b: Miraidon
|-activate|p1a: Iron Bundle|ability: Quark Drive
|-start|p1a: Iron Bundle|quarkdrivespe
|turn|14
|
|t:|1750865713
|move|p2a: Eternatus|Protect|p2a: Eternatus
|-singleturn|p2a: Eternatus|Protect
|move|p1a: Iron Bundle|Encore|p2a: Eternatus
|-activate|p2a: Eternatus|move: Protect
|move|p1b: Miraidon|Draco Meteor|p2a: Eternatus
|-activate|p2a: Eternatus|move: Protect
|
|-damage|p1a: Iron Bundle|1/100 tox|[from] psn
|upkeep
|turn|15
|
|t:|1750865724
|move|p2a: Eternatus|Protect||[still]
|-fail|p2a: Eternatus
|move|p1a: Iron Bundle|Encore|p2a: Eternatus
|-start|p2a: Eternatus|Encore
|move|p1b: Miraidon|Draco Meteor|p2a: Eternatus
|-supereffective|p2a: Eternatus
|-damage|p2a: Eternatus|45/100
|-unboost|p1b: Miraidon|spa|2
|
|-heal|p2a: Eternatus|52/100|[from] item: Black Sludge
|-damage|p1a: Iron Bundle|0 fnt|[from] psn
|faint|p1a: Iron Bundle
|-end|p1a: Iron Bundle|Quark Drive|[silent]
|upkeep
|turn|16
|
|t:|1750865738
|move|p2a: Eternatus|Protect|p2a: Eternatus
|-singleturn|p2a: Eternatus|Protect
|move|p1b: Miraidon|Electro Drift|p2a: Eternatus
|-activate|p2a: Eternatus|move: Protect
|
|-heal|p2a: Eternatus|58/100|[from] item: Black Sludge
|upkeep
|turn|17
|
|t:|1750865746
|move|p2a: Eternatus|Protect|p2a: Eternatus
|-singleturn|p2a: Eternatus|Protect
|move|p1b: Miraidon|Draco Meteor|p2a: Eternatus
|-activate|p2a: Eternatus|move: Protect
|
|-heal|p2a: Eternatus|64/100|[from] item: Black Sludge
|upkeep
|turn|18
|c|☆Closedteamlistsuck|Of course double protect
|
|t:|1750865756
|move|p2a: Eternatus|Protect||[still]
|-fail|p2a: Eternatus
|move|p1b: Miraidon|Draco Meteor|p2a: Eternatus
|-supereffective|p2a: Eternatus
|-damage|p2a: Eternatus|36/100
|-unboost|p1b: Miraidon|spa|2
|
|-heal|p2a: Eternatus|42/100|[from] item: Black Sludge
|-end|p2a: Eternatus|Encore
|-fieldend|move: Electric Terrain
|upkeep
|turn|19
|
|t:|1750865772
|move|p1b: Miraidon|Electro Drift|p2a: Eternatus
|-resisted|p2a: Eternatus
|-damage|p2a: Eternatus|40/100
|move|p2a: Eternatus|Recover|p2a: Eternatus
|-heal|p2a: Eternatus|90/100
|
|-heal|p2a: Eternatus|96/100|[from] item: Black Sludge
|upkeep
|turn|20
|-message|Closedteamlistsuck forfeited.
|
|win|vguekdk
|raw|Closedteamlistsuck's rating: 1451 &rarr; <strong>1436</strong><br />(-15 for losing)
|raw|vguekdk's rating: 1541 &rarr; <strong>1556</strong><br />(+15 for winning)
|l|☆Closedteamlistsuck
|player|p1|
