|j|☆Eyfri
|j|☆Muckzy
|t:|1750869878
|gametype|doubles
|player|p1|Eyfri|pokemaniac|1363
|player|p2|Muckzy|101|1431
|teamsize|p1|6
|teamsize|p2|6
|gen|9
|tier|[Gen 9] VGC 2025 Reg I
|rated|
|rule|Species Clause: Limit one of each Pokémon
|rule|Item Clause: Limit 1 of each item
|clearpoke
|poke|p1|Dondozo, L50, F|
|poke|p1|Tatsugiri, L50, M|
|poke|p1|Latios, L50, M|
|poke|p1|Ogerpon-Hearthflame, L50, F|
|poke|p1|Zacian-*, L50|
|poke|p1|Calyrex-Shadow, L50|
|poke|p2|Calyrex-Ice, L50|
|poke|p2|Ho-Oh, L50|
|poke|p2|Primarina, L50, M|
|poke|p2|Farigiraf, L50, M|
|poke|p2|Incineroar, L50, M|
|poke|p2|Brute Bonnet, L50|
|teampreview|4
|
|t:|1750869911
|start
|switch|p1a: Dondozo|Dondozo, L50, F|100/100
|switch|p1b: Latios|Latios, L50, M|100/100
|switch|p2a: Calyrex|Calyrex-Ice, L50|100/100
|switch|p2b: Incineroar|Incineroar, L50, M|100/100
|-ability|p2a: Calyrex|As One
|-ability|p2a: Calyrex|Unnerve
|-ability|p2b: Incineroar|Intimidate|boost
|-fail|p1a: Dondozo|unboost|[from] item: Clear Amulet|[of] p1a: Dondozo
|-unboost|p1b: Latios|atk|1
|turn|1
|
|t:|1750869979
|switch|p2b: Primarina|Primarina, L50, M|100/100
|move|p1b: Latios|Simple Beam|p1a: Dondozo
|-endability|p1a: Dondozo|Water Veil|[from] move: Simple Beam
|-ability|p1a: Dondozo|Simple|[from] move: Simple Beam
|move|p1a: Dondozo|Earthquake|p2a: Calyrex|[spread] p2a,p2b
|-immune|p1b: Latios|[from] ability: Levitate
|-damage|p2a: Calyrex|86/100
|-damage|p2b: Primarina|76/100
|move|p2a: Calyrex|Leech Seed|p1a: Dondozo
|-start|p1a: Dondozo|move: Leech Seed
|
|-heal|p2a: Calyrex|92/100|[from] item: Leftovers
|-damage|p1a: Dondozo|88/100|[from] Leech Seed|[of] p2a: Calyrex
|-heal|p2a: Calyrex|100/100|[silent]
|upkeep
|turn|2
|
|t:|1750870022
|switch|p1b: Tatsugiri|Tatsugiri, L50, M|100/100
|-activate|p1b: Tatsugiri|ability: Commander|[of] p1a: Dondozo
|-boost|p1a: Dondozo|atk|4
|-boost|p1a: Dondozo|spa|4
|-boost|p1a: Dondozo|spe|4
|-boost|p1a: Dondozo|def|4
|-boost|p1a: Dondozo|spd|4
|move|p1a: Dondozo|Wave Crash|p2a: Calyrex
|-crit|p2a: Calyrex
|-damage|p2a: Calyrex|0 fnt
|faint|p2a: Calyrex
|-damage|p1a: Dondozo|58/100|[from] Recoil
|move|p2b: Primarina|Hyper Voice|p1b: Tatsugiri|[spread] p1a
|-miss|p2b: Primarina|p1b: Tatsugiri
|-resisted|p1a: Dondozo
|-damage|p1a: Dondozo|52/100
|-enditem|p2b: Primarina|Throat Spray
|-boost|p2b: Primarina|spa|1|[from] item: Throat Spray
|
|upkeep
|
|t:|1750870042
|switch|p2a: Incineroar|Incineroar, L50, M|100/100
|-ability|p2a: Incineroar|Intimidate|boost
|-fail|p1a: Dondozo|unboost|[from] item: Clear Amulet|[of] p1a: Dondozo
|-unboost|p1b: Tatsugiri|atk|1
|turn|3
|
|t:|1750870051
|move|p1a: Dondozo|Protect|p1a: Dondozo
|-singleturn|p1a: Dondozo|Protect
|move|p2a: Incineroar|Fake Out|p1a: Dondozo
|-activate|p1a: Dondozo|move: Protect
|move|p2b: Primarina|Perish Song|p2b: Primarina
|-start|p1a: Dondozo|perish3|[silent]
|-miss|p2b: Primarina|p1b: Tatsugiri
|-start|p2a: Incineroar|perish3|[silent]
|-start|p2b: Primarina|perish3|[silent]
|-fieldactivate|move: Perish Song
|
|-damage|p1a: Dondozo|40/100|[from] Leech Seed|[of] p2a: Incineroar
|-start|p1a: Dondozo|perish3
|-start|p2a: Incineroar|perish3
|-start|p2b: Primarina|perish3
|upkeep
|turn|4
|
|t:|1750870066
|move|p2a: Incineroar|Protect|p2a: Incineroar
|-singleturn|p2a: Incineroar|Protect
|move|p2b: Primarina|Protect|p2b: Primarina
|-singleturn|p2b: Primarina|Protect
|move|p1a: Dondozo|Earthquake|p2a: Incineroar|[spread] 
|-miss|p1a: Dondozo|p1b: Tatsugiri
|-activate|p2a: Incineroar|move: Protect
|-activate|p2b: Primarina|move: Protect
|
|-damage|p1a: Dondozo|28/100|[from] Leech Seed|[of] p2a: Incineroar
|-start|p1a: Dondozo|perish2
|-start|p2a: Incineroar|perish2
|-start|p2b: Primarina|perish2
|upkeep
|turn|5
|
|t:|1750870111
|-terastallize|p2a: Incineroar|Water
|move|p1a: Dondozo|Wave Crash|p2a: Incineroar
|-resisted|p2a: Incineroar
|-damage|p2a: Incineroar|29/100
|-damage|p1a: Dondozo|6/100|[from] Recoil
|move|p2a: Incineroar|Parting Shot|p1a: Dondozo
|-fail|p1a: Dondozo|unboost|[from] item: Clear Amulet|[of] p1a: Dondozo
|move|p2b: Primarina|Moonblast|p1a: Dondozo
|-damage|p1a: Dondozo|0 fnt
|faint|p1a: Dondozo
|
|-start|p2a: Incineroar|perish1
|-start|p2b: Primarina|perish1
|upkeep
|
|t:|1750870124
|switch|p1a: Calyrex|Calyrex-Shadow, L50|100/100
|-ability|p1a: Calyrex|As One
|-ability|p1a: Calyrex|Unnerve
|turn|6
|
|t:|1750870150
|switch|p2a: Ho-Oh|Ho-Oh, L50|100/100
|move|p1a: Calyrex|Astral Barrage|p2b: Primarina|[spread] p2a,p2b
|-damage|p2a: Ho-Oh|58/100
|-damage|p2b: Primarina|19/100
|-damage|p1a: Calyrex|91/100|[from] item: Life Orb
|move|p1b: Tatsugiri|Taunt|p2b: Primarina
|-start|p2b: Primarina|move: Taunt
|move|p2b: Primarina|Moonblast|p1a: Calyrex
|-damage|p1a: Calyrex|15/100
|
|-start|p2b: Primarina|perish0
|upkeep
|faint|p2b: Primarina
|
|t:|1750870164
|switch|p2b: Incineroar|Incineroar, L50, M, tera:Water|29/100
|-ability|p2b: Incineroar|Intimidate|boost
|-unboost|p1a: Calyrex|atk|1
|-unboost|p1b: Tatsugiri|atk|1
|turn|7
|
|t:|1750870179
|move|p1a: Calyrex|Protect|p1a: Calyrex
|-singleturn|p1a: Calyrex|Protect
|move|p2b: Incineroar|Fake Out|p1b: Tatsugiri
|-damage|p1b: Tatsugiri|80/100
|cant|p1b: Tatsugiri|flinch
|move|p2a: Ho-Oh|Life Dew|p2a: Ho-Oh|[spread] p2a,p2b
|-heal|p2a: Ho-Oh|83/100
|-heal|p2b: Incineroar|54/100
|
|upkeep
|turn|8
|
|t:|1750870212
|move|p1a: Calyrex|Astral Barrage|p2a: Ho-Oh|[spread] p2a,p2b
|-crit|p2a: Ho-Oh
|-damage|p2a: Ho-Oh|16/100
|-damage|p2b: Incineroar|2/100
|-damage|p1a: Calyrex|5/100|[from] item: Life Orb
|move|p1b: Tatsugiri|Muddy Water|p2b: Incineroar|[spread] p2b
|-miss|p1b: Tatsugiri|p2a: Ho-Oh
|-resisted|p2b: Incineroar
|-damage|p2b: Incineroar|0 fnt
|faint|p2b: Incineroar
|move|p2a: Ho-Oh|Sacred Fire|p1a: Calyrex
|-damage|p1a: Calyrex|0 fnt
|faint|p1a: Calyrex
|-damage|p2a: Ho-Oh|6/100|[from] item: Life Orb
|
|upkeep
|
|t:|1750870217
|switch|p1a: Latios|Latios, L50, M|100/100
|turn|9
|
|t:|1750870226
|move|p1a: Latios|Luster Purge|p2a: Ho-Oh
|-damage|p2a: Ho-Oh|0 fnt
|faint|p2a: Ho-Oh
|
|win|Eyfri
|raw|Eyfri's rating: 1363 &rarr; <strong>1387</strong><br />(+24 for winning)
|raw|Muckzy's rating: 1431 &rarr; <strong>1407</strong><br />(-24 for losing)
|l|☆Muckzy
|player|p2|
|l|☆Eyfri
|player|p1|
