|j|☆Brucs
|j|☆TCBro89
|t:|1750767359
|gametype|doubles
|player|p1|Brucs|steven|1596
|player|p2|TCBro89|red|1636
|teamsize|p1|6
|teamsize|p2|6
|gen|9
|tier|[Gen 9] VGC 2025 Reg I
|rated|
|rule|Species Clause: Limit one of each Pokémon
|rule|Item Clause: Limit 1 of each item
|clearpoke
|poke|p1|Dragonite, L50, M|
|poke|p1|Chien-Pao, L50|
|poke|p1|Incineroar, L50, F|
|poke|p1|Zamazenta-*, L50|
|poke|p1|Calyrex-Shadow, L50|
|poke|p1|Indeedee-F, L50, F|
|poke|p2|Miraidon, L50|
|poke|p2|Iron Bundle, L50|
|poke|p2|Groudon, L50|
|poke|p2|Whimsicott, L50, F|
|poke|p2|Raging Bolt, L50|
|poke|p2|Farigiraf, L50, F|
|teampreview|4
|inactive|Battle timer is ON: inactive players will automatically lose when time's up. (requested by Brucs)
|
|t:|1750767389
|start
|switch|p1a: Calyrex|Calyrex-Shadow, L50|100/100
|switch|p1b: Indeedee|Indeedee-F, L50, F|100/100
|switch|p2a: Groudon|Groudon, L50|100/100
|switch|p2b: Farigiraf|Farigiraf, L50, F|100/100
|-ability|p1a: Calyrex|As One
|-ability|p1a: Calyrex|Unnerve
|-weather|SunnyDay|[from] ability: Drought|[of] p2a: Groudon
|-fieldstart|move: Psychic Terrain|[from] ability: Psychic Surge|[of] p1b: Indeedee
|turn|1
|
|t:|1750767413
|switch|p2b: Miraidon|Miraidon, L50|100/100
|-fieldstart|move: Electric Terrain|[from] ability: Hadron Engine|[of] p2b: Miraidon
|move|p1b: Indeedee|Helping Hand|p1a: Calyrex
|-singleturn|p1a: Calyrex|Helping Hand|[of] p1b: Indeedee
|move|p1a: Calyrex|Expanding Force|p2a: Groudon
|-damage|p2a: Groudon|21/100
|-damage|p1a: Calyrex|91/100|[from] item: Life Orb
|move|p2a: Groudon|Precipice Blades|p1a: Calyrex|[spread] p1a,p1b
|-crit|p1a: Calyrex
|-crit|p1b: Indeedee
|-damage|p1a: Calyrex|0 fnt
|-damage|p1b: Indeedee|15/100
|faint|p1a: Calyrex
|
|-weather|SunnyDay|[upkeep]
|upkeep
|
|t:|1750767429
|switch|p1a: Zamazenta|Zamazenta-Crowned, L50|100/100
|-ability|p1a: Zamazenta|Dauntless Shield|boost
|-boost|p1a: Zamazenta|def|1
|turn|2
|
|t:|1750767439
|switch|p1b: Dragonite|Dragonite, L50, M|100/100
|move|p1a: Zamazenta|Protect|p1a: Zamazenta
|-singleturn|p1a: Zamazenta|Protect
|move|p2b: Miraidon|Electro Drift|p1a: Zamazenta
|-activate|p1a: Zamazenta|move: Protect
|move|p2a: Groudon|Precipice Blades|p1a: Zamazenta|[spread] 
|-activate|p1a: Zamazenta|move: Protect
|-immune|p1b: Dragonite
|
|-weather|SunnyDay|[upkeep]
|upkeep
|turn|3
|
|t:|1750767455
|switch|p1b: Indeedee|Indeedee-F, L50, F|15/100
|-fieldstart|move: Psychic Terrain|[from] ability: Psychic Surge|[of] p1b: Indeedee
|move|p2b: Miraidon|Electro Drift|p1a: Zamazenta
|-damage|p1a: Zamazenta|40/100
|move|p1a: Zamazenta|Body Press|p2a: Groudon
|-crit|p2a: Groudon
|-damage|p2a: Groudon|0 fnt
|faint|p2a: Groudon
|
|-weather|SunnyDay|[upkeep]
|upkeep
|
|t:|1750767478
|switch|p2a: Farigiraf|Farigiraf, L50, F|100/100
|turn|4
|
|t:|1750767498
|switch|p1b: Dragonite|Dragonite, L50, M|100/100
|move|p1a: Zamazenta|Protect|p1a: Zamazenta
|-singleturn|p1a: Zamazenta|Protect
|move|p2b: Miraidon|Electro Drift|p1a: Zamazenta
|-activate|p1a: Zamazenta|move: Protect
|move|p2a: Farigiraf|Foul Play|p1b: Dragonite
|-damage|p1b: Dragonite|60/100
|
|-weather|SunnyDay|[upkeep]
|upkeep
|turn|5
|
|t:|1750767520
|move|p2b: Miraidon|Electro Drift|p1a: Zamazenta
|-damage|p1a: Zamazenta|0 fnt
|faint|p1a: Zamazenta
|move|p1b: Dragonite|Outrage|p2b: Miraidon
|-supereffective|p2b: Miraidon
|-damage|p2b: Miraidon|0 fnt
|faint|p2b: Miraidon
|move|p2a: Farigiraf|Foul Play|p1b: Dragonite
|-damage|p1b: Dragonite|22/100
|
|-weather|none
|upkeep
|
|t:|1750767532
|switch|p2b: Raging Bolt|Raging Bolt, L50|100/100
|switch|p1a: Indeedee|Indeedee-F, L50, F|15/100
|turn|6
|
|t:|1750767542
|move|p2b: Raging Bolt|Protect|p2b: Raging Bolt
|-singleturn|p2b: Raging Bolt|Protect
|move|p1a: Indeedee|Follow Me|p1a: Indeedee
|-singleturn|p1a: Indeedee|move: Follow Me
|move|p1b: Dragonite|Outrage|p2b: Raging Bolt|[from] lockedmove
|-activate|p2b: Raging Bolt|move: Protect
|move|p2a: Farigiraf|Foul Play|p1a: Indeedee
|-supereffective|p1a: Indeedee
|-damage|p1a: Indeedee|0 fnt
|faint|p1a: Indeedee
|
|upkeep
|turn|7
|
|t:|1750767558
|-terastallize|p1b: Dragonite|Normal
|-terastallize|p2b: Raging Bolt|Electric
|move|p2a: Farigiraf|Helping Hand|p2b: Raging Bolt
|-singleturn|p2b: Raging Bolt|Helping Hand|[of] p2a: Farigiraf
|move|p2b: Raging Bolt|Thunderclap|p1b: Dragonite
|-activate|p1b: Dragonite|move: Psychic Terrain
|move|p1b: Dragonite|Outrage|p2b: Raging Bolt
|-damage|p2b: Raging Bolt|16/100
|
|-fieldend|move: Psychic Terrain
|upkeep
|turn|8
|-message|Brucs forfeited.
|
|win|TCBro89
|raw|Brucs's rating: 1596 &rarr; <strong>1578</strong><br />(-18 for losing)
|raw|TCBro89's rating: 1636 &rarr; <strong>1654</strong><br />(+18 for winning)
|l|☆Brucs
|player|p1|
|l|☆TCBro89
|player|p2|
