|j|☆VOLTX2
|j|☆MetroStar
|t:|1750824521
|gametype|doubles
|player|p1|VOLTX2|alder|1150
|player|p2|MetroStar|striker|1176
|teamsize|p1|6
|teamsize|p2|6
|gen|9
|tier|[Gen 9] VGC 2025 Reg I
|rated|
|rule|Species Clause: Limit one of each Pokémon
|rule|Item Clause: Limit 1 of each item
|clearpoke
|poke|p1|Calyrex-Shadow, L50|
|poke|p1|Kingambit, L50, M|
|poke|p1|Sneasler, L50, M|
|poke|p1|Kyogre, L50|
|poke|p1|Incineroar, L50, M|
|poke|p1|Farigiraf, L50, M|
|poke|p2|Koraidon, L50|
|poke|p2|Calyrex-Shadow, L50|
|poke|p2|Weezing-Galar, L50, M|
|poke|p2|Chi-Yu, L50|
|poke|p2|Walking Wake, L50|
|poke|p2|Brute Bonnet, L50|
|teampreview|4
|inactive|Battle timer is ON: inactive players will automatically lose when time's up. (requested by MetroStar)
|inactive|VOLTX2 has 60 seconds left.
|
|t:|1750824565
|start
|switch|p1a: Kingambit|Kingambit, L50, M|100/100
|switch|p1b: Kyogre|Kyogre, L50|100/100
|switch|p2a: Weezing|Weezing-Galar, L50, M|100/100
|switch|p2b: Koraidon|Koraidon, L50|100/100
|-ability|p2a: Weezing|Neutralizing Gas
|-block|p2b: Koraidon|item: Ability Shield
|-weather|SunnyDay|[from] ability: Orichalcum Pulse|[of] p2b: Koraidon
|-activate|p2b: Koraidon|Orichalcum Pulse|[source]
|turn|1
|inactive|MetroStar has 30 seconds left.
|inactive|VOLTX2 has 30 seconds left.
|inactive|MetroStar has 20 seconds left.
|
|t:|1750824602
|-terastallize|p1a: Kingambit|Fairy
|move|p2a: Weezing|Protect|p2a: Weezing
|-singleturn|p2a: Weezing|Protect
|move|p2b: Koraidon|Collision Course|p1b: Kyogre
|-damage|p1b: Kyogre|28/100
|move|p1b: Kyogre|Ice Beam|p2b: Koraidon
|-supereffective|p2b: Koraidon
|-damage|p2b: Koraidon|43/100
|move|p1a: Kingambit|Iron Head|p2a: Weezing
|-activate|p2a: Weezing|move: Protect
|
|-weather|SunnyDay|[upkeep]
|-heal|p1b: Kyogre|34/100|[from] item: Leftovers
|upkeep
|turn|2
|inactive|MetroStar has 30 seconds left.
|
|t:|1750824631
|move|p1b: Kyogre|Protect|p1b: Kyogre
|-singleturn|p1b: Kyogre|Protect
|move|p2b: Koraidon|Collision Course|p1b: Kyogre
|-activate|p1b: Kyogre|move: Protect
|move|p2a: Weezing|Poison Gas|p1a: Kingambit|[spread] p1a
|-activate|p1b: Kyogre|move: Protect
|-status|p1a: Kingambit|psn
|move|p1a: Kingambit|Iron Head|p2a: Weezing
|-supereffective|p2a: Weezing
|-damage|p2a: Weezing|33/100
|
|-weather|SunnyDay|[upkeep]
|-heal|p1b: Kyogre|41/100|[from] item: Leftovers
|-damage|p1a: Kingambit|88/100 psn|[from] psn
|upkeep
|turn|3
|inactive|VOLTX2 has 30 seconds left.
|
|t:|1750824657
|switch|p1b: Incineroar|Incineroar, L50, M|100/100
|move|p2b: Koraidon|Collision Course|p1b: Incineroar
|-supereffective|p1b: Incineroar
|-damage|p1b: Incineroar|0 fnt
|-damage|p2b: Koraidon|27/100|[from] item: Rocky Helmet|[of] p1b: Incineroar
|faint|p1b: Incineroar
|move|p2a: Weezing|Taunt|p1a: Kingambit
|-start|p1a: Kingambit|move: Taunt
|move|p1a: Kingambit|Tera Blast|p2b: Koraidon|[anim] Tera Blast Fairy
|-supereffective|p2b: Koraidon
|-damage|p2b: Koraidon|0 fnt
|faint|p2b: Koraidon
|
|-weather|SunnyDay|[upkeep]
|-damage|p1a: Kingambit|76/100 psn|[from] psn
|upkeep
|
|t:|1750824680
|switch|p2b: Calyrex|Calyrex-Shadow, L50|100/100
|switch|p1b: Kyogre|Kyogre, L50|41/100
|-ability|p2b: Calyrex|As One
|-ability|p2b: Calyrex|Unnerve
|turn|4
|
|t:|1750824701
|move|p1b: Kyogre|Protect|p1b: Kyogre
|-singleturn|p1b: Kyogre|Protect
|move|p1a: Kingambit|Sucker Punch|p2b: Calyrex
|-supereffective|p2b: Calyrex
|-enditem|p2b: Calyrex|Focus Sash
|-damage|p2b: Calyrex|1/100
|move|p2b: Calyrex|Astral Barrage|p1a: Kingambit|[spread] p1a
|-activate|p1b: Kyogre|move: Protect
|-damage|p1a: Kingambit|41/100 psn
|move|p2a: Weezing|Taunt|p1b: Kyogre
|-activate|p1b: Kyogre|move: Protect
|
|-weather|SunnyDay|[upkeep]
|-heal|p1b: Kyogre|47/100|[from] item: Leftovers
|-damage|p1a: Kingambit|29/100 psn|[from] psn
|upkeep
|turn|5
|inactive|VOLTX2 has 30 seconds left.
|inactive|MetroStar has 30 seconds left.
|inactive|VOLTX2 has 20 seconds left.
|
|t:|1750824737
|move|p2b: Calyrex|Protect|p2b: Calyrex
|-singleturn|p2b: Calyrex|Protect
|move|p1a: Kingambit|Sucker Punch||[still]
|-fail|p1a: Kingambit
|move|p1b: Kyogre|Origin Pulse|p2b: Calyrex|[spread] 
|-activate|p2b: Calyrex|move: Protect
|-miss|p1b: Kyogre|p2a: Weezing
|move|p2a: Weezing|Poison Gas|p1b: Kyogre|[spread] p1a,p1b
|-fail|p1a: Kingambit|psn
|-status|p1b: Kyogre|psn
|
|-weather|none
|-heal|p1b: Kyogre|53/100 psn|[from] item: Leftovers
|-damage|p1b: Kyogre|41/100 psn|[from] psn
|-damage|p1a: Kingambit|17/100 psn|[from] psn
|-end|p1a: Kingambit|move: Taunt
|upkeep
|turn|6
|
|t:|1750824759
|switch|p2b: Brute Bonnet|Brute Bonnet, L50, shiny|100/100
|move|p2a: Weezing|Protect|p2a: Weezing
|-singleturn|p2a: Weezing|Protect
|move|p1a: Kingambit|Sucker Punch||[still]
|-fail|p1a: Kingambit
|move|p1b: Kyogre|Origin Pulse|p2b: Brute Bonnet|[spread] p2b
|-activate|p2a: Weezing|move: Protect
|-resisted|p2b: Brute Bonnet
|-damage|p2b: Brute Bonnet|78/100
|
|-heal|p1b: Kyogre|47/100 psn|[from] item: Leftovers
|-damage|p1b: Kyogre|34/100 psn|[from] psn
|-damage|p1a: Kingambit|5/100 psn|[from] psn
|upkeep
|turn|7
|inactive|MetroStar has 30 seconds left.
|
|t:|1750824786
|switch|p1a: Calyrex|Calyrex-Shadow, L50|100/100
|-ability|p1a: Calyrex|As One
|-ability|p1a: Calyrex|Unnerve
|move|p2b: Brute Bonnet|Sucker Punch||[still]
|-fail|p2b: Brute Bonnet
|move|p1b: Kyogre|Ice Beam|p2b: Brute Bonnet
|-supereffective|p2b: Brute Bonnet
|-damage|p2b: Brute Bonnet|15/100
|move|p2a: Weezing|Play Rough|p1b: Kyogre
|-damage|p1b: Kyogre|7/100 psn
|
|-heal|p1b: Kyogre|14/100 psn|[from] item: Leftovers
|-damage|p1b: Kyogre|1/100 psn|[from] psn
|upkeep
|turn|8
|inactive|VOLTX2 has 30 seconds left.
|
|t:|1750824814
|move|p2a: Weezing|Protect|p2a: Weezing
|-singleturn|p2a: Weezing|Protect
|move|p1a: Calyrex|Astral Barrage|p2a: Weezing|[spread] p2b
|-activate|p2a: Weezing|move: Protect
|-resisted|p2b: Brute Bonnet
|-damage|p2b: Brute Bonnet|0 fnt
|faint|p2b: Brute Bonnet
|-end|p2b: Brute Bonnet|Protosynthesis|[silent]
|-ability|p1a: Calyrex|Grim Neigh|boost
|-boost|p1a: Calyrex|spa|1
|-damage|p1a: Calyrex|91/100|[from] item: Life Orb
|move|p1b: Kyogre|Ice Beam|p2a: Weezing
|-activate|p2a: Weezing|move: Protect
|
|-heal|p1b: Kyogre|7/100 psn|[from] item: Leftovers
|-damage|p1b: Kyogre|0 fnt|[from] psn
|faint|p1b: Kyogre
|upkeep
|
|t:|1750824833
|switch|p1b: Kingambit|Kingambit, L50, M, tera:Fairy|5/100 psn
|switch|p2b: Calyrex|Calyrex-Shadow, L50|1/100
|-ability|p2b: Calyrex|As One
|-ability|p2b: Calyrex|Unnerve
|turn|9
|inactive|VOLTX2 has 30 seconds left.
|
|t:|1750824859
|move|p2b: Calyrex|Protect|p2b: Calyrex
|-singleturn|p2b: Calyrex|Protect
|move|p2a: Weezing|Protect||[still]
|-fail|p2a: Weezing
|move|p1b: Kingambit|Sucker Punch||[still]
|-fail|p1b: Kingambit
|move|p1a: Calyrex|Astral Barrage|p2b: Calyrex|[spread] p2a
|-activate|p2b: Calyrex|move: Protect
|-damage|p2a: Weezing|0 fnt
|faint|p2a: Weezing
|-end|p2a: Weezing|ability: Neutralizing Gas
|-ability|p1a: Calyrex|Grim Neigh|boost
|-boost|p1a: Calyrex|spa|1
|-damage|p1a: Calyrex|81/100|[from] item: Life Orb
|
|-damage|p1b: Kingambit|0 fnt|[from] psn
|faint|p1b: Kingambit
|upkeep
|turn|10
|inactive|VOLTX2 has 30 seconds left.
|
|t:|1750824888
|-terastallize|p2b: Calyrex|Ghost
|move|p2b: Calyrex|Astral Barrage|p1a: Calyrex
|-supereffective|p1a: Calyrex
|-damage|p1a: Calyrex|0 fnt
|faint|p1a: Calyrex
|
|win|MetroStar
|raw|VOLTX2's rating: 1150 &rarr; <strong>1127</strong><br />(-23 for losing)
|raw|MetroStar's rating: 1176 &rarr; <strong>1199</strong><br />(+23 for winning)
|l|☆VOLTX2
|player|p1|
|l|☆MetroStar
|player|p2|
|j|☆MetroStar
|player|p2|MetroStar|striker|
|l|☆MetroStar
|player|p2|
