|j|☆ShadowShun
|j|☆bruh096521
|t:|1750796050
|gametype|doubles
|player|p1|ShadowShun|maylene|1401
|player|p2|bruh096521|265|1344
|teamsize|p1|6
|teamsize|p2|6
|gen|9
|tier|[Gen 9] VGC 2025 Reg I
|rated|
|rule|Species Clause: Limit one of each Pokémon
|rule|Item Clause: Limit 1 of each item
|clearpoke
|poke|p1|Kyogre, L50|
|poke|p1|Zamazenta-*, L50|
|poke|p1|Tornadus, L50, M|
|poke|p1|Ogerpon-Wellspring, L50, F|
|poke|p1|Beartic, L50, F|
|poke|p1|Urshifu-*, L50, F|
|poke|p2|Groudon, L50|
|poke|p2|Raging Bolt, L50|
|poke|p2|Heatran, L50, M|
|poke|p2|Amoonguss, L50, F|
|poke|p2|Lunala, L50|
|poke|p2|Incineroar, L50, M|
|teampreview|4
ShadowShun has agreed to open team sheets.
|inactive|Battle timer is ON: inactive players will automatically lose when time's up. (requested by ShadowShun)
bruh096521 has agreed to open team sheets.
|showteam|p1|Kyogre||MysticWater|Drizzle|WaterSpout,OriginPulse,Thunder,Protect||||||50|,,,,,Water]Zamazenta-Crowned||RustedShield|DauntlessShield|WideGuard,behemothbash,BodyPress,Protect||||||50|,,,,,Grass]Tornadus||CovertCloak|Prankster|BleakwindStorm,RainDance,Tailwind,Taunt|||M|||50|,,,,,Dark]Ogerpon-Wellspring||WellspringMask|WaterAbsorb|FollowMe,SpikyShield,HornLeech,IvyCudgel|||F|||50|,,,,,Water]Beartic||LoadedDice|SwiftSwim|IcicleSpear,CloseCombat,Trailblaze,Protect|||F|||50|,,,,,Fighting]Urshifu||ChoiceScarf|UnseenFist|WickedBlow,CloseCombat,Coaching,Uturn|||F|||50|,,,,,Bug
|showteam|p2|Groudon||ClearAmulet|Drought|PrecipiceBlades,HeatCrash,HighHorsepower,Protect||||||50|,,,,,Water]Raging Bolt||Leftovers|Protosynthesis|Thunderclap,CalmMind,Thunderbolt,DragonPulse||||||50|,,,,,Fairy]Heatran||ChoiceSpecs|FlashFire|HeatWave,FlashCannon,Flamethrower,TeraBlast|||M|||50|,,,,,Grass]Amoonguss||MentalHerb|Regenerator|Spore,RagePowder,PollenPuff,Protect|||F|||50|,,,,,Water]Lunala||WeaknessPolicy|ShadowShield|MoongeistBeam,Protect,WideGuard,TrickRoom||||||50|,,,,,Dark]Incineroar||SafetyGoggles|Intimidate|PartingShot,KnockOff,FakeOut,Protect|||M|||50|,,,,,Grass
|inactive|ShadowShun has 60 seconds left.
|inactive|bruh096521 has 60 seconds left.
|inactive|ShadowShun has 30 seconds left.
|inactive|ShadowShun has 20 seconds left.
|inactive|ShadowShun has 15 seconds left.
|inactive|ShadowShun has 10 seconds left.
|
|t:|1750796142
|start
|switch|p1a: Tornadus|Tornadus, L50, M|100/100
|switch|p1b: Beartic|Beartic, L50, F|100/100
|switch|p2a: Lunala|Lunala, L50|100/100
|switch|p2b: Incineroar|Incineroar, L50, M|100/100
|-ability|p2b: Incineroar|Intimidate|boost
|-unboost|p1a: Tornadus|atk|1
|-unboost|p1b: Beartic|atk|1
|turn|1
|inactive|ShadowShun has 30 seconds left.
|inactive|bruh096521 has 30 seconds left.
|inactive|bruh096521 has 20 seconds left.
|inactive|bruh096521 has 15 seconds left.
|
|t:|1750796182
|switch|p1b: Kyogre|Kyogre, L50|100/100
|-weather|RainDance|[from] ability: Drizzle|[of] p1b: Kyogre
|-terastallize|p2a: Lunala|Dark
|move|p1a: Tornadus|Taunt|p2a: Lunala
|-hint|Since gen 7, Dark is immune to Prankster moves.
|-immune|p2a: Lunala
|move|p2b: Incineroar|Parting Shot|p1a: Tornadus
|-unboost|p1a: Tornadus|atk|1
|-unboost|p1a: Tornadus|spa|1
|
|t:|1750796199
|switch|p2b: Raging Bolt|Raging Bolt, L50|100/100|[from] Parting Shot
|move|p2a: Lunala|Trick Room|p2a: Lunala
|-fieldstart|move: Trick Room|[of] p2a: Lunala
|
|-weather|RainDance|[upkeep]
|upkeep
|turn|2
|inactive|ShadowShun has 30 seconds left.
|inactive|bruh096521 has 30 seconds left.
|inactive|ShadowShun has 20 seconds left.
|
|t:|1750796235
|switch|p1b: Zamazenta|Zamazenta-Crowned, L50|100/100
|-ability|p1b: Zamazenta|Dauntless Shield|boost
|-boost|p1b: Zamazenta|def|1
|move|p2a: Lunala|Wide Guard|p2a: Lunala
|-singleturn|p2a: Lunala|Wide Guard
|move|p1a: Tornadus|Taunt|p2b: Raging Bolt
|-start|p2b: Raging Bolt|move: Taunt
|cant|p2b: Raging Bolt|move: Taunt|Calm Mind
|
|-weather|RainDance|[upkeep]
|upkeep
|turn|3
|inactive|ShadowShun has 30 seconds left.
|inactive|bruh096521 has 30 seconds left.
|inactive|ShadowShun has 20 seconds left.
|inactive|ShadowShun has 15 seconds left.
|inactive|ShadowShun has 10 seconds left.
|
|t:|1750796282
|-terastallize|p1a: Tornadus|Dark
|move|p2a: Lunala|Protect||[still]
|-fail|p2a: Lunala
|move|p1b: Zamazenta|Protect|p1b: Zamazenta
|-singleturn|p1b: Zamazenta|Protect
|move|p2b: Raging Bolt|Thunderbolt|p1a: Tornadus
|-damage|p1a: Tornadus|41/100
|move|p1a: Tornadus|Bleakwind Storm|p2a: Lunala|[spread] p2a,p2b
|-resisted|p2b: Raging Bolt
|-damage|p2a: Lunala|92/100
|-damage|p2b: Raging Bolt|89/100
|
|-weather|RainDance|[upkeep]
|-heal|p2b: Raging Bolt|95/100|[from] item: Leftovers
|upkeep
|turn|4
|inactive|ShadowShun has 30 seconds left.
|inactive|bruh096521 has 30 seconds left.
|inactive|bruh096521 has 20 seconds left.
|
|t:|1750796318
|switch|p2a: Groudon|Groudon, L50, shiny|100/100
|-weather|SunnyDay|[from] ability: Drought|[of] p2a: Groudon
|-activate|p2b: Raging Bolt|ability: Protosynthesis
|-start|p2b: Raging Bolt|protosynthesisspa
|move|p2b: Raging Bolt|Thunderbolt|p1a: Tornadus
|-damage|p1a: Tornadus|0 fnt
|faint|p1a: Tornadus
|move|p1b: Zamazenta|Body Press|p2a: Groudon
|-damage|p2a: Groudon|53/100
|
|-weather|SunnyDay|[upkeep]
|-heal|p2b: Raging Bolt|100/100|[from] item: Leftovers
|-end|p2b: Raging Bolt|move: Taunt
|upkeep
|
|t:|1750796332
|switch|p1a: Kyogre|Kyogre, L50|100/100
|-weather|RainDance|[from] ability: Drizzle|[of] p1a: Kyogre
|-end|p2b: Raging Bolt|Protosynthesis
|turn|5
|inactive|ShadowShun has 30 seconds left.
|inactive|bruh096521 has 30 seconds left.
|inactive|bruh096521 has 20 seconds left.
|
|t:|1750796371
|move|p2a: Groudon|Protect|p2a: Groudon
|-singleturn|p2a: Groudon|Protect
|move|p1a: Kyogre|Protect|p1a: Kyogre
|-singleturn|p1a: Kyogre|Protect
|move|p1b: Zamazenta|Protect|p1b: Zamazenta
|-singleturn|p1b: Zamazenta|Protect
|move|p2b: Raging Bolt|Calm Mind|p2b: Raging Bolt
|-boost|p2b: Raging Bolt|spa|1
|-boost|p2b: Raging Bolt|spd|1
|
|-weather|RainDance|[upkeep]
|-fieldend|move: Trick Room
|upkeep
|turn|6
|inactive|bruh096521 has 30 seconds left.
|
|t:|1750796397
|switch|p2a: Lunala|Lunala, L50, tera:Dark|92/100
|move|p2b: Raging Bolt|Thunderclap|p1a: Kyogre
|-supereffective|p1a: Kyogre
|-damage|p1a: Kyogre|18/100
|move|p1b: Zamazenta|Body Press|p2a: Lunala
|-supereffective|p2a: Lunala
|-damage|p2a: Lunala|0 fnt
|faint|p2a: Lunala
|move|p1a: Kyogre|Water Spout|p2b: Raging Bolt
|-resisted|p2b: Raging Bolt
|-damage|p2b: Raging Bolt|94/100
|
|-weather|RainDance|[upkeep]
|-heal|p2b: Raging Bolt|99/100|[from] item: Leftovers
|upkeep
|
|t:|1750796413
|switch|p2a: Groudon|Groudon, L50, shiny|53/100
|-weather|SunnyDay|[from] ability: Drought|[of] p2a: Groudon
|-activate|p2b: Raging Bolt|ability: Protosynthesis
|-start|p2b: Raging Bolt|protosynthesisspa
|turn|7
|inactive|ShadowShun has 30 seconds left.
|inactive|bruh096521 has 30 seconds left.
|inactive|bruh096521 has 20 seconds left.
|inactive|bruh096521 has 15 seconds left.
|
|t:|1750796455
|move|p1a: Kyogre|Protect|p1a: Kyogre
|-singleturn|p1a: Kyogre|Protect
|move|p1b: Zamazenta|Body Press|p2a: Groudon
|-crit|p2a: Groudon
|-damage|p2a: Groudon|0 fnt
|faint|p2a: Groudon
|move|p2b: Raging Bolt|Thunderbolt|p1b: Zamazenta
|-damage|p1b: Zamazenta|29/100
|
|-weather|SunnyDay|[upkeep]
|-heal|p2b: Raging Bolt|100/100|[from] item: Leftovers
|upkeep
|
|t:|1750796465
|switch|p2a: Incineroar|Incineroar, L50, M|100/100
|-ability|p2a: Incineroar|Intimidate|boost
|-unboost|p1a: Kyogre|atk|1
|-unboost|p1b: Zamazenta|atk|1
|turn|8
|inactive|bruh096521 has 30 seconds left.
|
|t:|1750796494
|switch|p1a: Beartic|Beartic, L50, F|100/100
|move|p1b: Zamazenta|Protect|p1b: Zamazenta
|-singleturn|p1b: Zamazenta|Protect
|move|p2b: Raging Bolt|Thunderbolt|p1a: Beartic
|-damage|p1a: Beartic|4/100
|move|p2a: Incineroar|Knock Off|p1a: Beartic
|-damage|p1a: Beartic|0 fnt
|-enditem|p1a: Beartic|Loaded Dice|[from] move: Knock Off|[of] p2a: Incineroar
|faint|p1a: Beartic
|
|-weather|SunnyDay|[upkeep]
|upkeep
|
|t:|1750796503
|switch|p1a: Kyogre|Kyogre, L50|18/100
|-weather|RainDance|[from] ability: Drizzle|[of] p1a: Kyogre
|-end|p2b: Raging Bolt|Protosynthesis
|turn|9
|
|t:|1750796516
|move|p1a: Kyogre|Protect|p1a: Kyogre
|-singleturn|p1a: Kyogre|Protect
|move|p2b: Raging Bolt|Thunderclap|p1b: Zamazenta
|-damage|p1b: Zamazenta|0 fnt
|faint|p1b: Zamazenta
|move|p2a: Incineroar|Knock Off|p1a: Kyogre
|-activate|p1a: Kyogre|move: Protect
|
|-weather|RainDance|[upkeep]
|upkeep
|turn|10
|-message|ShadowShun forfeited.
|
|win|bruh096521
|raw|ShadowShun's rating: 1401 &rarr; <strong>1378</strong><br />(-23 for losing)
|raw|bruh096521's rating: 1344 &rarr; <strong>1367</strong><br />(+23 for winning)
|l|☆ShadowShun
|player|p1|
|l|☆bruh096521
|player|p2|
