|j|☆luis.sd
|j|☆ness#1glazer
|t:|1750798384
|gametype|doubles
|player|p1|luis.sd|brawly|1242
|player|p2|ness#1glazer|n|1251
|teamsize|p1|6
|teamsize|p2|6
|gen|9
|tier|[Gen 9] VGC 2025 Reg I
|rated|
|rule|Species Clause: Limit one of each Pokémon
|rule|Item Clause: Limit 1 of each item
|clearpoke
|poke|p1|Ho-Oh, L50|
|poke|p1|Koraidon, L50|
|poke|p1|Torkoal, L50, F|
|poke|p1|Smeargle, L50, M|
|poke|p1|Jumpluff, L50, F|
|poke|p1|Raging Bolt, L50|
|poke|p2|Rillaboom, L50, F|
|poke|p2|Calyrex-Shadow, L50|
|poke|p2|Zamazenta-*, L50|
|poke|p2|Incineroar, L50, F|
|poke|p2|Raging Bolt, L50|
|poke|p2|Indeedee-F, L50, F|
|teampreview|4
ness#1glazer rejected open team sheets.
|inactive|Battle timer is ON: inactive players will automatically lose when time's up. (requested by ness#1glazer)
|inactive|luis.sd has 60 seconds left.
|
|t:|1750798469
|start
|switch|p1a: Koraidon|Koraidon, L50|100/100
|switch|p1b: Smeargle|Smeargle, L50, M|100/100
|switch|p2a: Calyrex|Calyrex-Shadow, L50|100/100
|switch|p2b: Indeedee|Indeedee-F, L50, F|100/100
|-ability|p2a: Calyrex|As One
|-ability|p2a: Calyrex|Unnerve
|-weather|SunnyDay|[from] ability: Orichalcum Pulse|[of] p1a: Koraidon
|-activate|p1a: Koraidon|Orichalcum Pulse|[source]
|-fieldstart|move: Psychic Terrain|[from] ability: Psychic Surge|[of] p2b: Indeedee
|turn|1
|
|t:|1750798487
|move|p1b: Smeargle|Wide Guard|p1b: Smeargle
|-singleturn|p1b: Smeargle|Wide Guard
|move|p2b: Indeedee|Follow Me|p2b: Indeedee
|-singleturn|p2b: Indeedee|move: Follow Me
|move|p2a: Calyrex|Nasty Plot|p2a: Calyrex
|-boost|p2a: Calyrex|spa|2
|move|p1a: Koraidon|Flame Charge|p2b: Indeedee
|-damage|p2b: Indeedee|50/100
|-boost|p1a: Koraidon|spe|1
|-enditem|p2b: Indeedee|Sitrus Berry|[eat]
|-heal|p2b: Indeedee|75/100|[from] item: Sitrus Berry
|
|-weather|SunnyDay|[upkeep]
|upkeep
|turn|2
|
|t:|1750798504
|-terastallize|p2a: Calyrex|Fairy
|move|p1a: Koraidon|Protect|p1a: Koraidon
|-singleturn|p1a: Koraidon|Protect
|move|p2b: Indeedee|Follow Me|p2b: Indeedee
|-singleturn|p2b: Indeedee|move: Follow Me
|move|p2a: Calyrex|Tera Blast|p1a: Koraidon|[anim] Tera Blast Fairy
|-activate|p1a: Koraidon|move: Protect
|move|p1b: Smeargle|Spore|p2b: Indeedee
|-status|p2b: Indeedee|slp|[from] move: Spore
|
|-weather|SunnyDay|[upkeep]
|upkeep
|turn|3
|
|t:|1750798520
|-terastallize|p1a: Koraidon|Fire
|move|p1b: Smeargle|Wide Guard|p1b: Smeargle
|-singleturn|p1b: Smeargle|Wide Guard
|cant|p2b: Indeedee|slp
|move|p1a: Koraidon|Bulk Up|p1a: Koraidon
|-boost|p1a: Koraidon|atk|1
|-boost|p1a: Koraidon|def|1
|move|p2a: Calyrex|Tera Blast|p1a: Koraidon|[anim] Tera Blast Fairy
|-resisted|p1a: Koraidon
|-damage|p1a: Koraidon|58/100
|
|-weather|SunnyDay|[upkeep]
|upkeep
|turn|4
|
|t:|1750798537
|move|p1a: Koraidon|Protect|p1a: Koraidon
|-singleturn|p1a: Koraidon|Protect
|-curestatus|p2b: Indeedee|slp|[msg]
|move|p2b: Indeedee|Follow Me|p2b: Indeedee
|-singleturn|p2b: Indeedee|move: Follow Me
|move|p2a: Calyrex|Tera Blast|p1a: Koraidon|[anim] Tera Blast Fairy
|-activate|p1a: Koraidon|move: Protect
|move|p1b: Smeargle|Spore|p2b: Indeedee
|-status|p2b: Indeedee|slp|[from] move: Spore
|
|-weather|SunnyDay|[upkeep]
|upkeep
|turn|5
|
|t:|1750798553
|switch|p2b: Incineroar|Incineroar, L50, F|100/100
|-ability|p2b: Incineroar|Intimidate|boost
|-fail|p1a: Koraidon|unboost|[from] item: Clear Amulet|[of] p1a: Koraidon
|-fail|p1b: Smeargle|unboost|Attack|[from] ability: Own Tempo|[of] p1b: Smeargle
|move|p1b: Smeargle|Wide Guard|p1b: Smeargle
|-singleturn|p1b: Smeargle|Wide Guard
|move|p1a: Koraidon|Flame Charge|p2b: Incineroar
|-resisted|p2b: Incineroar
|-damage|p2b: Incineroar|56/100
|-boost|p1a: Koraidon|spe|1
|move|p2a: Calyrex|Tera Blast|p1a: Koraidon|[anim] Tera Blast Fairy
|-resisted|p1a: Koraidon
|-damage|p1a: Koraidon|13/100
|
|-weather|none
|-fieldend|move: Psychic Terrain
|upkeep
|turn|6
|inactive|ness#1glazer has 30 seconds left.
|
|t:|1750798582
|move|p2b: Incineroar|Helping Hand|p2a: Calyrex
|-singleturn|p2a: Calyrex|Helping Hand|[of] p2b: Incineroar
|move|p1a: Koraidon|Protect|p1a: Koraidon
|-singleturn|p1a: Koraidon|Protect
|move|p2a: Calyrex|Tera Blast|p1b: Smeargle|[anim] Tera Blast Fairy
|-enditem|p1b: Smeargle|Focus Sash
|-damage|p1b: Smeargle|1/100
|move|p1b: Smeargle|Spore|p2a: Calyrex
|-status|p2a: Calyrex|slp|[from] move: Spore
|
|upkeep
|turn|7
|inactive|ness#1glazer has 30 seconds left.
|
|t:|1750798609
|cant|p2a: Calyrex|slp
|move|p1a: Koraidon|Drain Punch|p2b: Incineroar
|-supereffective|p2b: Incineroar
|-damage|p2b: Incineroar|0 fnt
|-heal|p1a: Koraidon|39/100|[from] drain|[of] p2b: Incineroar
|faint|p2b: Incineroar
|move|p1b: Smeargle|Decorate|p1a: Koraidon
|-boost|p1a: Koraidon|atk|2
|-boost|p1a: Koraidon|spa|2
|
|upkeep
|
|t:|1750798615
|switch|p2b: Zamazenta|Zamazenta-Crowned, L50|100/100
|-ability|p2b: Zamazenta|Dauntless Shield|boost
|-boost|p2b: Zamazenta|def|1
|turn|8
|
|t:|1750798636
|move|p1b: Smeargle|Wide Guard|p1b: Smeargle
|-singleturn|p1b: Smeargle|Wide Guard
|move|p1a: Koraidon|Drain Punch|p2b: Zamazenta
|-supereffective|p2b: Zamazenta
|-damage|p2b: Zamazenta|24/100
|-heal|p1a: Koraidon|75/100|[from] drain|[of] p2b: Zamazenta
|cant|p2a: Calyrex|slp
|move|p2b: Zamazenta|Body Press|p1a: Koraidon
|-damage|p1a: Koraidon|36/100
|
|upkeep
|turn|9
|
|t:|1750798659
|switch|p1b: Jumpluff|Jumpluff, L50, F|100/100
|move|p1a: Koraidon|Flame Charge|p2a: Calyrex
|-damage|p2a: Calyrex|4/100 slp
|-boost|p1a: Koraidon|spe|1
|-curestatus|p2a: Calyrex|slp|[msg]
|move|p2a: Calyrex|Tera Blast|p1b: Jumpluff|[anim] Tera Blast Fairy
|-damage|p1b: Jumpluff|2/100
|move|p2b: Zamazenta|Body Press|p1a: Koraidon
|-damage|p1a: Koraidon|0 fnt
|faint|p1a: Koraidon
|
|upkeep
|
|t:|1750798671
|switch|p1a: Raging Bolt|Raging Bolt, L50|100/100
|turn|10
|
|t:|1750798683
|switch|p2b: Indeedee|Indeedee-F, L50, F|75/100 slp
|-fieldstart|move: Psychic Terrain|[from] ability: Psychic Surge|[of] p2b: Indeedee
|move|p1a: Raging Bolt|Thunderclap||[still]
|-fail|p1a: Raging Bolt
|move|p2a: Calyrex|Nasty Plot|p2a: Calyrex
|-boost|p2a: Calyrex|spa|2
|move|p1b: Jumpluff|Strength Sap|p2b: Indeedee
|-unboost|p2b: Indeedee|atk|1
|-heal|p1b: Jumpluff|31/100
|
|upkeep
|turn|11
|
|t:|1750798698
|cant|p2b: Indeedee|slp
|move|p1b: Jumpluff|Rage Powder|p1b: Jumpluff
|-singleturn|p1b: Jumpluff|move: Rage Powder
|move|p2a: Calyrex|Astral Barrage|p1a: Raging Bolt|[spread] p1a,p1b
|-damage|p1a: Raging Bolt|12/100
|-damage|p1b: Jumpluff|0 fnt
|faint|p1b: Jumpluff
|-ability|p2a: Calyrex|Grim Neigh|boost
|-boost|p2a: Calyrex|spa|1
|move|p1a: Raging Bolt|Volt Switch|p2a: Calyrex
|-damage|p2a: Calyrex|0 fnt
|faint|p2a: Calyrex
|
|t:|1750798710
|-end|p1a: Raging Bolt|Protosynthesis|[silent]
|switch|p1a: Smeargle|Smeargle, L50, M|1/100|[from] Volt Switch
|
|upkeep
|
|t:|1750798713
|switch|p2a: Zamazenta|Zamazenta-Crowned, L50|24/100
|switch|p1b: Raging Bolt|Raging Bolt, L50|12/100
|turn|12
|-message|luis.sd forfeited.
|
|win|ness#1glazer
|raw|luis.sd's rating: 1242 &rarr; <strong>1218</strong><br />(-24 for losing)
|raw|ness#1glazer's rating: 1251 &rarr; <strong>1275</strong><br />(+24 for winning)
|l|☆luis.sd
|player|p1|
