|j|☆Redhoundoom
|j|☆IncineroarH8ter
|t:|1750740200
|gametype|doubles
|player|p1|Redhoundoom|266|1403
|player|p2|IncineroarH8ter|unknown|1391
|teamsize|p1|6
|teamsize|p2|6
|gen|9
|tier|[Gen 9] VGC 2025 Reg I
|rated|
|rule|Species Clause: Limit one of each Pokémon
|rule|Item Clause: Limit 1 of each item
|clearpoke
|poke|p1|Incineroar, L50, M|
|poke|p1|Calyrex-Shadow, L50|
|poke|p1|Dondozo, L50, M|
|poke|p1|Tatsugiri, L50, F|
|poke|p1|Zamazenta-*, L50|
|poke|p1|Rillaboom, L50, M|
|poke|p2|Lunala, L50|
|poke|p2|Annihilape, L50, M|
|poke|p2|Calyrex-Ice, L50|
|poke|p2|Grimmsnarl, L50, M|
|poke|p2|Indeedee-F, L50, F|
|poke|p2|Urshifu-*, L50, M|
|teampreview|4
|inactive|Battle timer is ON: inactive players will automatically lose when time's up. (requested by Redhoundoom)
|inactive|IncineroarH8ter has 60 seconds left.
|
|t:|1750740248
|start
|switch|p1a: 🤓|Calyrex-Shadow, L50|100/100
|switch|p1b: Zentai|Zamazenta-Crowned, L50|100/100
|switch|p2a: Annihilape|Annihilape, L50, M|100/100
|switch|p2b: Grimmsnarl|Grimmsnarl, L50, M|100/100
|-ability|p1a: 🤓|As One
|-ability|p1a: 🤓|Unnerve
|-ability|p1b: Zentai|Dauntless Shield|boost
|-boost|p1b: Zentai|def|1
|turn|1
|
|t:|1750740269
|-terastallize|p1a: 🤓|Ghost
|move|p1b: Zentai|Protect|p1b: Zentai
|-singleturn|p1b: Zentai|Protect
|move|p2a: Annihilape|Protect|p2a: Annihilape
|-singleturn|p2a: Annihilape|Protect
|move|p1a: 🤓|Astral Barrage|p2b: Grimmsnarl|[spread] p2b
|-activate|p2a: Annihilape|move: Protect
|-resisted|p2b: Grimmsnarl
|-damage|p2b: Grimmsnarl|60/100
|move|p2b: Grimmsnarl|Crunch|p1a: 🤓
|-supereffective|p1a: 🤓
|-enditem|p1a: 🤓|Focus Sash
|-damage|p1a: 🤓|1/100
|
|upkeep
|turn|2
|l|☆IncineroarH8ter
|inactive|IncineroarH8ter disconnected and has a minute to reconnect!
|player|p2|
|j|☆IncineroarH8ter
|inactive|IncineroarH8ter reconnected and has 35 seconds left.
|player|p2|IncineroarH8ter|unknown|
|inactive|IncineroarH8ter has 30 seconds left.
|
|t:|1750740302
|-terastallize|p2a: Annihilape|Dark
|move|p2b: Grimmsnarl|Light Screen|p2b: Grimmsnarl
|-sidestart|p2: IncineroarH8ter|move: Light Screen
|move|p1a: 🤓|Astral Barrage|p2b: Grimmsnarl|[spread] p2a,p2b
|-resisted|p2a: Annihilape
|-resisted|p2b: Grimmsnarl
|-damage|p2a: Annihilape|77/100
|-damage|p2b: Grimmsnarl|33/100
|move|p1b: Zentai|Body Press|p2b: Grimmsnarl
|-damage|p2b: Grimmsnarl|0 fnt
|faint|p2b: Grimmsnarl
|move|p2a: Annihilape|Rage Fist|p1a: 🤓
|-supereffective|p1a: 🤓
|-damage|p1a: 🤓|0 fnt
|faint|p1a: 🤓
|
|-heal|p2a: Annihilape|84/100|[from] item: Leftovers
|upkeep
|
|t:|1750740320
|switch|p1a: Dondito|Dondozo, L50, M|100/100
|switch|p2b: Calyrex|Calyrex-Ice, L50|100/100
|-ability|p2b: Calyrex|As One
|-ability|p2b: Calyrex|Unnerve
|turn|3
|
|t:|1750740342
|move|p2a: Annihilape|Protect|p2a: Annihilape
|-singleturn|p2a: Annihilape|Protect
|move|p1b: Zentai|Body Press|p2a: Annihilape
|-activate|p2a: Annihilape|move: Protect
|move|p1a: Dondito|Yawn|p2b: Calyrex
|-start|p2b: Calyrex|move: Yawn|[of] p1a: Dondito
|move|p2b: Calyrex|Swords Dance|p2b: Calyrex
|-boost|p2b: Calyrex|atk|2
|
|-heal|p2a: Annihilape|90/100|[from] item: Leftovers
|upkeep
|turn|4
|
|t:|1750740364
|switch|p2a: Lunala|Lunala, L50|100/100
|move|p1a: Dondito|Protect|p1a: Dondito
|-singleturn|p1a: Dondito|Protect
|move|p1b: Zentai|Body Press|p2a: Lunala
|-immune|p2a: Lunala
|move|p2b: Calyrex|High Horsepower|p1b: Zentai
|-supereffective|p1b: Zentai
|-damage|p1b: Zentai|40/100
|
|-end|p2b: Calyrex|move: Yawn|[silent]
|-status|p2b: Calyrex|slp
|-enditem|p2b: Calyrex|Lum Berry|[eat]
|-curestatus|p2b: Calyrex|slp|[msg]
|upkeep
|turn|5
|l|☆IncineroarH8ter
|inactive|IncineroarH8ter disconnected and has a minute to reconnect!
|player|p2|
|inactive|IncineroarH8ter has 30 seconds left.
|j|☆IncineroarH8ter
|inactive|IncineroarH8ter reconnected and has 30 seconds left.
|player|p2|IncineroarH8ter|unknown|
|inactive|IncineroarH8ter has 20 seconds left.
|
|t:|1750740404
|switch|p1b: HomerMmmm|Tatsugiri, L50, F|100/100
|-activate|p1b: HomerMmmm|ability: Commander|[of] p1a: Dondito
|-boost|p1a: Dondito|atk|2
|-boost|p1a: Dondito|spa|2
|-boost|p1a: Dondito|spe|2
|-boost|p1a: Dondito|def|2
|-boost|p1a: Dondito|spd|2
|move|p1a: Dondito|Order Up|p2b: Calyrex
|-damage|p2b: Calyrex|71/100
|-boost|p1a: Dondito|atk|1
|move|p2b: Calyrex|High Horsepower|p1b: HomerMmmm|[miss]
|-miss|p2b: Calyrex|p1b: HomerMmmm
|move|p2a: Lunala|Trick Room|p2a: Lunala
|-fieldstart|move: Trick Room|[of] p2a: Lunala
|
|upkeep
|turn|6
|inactive|IncineroarH8ter has 30 seconds left.
|
|t:|1750740438
|switch|p2b: Annihilape|Annihilape, L50, M, tera:Dark|90/100
|move|p1a: Dondito|Protect|p1a: Dondito
|-singleturn|p1a: Dondito|Protect
|move|p2a: Lunala|Moongeist Beam|p1a: Dondito
|-activate|p1a: Dondito|move: Protect
|
|-heal|p2b: Annihilape|96/100|[from] item: Leftovers
|upkeep
|turn|7
|
|t:|1750740458
|move|p2b: Annihilape|Rage Fist|p1a: Dondito
|-damage|p1a: Dondito|82/100
|move|p2a: Lunala|Moongeist Beam|p1a: Dondito
|-damage|p1a: Dondito|55/100
|move|p1a: Dondito|Waterfall|p2b: Annihilape
|-damage|p2b: Annihilape|6/100
|
|-heal|p2b: Annihilape|12/100|[from] item: Leftovers
|-heal|p1a: Dondito|61/100|[from] item: Leftovers
|upkeep
|turn|8
|
|t:|1750740476
|move|p1a: Dondito|Protect|p1a: Dondito
|-singleturn|p1a: Dondito|Protect
|move|p2b: Annihilape|Rage Fist|p1a: Dondito
|-activate|p1a: Dondito|move: Protect
|move|p2a: Lunala|Moongeist Beam|p1a: Dondito
|-activate|p1a: Dondito|move: Protect
|
|-heal|p2b: Annihilape|18/100|[from] item: Leftovers
|-heal|p1a: Dondito|68/100|[from] item: Leftovers
|upkeep
|turn|9
|
|t:|1750740497
|move|p2b: Annihilape|Protect|p2b: Annihilape
|-singleturn|p2b: Annihilape|Protect
|move|p2a: Lunala|Moongeist Beam|p1a: Dondito
|-damage|p1a: Dondito|40/100
|move|p1a: Dondito|Order Up|p2a: Lunala
|-damage|p2a: Lunala|79/100
|-boost|p1a: Dondito|atk|1
|
|-heal|p2b: Annihilape|25/100|[from] item: Leftovers
|-heal|p1a: Dondito|46/100|[from] item: Leftovers
|-sideend|p2: IncineroarH8ter|move: Light Screen
|-fieldend|move: Trick Room
|upkeep
|turn|10
|
|t:|1750740511
|switch|p2b: Calyrex|Calyrex-Ice, L50|71/100
|-ability|p2b: Calyrex|As One
|-ability|p2b: Calyrex|Unnerve
|move|p1a: Dondito|Waterfall|p2a: Lunala
|-damage|p2a: Lunala|0 fnt
|faint|p2a: Lunala
|
|-heal|p1a: Dondito|52/100|[from] item: Leftovers
|upkeep
|
|t:|1750740519
|switch|p2a: Annihilape|Annihilape, L50, M, tera:Dark|25/100
|turn|11
|
|t:|1750740526
|move|p1a: Dondito|Waterfall|p2b: Calyrex
|-damage|p2b: Calyrex|10/100
|move|p2a: Annihilape|Rage Fist|p1a: Dondito
|-crit|p1a: Dondito
|-damage|p1a: Dondito|0 fnt
|faint|p1a: Dondito
|move|p2b: Calyrex|High Horsepower|p1b: HomerMmmm
|-damage|p1b: HomerMmmm|16/100
|
|-heal|p2a: Annihilape|31/100|[from] item: Leftovers
|upkeep
|
|t:|1750740534
|switch|p1a: Zentai|Zamazenta-Crowned, L50|40/100
|turn|12
|
|t:|1750740547
|move|p1b: HomerMmmm|Draco Meteor|p2a: Annihilape
|-damage|p2a: Annihilape|0 fnt
|-unboost|p1b: HomerMmmm|spa|2
|faint|p2a: Annihilape
|move|p1a: Zentai|Body Press|p2b: Calyrex
|-damage|p2b: Calyrex|0 fnt
|faint|p2b: Calyrex
|
|win|Redhoundoom
|raw|Redhoundoom's rating: 1403 &rarr; <strong>1422</strong><br />(+19 for winning)
|raw|IncineroarH8ter's rating: 1391 &rarr; <strong>1372</strong><br />(-19 for losing)
|l|☆IncineroarH8ter
|player|p2|
|l|☆Redhoundoom
|player|p1|
