|j|☆joaennavgc
|j|☆sshhooii
|t:|1750852974
|gametype|doubles
|player|p1|joaennavgc|pokemonbreederf-gen4|1379
|player|p2|sshhooii|169|1438
|teamsize|p1|6
|teamsize|p2|6
|gen|9
|tier|[Gen 9] VGC 2025 Reg I
|rated|
|rule|Species Clause: Limit one of each Pokémon
|rule|Item Clause: Limit 1 of each item
|clearpoke
|poke|p1|Lunala, L50|
|poke|p1|Zamazenta-*, L50|
|poke|p1|Ursaluna, L50, F|
|poke|p1|Incineroar, L50, M|
|poke|p1|Ogerpon-Wellspring, L50, F|
|poke|p1|Indeedee, L50, M|
|poke|p2|Miraidon, L50|
|poke|p2|Rayquaza, L50|
|poke|p2|Iron Bundle, L50|
|poke|p2|Glimmora, L50, M|
|poke|p2|Incineroar, L50, M|
|poke|p2|Urshifu-*, L50, M|
|teampreview|4
|
|t:|1750853015
|start
|switch|p1a: Zamazenta|Zamazenta-Crowned, L50, shiny|100/100
|switch|p1b: Indeedee|Indeedee, L50, M|100/100
|switch|p2a: Rayquaza|Rayquaza, L50, shiny|100/100
|switch|p2b: Incineroar|Incineroar, L50, M|100/100
|-ability|p1a: Zamazenta|Dauntless Shield|boost
|-boost|p1a: Zamazenta|def|1
|-ability|p2a: Rayquaza|Air Lock
|-fieldstart|move: Psychic Terrain|[from] ability: Psychic Surge|[of] p1b: Indeedee
|-ability|p2b: Incineroar|Intimidate|boost
|-unboost|p1a: Zamazenta|atk|1
|-unboost|p1b: Indeedee|atk|1
|turn|1
|inactive|Battle timer is ON: inactive players will automatically lose when time's up. (requested by sshhooii)
|
|t:|1750853042
|switch|p2a: Miraidon|Miraidon, L50|100/100
|-fieldstart|move: Electric Terrain|[from] ability: Hadron Engine|[of] p2a: Miraidon
|move|p2b: Incineroar|Fake Out|p1a: Zamazenta
|-resisted|p1a: Zamazenta
|-damage|p1a: Zamazenta|98/100
|cant|p1a: Zamazenta|flinch
|move|p1b: Indeedee|Trick Room|p1b: Indeedee
|-fieldstart|move: Trick Room|[of] p1b: Indeedee
|
|upkeep
|turn|2
|
|t:|1750853066
|switch|p1b: Lunala|Lunala, L50|100/100
|move|p2b: Incineroar|U-turn|p1b: Lunala
|-damage|p1b: Lunala|90/100
|
|t:|1750853071
|switch|p2b: Glimmora|Glimmora, L50, M|100/100|[from] U-turn
|-enditem|p2b: Glimmora|Electric Seed
|-boost|p2b: Glimmora|def|1|[from] item: Electric Seed
|move|p1a: Zamazenta|Body Press|p2b: Glimmora
|-damage|p2b: Glimmora|63/100
|-activate|p2b: Glimmora|ability: Toxic Debris
|-sidestart|p1: joaennavgc|move: Toxic Spikes
|move|p2a: Miraidon|Volt Switch|p1b: Lunala
|-damage|p1b: Lunala|18/100
|
|t:|1750853084
|switch|p2a: Incineroar|Incineroar, L50, M|100/100|[from] Volt Switch
|-ability|p2a: Incineroar|Intimidate|boost
|-unboost|p1a: Zamazenta|atk|1
|-unboost|p1b: Lunala|atk|1
|
|-heal|p1b: Lunala|25/100|[from] item: Leftovers
|upkeep
|turn|3
|inactive|sshhooii has 30 seconds left.
|inactive|sshhooii has 20 seconds left.
|
|t:|1750853120
|-terastallize|p2a: Incineroar|Ghost
|move|p2a: Incineroar|Knock Off|p1b: Lunala
|-supereffective|p1b: Lunala
|-damage|p1b: Lunala|0 fnt
|-enditem|p1b: Lunala|Leftovers|[from] move: Knock Off|[of] p2a: Incineroar
|faint|p1b: Lunala
|move|p2b: Glimmora|Earth Power|p1a: Zamazenta
|-supereffective|p1a: Zamazenta
|-damage|p1a: Zamazenta|53/100
|move|p1a: Zamazenta|Body Press|p2a: Incineroar
|-immune|p2a: Incineroar
|
|upkeep
|
|t:|1750853132
|switch|p1b: Ogerpon|Ogerpon-Wellspring, L50, F|100/100
|-status|p1b: Ogerpon|psn
|turn|4
|
|t:|1750853142
|move|p2a: Incineroar|U-turn|p1b: Ogerpon
|-supereffective|p1b: Ogerpon
|-damage|p1b: Ogerpon|40/100 psn
|
|t:|1750853146
|switch|p2a: Rayquaza|Rayquaza, L50, shiny|100/100|[from] U-turn
|-ability|p2a: Rayquaza|Air Lock
|move|p2b: Glimmora|Earth Power|p1a: Zamazenta
|-supereffective|p1a: Zamazenta
|-damage|p1a: Zamazenta|11/100
|move|p1b: Ogerpon|Ivy Cudgel|p2a: Rayquaza|[anim] Ivy Cudgel Water
|-resisted|p2a: Rayquaza
|-damage|p2a: Rayquaza|73/100
|move|p1a: Zamazenta|Body Press|p2b: Glimmora
|-damage|p2b: Glimmora|28/100
|-activate|p2b: Glimmora|ability: Toxic Debris
|-sidestart|p1: joaennavgc|move: Toxic Spikes
|
|-damage|p1b: Ogerpon|28/100 psn|[from] psn
|upkeep
|turn|5
|
|t:|1750853164
|-terastallize|p1b: Ogerpon|Water
|detailschange|p1b: Ogerpon|Ogerpon-Wellspring-Tera, L50, F, tera:Water
|-ability|p1b: Ogerpon|Embody Aspect (Wellspring)|boost
|-boost|p1b: Ogerpon|spd|1
|move|p2b: Glimmora|Power Gem|p1b: Ogerpon
|-damage|p1b: Ogerpon|0 fnt
|faint|p1b: Ogerpon
|detailschange|p1: Ogerpon|Ogerpon-Wellspring, L50, F|[silent]
|move|p2a: Rayquaza|Dragon Ascent|p1a: Zamazenta
|-damage|p1a: Zamazenta|0 fnt
|-unboost|p2a: Rayquaza|def|1
|-unboost|p2a: Rayquaza|spd|1
|faint|p1a: Zamazenta
|
|-fieldend|move: Trick Room
|-fieldend|move: Electric Terrain
|upkeep
|-message|joaennavgc forfeited.
|
|win|sshhooii
|raw|joaennavgc's rating: 1379 &rarr; <strong>1362</strong><br />(-17 for losing)
|raw|sshhooii's rating: 1438 &rarr; <strong>1455</strong><br />(+17 for winning)
|l|☆joaennavgc
|player|p1|
|l|☆sshhooii
|player|p2|
