|j|☆Com2cl
|j|☆B0R3D_I4M
|t:|1750762036
|gametype|doubles
|player|p1|Com2cl|101|1299
|player|p2|B0R3D_I4M|hoopster|1234
|teamsize|p1|6
|teamsize|p2|6
|gen|9
|tier|[Gen 9] VGC 2025 Reg I
|rated|
|rule|Species Clause: Limit one of each Pokémon
|rule|Item Clause: Limit 1 of each item
|clearpoke
|poke|p1|Kyogre, L50|
|poke|p1|Zamazenta-*, L50|
|poke|p1|Urshifu-*, L50, F|
|poke|p1|Haunter, L50, F|
|poke|p1|Archaludon, L50, F|
|poke|p1|Amoonguss, L50, M|
|poke|p2|Groudon, L50|
|poke|p2|Iron Valiant, L50|
|poke|p2|Incineroar, L50, M|
|poke|p2|Volcarona, L50, M|
|poke|p2|Miraidon, L50|
|poke|p2|Grimmsnarl, L50, M|
|teampreview|4
|
|t:|1750762057
|start
|switch|p1a: Haunter|Haunter, L50, F|100/100
|switch|p1b: Zamazenta|Zamazenta-Crowned, L50|100/100
|switch|p2a: Miraidon|Miraidon, L50|100/100
|switch|p2b: Grimmsnarl|Grimmsnarl, L50, M, shiny|100/100
|-fieldstart|move: Electric Terrain|[from] ability: Hadron Engine|[of] p2a: Miraidon
|-ability|p1b: Zamazenta|Dauntless Shield|boost
|-boost|p1b: Zamazenta|def|1
|turn|1
|inactive|Battle timer is ON: inactive players will automatically lose when time's up. (requested by B0R3D_I4M)
|
|t:|1750762084
|move|p2b: Grimmsnarl|Reflect|p2b: Grimmsnarl
|-sidestart|p2: B0R3D_I4M|Reflect
|move|p2a: Miraidon|Volt Switch|p1a: Haunter
|-damage|p1a: Haunter|33/100
|
|t:|1750762092
|switch|p2a: Groudon|Groudon, L50|100/100|[from] Volt Switch
|-weather|SunnyDay|[from] ability: Drought|[of] p2a: Groudon
|move|p1b: Zamazenta|Iron Defense|p1b: Zamazenta
|-boost|p1b: Zamazenta|def|2
|move|p1a: Haunter|Icy Wind|p2a: Groudon|[spread] p2a,p2b
|-supereffective|p2a: Groudon
|-damage|p2a: Groudon|86/100
|-damage|p2b: Grimmsnarl|91/100
|-unboost|p2b: Grimmsnarl|spe|1
|
|-weather|SunnyDay|[upkeep]
|upkeep
|turn|2
|inactive|Com2cl has 30 seconds left.
|inactive|B0R3D_I4M has 30 seconds left.
|
|t:|1750762120
|move|p2b: Grimmsnarl|Thunder Wave|p1b: Zamazenta
|-status|p1b: Zamazenta|par
|move|p1a: Haunter|Taunt|p2b: Grimmsnarl
|-start|p2b: Grimmsnarl|move: Taunt
|move|p2a: Groudon|Crunch|p1a: Haunter
|-supereffective|p1a: Haunter
|-damage|p1a: Haunter|0 fnt
|faint|p1a: Haunter
|move|p1b: Zamazenta|Body Press|p2a: Groudon
|-damage|p2a: Groudon|37/100
|
|-weather|SunnyDay|[upkeep]
|upkeep
|
|t:|1750762127
|switch|p1a: Kyogre|Kyogre, L50|100/100
|-weather|RainDance|[from] ability: Drizzle|[of] p1a: Kyogre
|turn|3
|inactive|B0R3D_I4M has 30 seconds left.
|
|t:|1750762155
|move|p2a: Groudon|Protect|p2a: Groudon
|-singleturn|p2a: Groudon|Protect
|move|p1a: Kyogre|Water Spout|p2b: Grimmsnarl|[spread] p2b
|-activate|p2a: Groudon|move: Protect
|-damage|p2b: Grimmsnarl|13/100
|move|p1b: Zamazenta|Body Press|p2a: Groudon
|-activate|p2a: Groudon|move: Protect
|move|p2b: Grimmsnarl|Spirit Break|p1a: Kyogre
|-damage|p1a: Kyogre|66/100
|-unboost|p1a: Kyogre|spa|1
|
|-weather|RainDance|[upkeep]
|upkeep
|turn|4
|inactive|B0R3D_I4M has 30 seconds left.
|inactive|Com2cl has 30 seconds left.
|
|t:|1750762191
|move|p1a: Kyogre|Water Spout|p2a: Groudon|[spread] p2a,p2b
|-supereffective|p2a: Groudon
|-damage|p2a: Groudon|0 fnt
|-damage|p2b: Grimmsnarl|0 fnt
|faint|p2a: Groudon
|faint|p2b: Grimmsnarl
|move|p1b: Zamazenta|Iron Defense|p1b: Zamazenta
|-boost|p1b: Zamazenta|def|2
|
|-weather|RainDance|[upkeep]
|upkeep
|
|t:|1750762200
|switch|p2a: Iron Valiant|Iron Valiant, L50|100/100
|switch|p2b: Miraidon|Miraidon, L50|100/100
|-activate|p2b: Miraidon|ability: Hadron Engine
|-activate|p2a: Iron Valiant|ability: Quark Drive
|-start|p2a: Iron Valiant|quarkdrivespe
|turn|5
|inactive|B0R3D_I4M has 30 seconds left.
|
|t:|1750762231
|switch|p1a: Urshifu|Urshifu-Rapid-Strike, L50, F|100/100
|-terastallize|p1b: Zamazenta|Grass
|move|p2b: Miraidon|Electro Drift|p1b: Zamazenta
|-resisted|p1b: Zamazenta
|-damage|p1b: Zamazenta|67/100 par
|move|p2a: Iron Valiant|Coaching|p2b: Miraidon
|-boost|p2b: Miraidon|atk|1
|-boost|p2b: Miraidon|def|1
|cant|p1b: Zamazenta|par
|
|-weather|RainDance|[upkeep]
|-fieldend|move: Electric Terrain
|-end|p2a: Iron Valiant|Quark Drive
|upkeep
|-enditem|p2a: Iron Valiant|Booster Energy
|-activate|p2a: Iron Valiant|ability: Quark Drive|[fromitem]
|-start|p2a: Iron Valiant|quarkdrivespe
|turn|6
|inactive|Com2cl has 30 seconds left.
|
|t:|1750762257
|move|p1a: Urshifu|Detect|p1a: Urshifu
|-singleturn|p1a: Urshifu|Protect
|move|p2b: Miraidon|Electro Drift|p1a: Urshifu
|-activate|p1a: Urshifu|move: Protect
|move|p2a: Iron Valiant|Coaching|p2b: Miraidon
|-boost|p2b: Miraidon|atk|1
|-boost|p2b: Miraidon|def|1
|move|p1b: Zamazenta|Body Press|p2b: Miraidon
|-damage|p2b: Miraidon|47/100
|
|-weather|RainDance|[upkeep]
|upkeep
|turn|7
|inactive|B0R3D_I4M has 30 seconds left.
|
|t:|1750762282
|-terastallize|p2a: Iron Valiant|Ghost
|move|p1a: Urshifu|Aqua Jet|p2a: Iron Valiant
|-damage|p2a: Iron Valiant|66/100
|move|p2b: Miraidon|Electro Drift|p1a: Urshifu
|-supereffective|p1a: Urshifu
|-damage|p1a: Urshifu|0 fnt
|faint|p1a: Urshifu
|move|p2a: Iron Valiant|Moonblast|p1b: Zamazenta
|-damage|p1b: Zamazenta|44/100 par
|-unboost|p1b: Zamazenta|spa|1
|move|p1b: Zamazenta|Body Press|p2b: Miraidon
|-damage|p2b: Miraidon|0 fnt
|faint|p2b: Miraidon
|
|-weather|none
|upkeep
|
|t:|1750762288
|switch|p1a: Kyogre|Kyogre, L50|66/100
|-weather|RainDance|[from] ability: Drizzle|[of] p1a: Kyogre
|turn|8
|
|t:|1750762305
|move|p2a: Iron Valiant|Moonblast|p1b: Zamazenta
|-crit|p1b: Zamazenta
|-damage|p1b: Zamazenta|7/100 par
|move|p1a: Kyogre|Thunder|p2a: Iron Valiant
|-damage|p2a: Iron Valiant|14/100
|cant|p1b: Zamazenta|par
|
|-weather|RainDance|[upkeep]
|-sideend|p2: B0R3D_I4M|Reflect
|upkeep
|turn|9
|c|☆Com2cl|ggwp
|
|t:|1750762320
|move|p2a: Iron Valiant|Moonblast|p1a: Kyogre
|-damage|p1a: Kyogre|38/100
|move|p1a: Kyogre|Thunder|p2a: Iron Valiant
|-damage|p2a: Iron Valiant|0 fnt
|faint|p2a: Iron Valiant
|-end|p2a: Iron Valiant|Quark Drive|[silent]
|
|win|Com2cl
|raw|Com2cl's rating: 1299 &rarr; <strong>1319</strong><br />(+20 for winning)
|raw|B0R3D_I4M's rating: 1234 &rarr; <strong>1214</strong><br />(-20 for losing)
