|j|☆ilianoman¹¹
|j|☆beb99
|t:|1750847854
|gametype|doubles
|player|p1|ilianoman¹¹|wallace|1183
|player|p2|beb99|101|1128
|teamsize|p1|6
|teamsize|p2|6
|gen|9
|tier|[Gen 9] VGC 2025 Reg I
|rated|
|rule|Species Clause: Limit one of each Pokémon
|rule|Item Clause: Limit 1 of each item
|clearpoke
|poke|p1|Cresselia, L50, F|
|poke|p1|Rhyperior, L50, F|
|poke|p1|Zamazenta-*, L50|
|poke|p1|Flutter Mane, L50|
|poke|p1|Amoonguss, L50, M|
|poke|p1|Kyogre, L50|
|poke|p2|Regigigas, L50|
|poke|p2|Weezing-Galar, L50, M|
|poke|p2|Miraidon, L50|
|poke|p2|Krookodile, L50, F|
|poke|p2|Terapagos, L50, M|
|poke|p2|Smeargle, L50, M|
|teampreview|4
|inactive|Battle timer is ON: inactive players will automatically lose when time's up. (requested by ilianoman¹¹)
beb99 has agreed to open team sheets.
|
|t:|1750847879
|start
|switch|p1a: Cresselia|Cresselia, L50, F|100/100
|switch|p1b: Amoonguss|Amoonguss, L50, M|100/100
|switch|p2a: Regigigas|Regigigas, L50|100/100
|switch|p2b: Weezing|Weezing-Galar, L50, M|100/100
|-ability|p2b: Weezing|Neutralizing Gas
|turn|1
|
|t:|1750847899
|move|p2a: Regigigas|Heat Crash|p1b: Amoonguss
|-supereffective|p1b: Amoonguss
|-damage|p1b: Amoonguss|23/100
|-damage|p2a: Regigigas|84/100|[from] item: Rocky Helmet|[of] p1b: Amoonguss
|move|p2b: Weezing|Dark Pulse|p1b: Amoonguss
|-damage|p1b: Amoonguss|7/100
|cant|p1b: Amoonguss|flinch
|move|p1a: Cresselia|Trick Room|p1a: Cresselia
|-fieldstart|move: Trick Room|[of] p1a: Cresselia
|
|upkeep
|turn|2
|
|t:|1750847921
|move|p1b: Amoonguss|Spore|p2a: Regigigas
|-status|p2a: Regigigas|slp|[from] move: Spore
|move|p2b: Weezing|Dark Pulse|p1a: Cresselia
|-supereffective|p1a: Cresselia
|-damage|p1a: Cresselia|79/100
|cant|p1a: Cresselia|flinch
|cant|p2a: Regigigas|slp
|
|upkeep
|turn|3
|
|t:|1750847943
|-end|p2b: Weezing|ability: Neutralizing Gas
|-start|p2a: Regigigas|ability: Slow Start
|switch|p2b: Miraidon|Miraidon, L50|100/100
|-fieldstart|move: Electric Terrain|[from] ability: Hadron Engine|[of] p2b: Miraidon
|switch|p1a: Zamazenta|Zamazenta-Crowned, L50|100/100
|-ability|p1a: Zamazenta|Dauntless Shield|boost
|-boost|p1a: Zamazenta|def|1
|move|p1b: Amoonguss|Protect|p1b: Amoonguss
|-singleturn|p1b: Amoonguss|Protect
|cant|p2a: Regigigas|slp
|
|upkeep
|turn|4
|inactive|beb99 has 30 seconds left.
|
|t:|1750847974
|-terastallize|p2a: Regigigas|Ghost
|move|p1b: Amoonguss|Rage Powder|p1b: Amoonguss
|-singleturn|p1b: Amoonguss|move: Rage Powder
|cant|p2a: Regigigas|slp
|move|p1a: Zamazenta|Body Press|p2b: Miraidon
|-damage|p2b: Miraidon|22/100
|move|p2b: Miraidon|Volt Switch|p1b: Amoonguss
|-resisted|p1b: Amoonguss
|-damage|p1b: Amoonguss|0 fnt
|faint|p1b: Amoonguss
|
|t:|1750847986
|switch|p2b: Weezing|Weezing-Galar, L50, M|100/100|[from] Volt Switch
|-ability|p2b: Weezing|Neutralizing Gas
|-end|p2a: Regigigas|Slow Start|[silent]
|
|upkeep
|
|t:|1750847999
|switch|p1b: Cresselia|Cresselia, L50, F|79/100
|turn|5
|
|t:|1750848019
|move|p1b: Cresselia|Helping Hand|p1a: Zamazenta
|-singleturn|p1a: Zamazenta|Helping Hand|[of] p1b: Cresselia
|move|p2b: Weezing|Will-O-Wisp|p1a: Zamazenta
|-status|p1a: Zamazenta|brn
|-curestatus|p2a: Regigigas|slp|[msg]
|move|p2a: Regigigas|Knock Off|p1b: Cresselia
|-supereffective|p1b: Cresselia
|-damage|p1b: Cresselia|34/100
|-enditem|p1b: Cresselia|Mental Herb|[from] move: Knock Off|[of] p2a: Regigigas
|move|p1a: Zamazenta|Behemoth Bash|p2b: Weezing
|-supereffective|p2b: Weezing
|-crit|p2b: Weezing
|-damage|p2b: Weezing|24/100
|
|-heal|p2b: Weezing|30/100|[from] item: Black Sludge
|-damage|p1a: Zamazenta|94/100 brn|[from] brn
|-fieldend|move: Trick Room
|upkeep
|turn|6
|inactive|ilianoman¹¹ has 30 seconds left.
|inactive|ilianoman¹¹ has 20 seconds left.
|inactive|ilianoman¹¹ has 15 seconds left.
|inactive|ilianoman¹¹ has 10 seconds left.
|inactive|ilianoman¹¹ has 5 seconds left.
|
|t:|1750848074
|move|p2b: Weezing|Protect|p2b: Weezing
|-singleturn|p2b: Weezing|Protect
|move|p1a: Zamazenta|Body Press|p2a: Regigigas
|-immune|p2a: Regigigas
|move|p2a: Regigigas|Knock Off|p1b: Cresselia
|-supereffective|p1b: Cresselia
|-damage|p1b: Cresselia|4/100
|move|p1b: Cresselia|Trick Room|p1b: Cresselia
|-fieldstart|move: Trick Room|[of] p1b: Cresselia
|
|-heal|p2b: Weezing|35/100|[from] item: Black Sludge
|-damage|p1a: Zamazenta|88/100 brn|[from] brn
|upkeep
|turn|7
|
|t:|1750848096
|move|p2b: Weezing|Dark Pulse|p1b: Cresselia
|-supereffective|p1b: Cresselia
|-damage|p1b: Cresselia|0 fnt
|faint|p1b: Cresselia
|move|p2a: Regigigas|Drain Punch|p1a: Zamazenta
|-supereffective|p1a: Zamazenta
|-damage|p1a: Zamazenta|66/100 brn
|-heal|p2a: Regigigas|94/100|[from] drain|[of] p1a: Zamazenta
|move|p1a: Zamazenta|Behemoth Bash|p2b: Weezing
|-supereffective|p2b: Weezing
|-damage|p2b: Weezing|0 fnt
|faint|p2b: Weezing
|-end|p2b: Weezing|ability: Neutralizing Gas
|-start|p2a: Regigigas|ability: Slow Start
|
|-damage|p1a: Zamazenta|60/100 brn|[from] brn
|-fieldend|move: Electric Terrain
|upkeep
|
|t:|1750848113
|switch|p2b: Terapagos|Terapagos, L50, M|100/100
|switch|p1b: Rhyperior|Rhyperior, L50, F|100/100
|-activate|p2b: Terapagos|ability: Tera Shift
|detailschange|p2b: Terapagos|Terapagos-Terastal, L50, M
|-heal|p2b: Terapagos|100/100|[silent]
|turn|8
|
|t:|1750848137
|-terastallize|p1a: Zamazenta|Flying
|move|p1b: Rhyperior|Earthquake|p2b: Terapagos|[spread] p2a,p2b
|-immune|p1a: Zamazenta
|-activate|p2b: Terapagos|ability: Tera Shell
|-resisted|p2b: Terapagos
|-damage|p2a: Regigigas|66/100
|-damage|p2b: Terapagos|86/100
|move|p2a: Regigigas|Knock Off|p1b: Rhyperior
|-damage|p1b: Rhyperior|87/100
|-enditem|p1b: Rhyperior|Weakness Policy|[from] move: Knock Off|[of] p2a: Regigigas
|move|p2b: Terapagos|Calm Mind|p2b: Terapagos
|-boost|p2b: Terapagos|spa|1
|-boost|p2b: Terapagos|spd|1
|move|p1a: Zamazenta|Body Press|p2b: Terapagos
|-supereffective|p2b: Terapagos
|-damage|p2b: Terapagos|33/100
|
|-heal|p2b: Terapagos|39/100|[from] item: Leftovers
|-damage|p1a: Zamazenta|54/100 brn|[from] brn
|upkeep
|turn|9
|
|t:|1750848161
|move|p2b: Terapagos|Protect|p2b: Terapagos
|-singleturn|p2b: Terapagos|Protect
|move|p1b: Rhyperior|Earthquake|p2a: Regigigas|[spread] p2a
|-activate|p2b: Terapagos|move: Protect
|-immune|p1a: Zamazenta
|-damage|p2a: Regigigas|34/100
|move|p2a: Regigigas|Drain Punch|p1b: Rhyperior
|-supereffective|p1b: Rhyperior
|-damage|p1b: Rhyperior|72/100
|-heal|p2a: Regigigas|42/100|[from] drain|[of] p1b: Rhyperior
|move|p1a: Zamazenta|Body Press|p2b: Terapagos
|-activate|p2b: Terapagos|move: Protect
|
|-heal|p2b: Terapagos|44/100|[from] item: Leftovers
|-damage|p1a: Zamazenta|48/100 brn|[from] brn
|upkeep
|turn|10
|inactive|beb99 has 30 seconds left.
|inactive|beb99 has 20 seconds left.
|inactive|beb99 has 15 seconds left.
|inactive|beb99 has 10 seconds left.
|
|t:|1750848208
|move|p1b: Rhyperior|Earthquake|p2b: Terapagos|[spread] p2a,p2b
|-immune|p1a: Zamazenta
|-damage|p2a: Regigigas|10/100
|-damage|p2b: Terapagos|14/100
|move|p2a: Regigigas|Drain Punch|p1b: Rhyperior
|-supereffective|p1b: Rhyperior
|-damage|p1b: Rhyperior|57/100
|-heal|p2a: Regigigas|18/100|[from] drain|[of] p1b: Rhyperior
|move|p2b: Terapagos|Tera Starstorm|p1b: Rhyperior
|-resisted|p1b: Rhyperior
|-damage|p1b: Rhyperior|16/100
|move|p1a: Zamazenta|Body Press|p2b: Terapagos
|-supereffective|p2b: Terapagos
|-damage|p2b: Terapagos|0 fnt
|faint|p2b: Terapagos
|
|-damage|p1a: Zamazenta|42/100 brn|[from] brn
|-fieldend|move: Trick Room
|upkeep
|
|t:|1750848222
|switch|p2b: Miraidon|Miraidon, L50|22/100
|-fieldstart|move: Electric Terrain|[from] ability: Hadron Engine|[of] p2b: Miraidon
|turn|11
|inactive|ilianoman¹¹ has 30 seconds left.
|
|t:|1750848249
|move|p2b: Miraidon|Dazzling Gleam|p1a: Zamazenta|[spread] p1a,p1b
|-crit|p1a: Zamazenta
|-damage|p1a: Zamazenta|14/100 brn
|-damage|p1b: Rhyperior|0 fnt
|faint|p1b: Rhyperior
|move|p1a: Zamazenta|Crunch|p2a: Regigigas
|-supereffective|p2a: Regigigas
|-damage|p2a: Regigigas|5/100
|move|p2a: Regigigas|Drain Punch|p1a: Zamazenta
|-resisted|p1a: Zamazenta
|-damage|p1a: Zamazenta|11/100 brn
|-heal|p2a: Regigigas|6/100|[from] drain|[of] p1a: Zamazenta
|
|-damage|p1a: Zamazenta|5/100 brn|[from] brn
|-end|p2a: Regigigas|Slow Start
|upkeep
|turn|12
|-message|ilianoman¹¹ forfeited.
|
|win|beb99
|raw|ilianoman¹¹'s rating: 1183 &rarr; <strong>1154</strong><br />(-29 for losing)
|raw|beb99's rating: 1128 &rarr; <strong>1157</strong><br />(+29 for winning)
|l|☆ilianoman¹¹
|player|p1|
|l|☆beb99
|player|p2|
