|j|☆JoseSkywalker
|j|☆bimbo mafioso
|t:|1750790344
|gametype|doubles
|player|p1|JoseSkywalker|ethan|1457
|player|p2|bimbo mafioso|swimmerf|1581
|teamsize|p1|6
|teamsize|p2|6
|gen|9
|tier|[Gen 9] VGC 2025 Reg I
|rated|
|rule|Species Clause: Limit one of each Pokémon
|rule|Item Clause: Limit 1 of each item
|clearpoke
|poke|p1|Miraidon, L50|
|poke|p1|Zamazenta-*, L50|
|poke|p1|Grimmsnarl, L50, M|
|poke|p1|Chien-Pao, L50|
|poke|p1|Volcarona, L50, M|
|poke|p1|Iron Hands, L50|
|poke|p2|Urshifu-*, L50, F|
|poke|p2|Rillaboom, L50, F|
|poke|p2|Incineroar, L50, M|
|poke|p2|Zamazenta-*, L50|
|poke|p2|Ogerpon-Cornerstone, L50, F|
|poke|p2|Calyrex-Shadow, L50|
|teampreview|4
|inactive|Battle timer is ON: inactive players will automatically lose when time's up. (requested by bimbo mafioso)
|inactive|bimbo mafioso has 60 seconds left.
|
|t:|1750790378
|start
|switch|p1a: Grimmsnarl|Grimmsnarl, L50, M|100/100
|switch|p1b: Volcarona|Volcarona, L50, M|100/100
|switch|p2a: Ogerpon|Ogerpon-Cornerstone, L50, F|100/100
|switch|p2b: Calyrex|Calyrex-Shadow, L50|100/100
|-ability|p2b: Calyrex|As One
|-ability|p2b: Calyrex|Unnerve
|turn|1
|inactive|JoseSkywalker has 30 seconds left.
|inactive|JoseSkywalker has 20 seconds left.
|
|t:|1750790418
|-terastallize|p2b: Calyrex|Dark
|-terastallize|p1b: Volcarona|Dragon
|move|p1a: Grimmsnarl|Reflect|p1a: Grimmsnarl
|-sidestart|p1: JoseSkywalker|Reflect
|move|p2b: Calyrex|Nasty Plot|p2b: Calyrex
|-boost|p2b: Calyrex|spa|2
|move|p2a: Ogerpon|Ivy Cudgel|p1b: Volcarona|[anim] Ivy Cudgel Rock
|-damage|p1b: Volcarona|53/100
|move|p1b: Volcarona|Quiver Dance|p1b: Volcarona
|-boost|p1b: Volcarona|spa|1
|-boost|p1b: Volcarona|spd|1
|-boost|p1b: Volcarona|spe|1
|
|-heal|p1b: Volcarona|59/100|[from] item: Leftovers
|upkeep
|turn|2
|inactive|JoseSkywalker has 30 seconds left.
|
|t:|1750790449
|move|p1a: Grimmsnarl|Light Screen|p1a: Grimmsnarl
|-sidestart|p1: JoseSkywalker|move: Light Screen
|move|p1b: Volcarona|Struggle Bug|p2a: Ogerpon|[spread] p2a,p2b
|-supereffective|p2a: Ogerpon
|-supereffective|p2b: Calyrex
|-damage|p2a: Ogerpon|42/100
|-damage|p2b: Calyrex|53/100
|-unboost|p2a: Ogerpon|spa|1
|-unboost|p2b: Calyrex|spa|1
|move|p2b: Calyrex|Astral Barrage|p1b: Volcarona|[spread] p1a,p1b
|-resisted|p1a: Grimmsnarl
|-damage|p1a: Grimmsnarl|73/100
|-damage|p1b: Volcarona|22/100
|-damage|p2b: Calyrex|43/100|[from] item: Life Orb
|move|p2a: Ogerpon|Ivy Cudgel|p1b: Volcarona|[anim] Ivy Cudgel Rock
|-damage|p1b: Volcarona|0 fnt
|faint|p1b: Volcarona
|
|upkeep
|
|t:|1750790462
|switch|p1b: Iron Hands|Iron Hands, L50|100/100
|turn|3
|
|t:|1750790480
|move|p2b: Calyrex|Protect|p2b: Calyrex
|-singleturn|p2b: Calyrex|Protect
|move|p1b: Iron Hands|Fake Out|p2a: Ogerpon
|-resisted|p2a: Ogerpon
|-damage|p2a: Ogerpon|31/100
|cant|p2a: Ogerpon|flinch
|move|p1a: Grimmsnarl|Spirit Break|p2b: Calyrex
|-activate|p2b: Calyrex|move: Protect
|
|upkeep
|turn|4
|
|t:|1750790506
|move|p2b: Calyrex|Psychic|p1b: Iron Hands
|-supereffective|p1b: Iron Hands
|-damage|p1b: Iron Hands|20/100
|-unboost|p1b: Iron Hands|spd|1
|-damage|p2b: Calyrex|34/100|[from] item: Life Orb
|move|p2a: Ogerpon|Power Whip|p1b: Iron Hands
|-damage|p1b: Iron Hands|0 fnt
|faint|p1b: Iron Hands
|-end|p1b: Iron Hands|Quark Drive|[silent]
|move|p1a: Grimmsnarl|Spirit Break|p2b: Calyrex
|-supereffective|p2b: Calyrex
|-damage|p2b: Calyrex|0 fnt
|faint|p2b: Calyrex
|
|upkeep
|
|t:|1750790520
|switch|p2b: Zamazenta|Zamazenta-Crowned, L50|100/100
|switch|p1b: Miraidon|Miraidon, L50|100/100
|-fieldstart|move: Electric Terrain|[from] ability: Hadron Engine|[of] p1b: Miraidon
|-ability|p2b: Zamazenta|Dauntless Shield|boost
|-boost|p2b: Zamazenta|def|1
|turn|5
|
|t:|1750790536
|move|p2a: Ogerpon|Follow Me|p2a: Ogerpon
|-singleturn|p2a: Ogerpon|move: Follow Me
|move|p1a: Grimmsnarl|Thunder Wave|p2a: Ogerpon
|-status|p2a: Ogerpon|par
|move|p1b: Miraidon|Electro Drift|p2a: Ogerpon
|-resisted|p2a: Ogerpon
|-damage|p2a: Ogerpon|0 fnt
|faint|p2a: Ogerpon
|move|p2b: Zamazenta|Heavy Slam|p1a: Grimmsnarl
|-supereffective|p1a: Grimmsnarl
|-damage|p1a: Grimmsnarl|0 fnt
|faint|p1a: Grimmsnarl
|
|upkeep
|
|t:|1750790546
|switch|p2a: Incineroar|Incineroar, L50, M|100/100
|-ability|p2a: Incineroar|Intimidate|boost
|-unboost|p1b: Miraidon|atk|1
|turn|6
|
|t:|1750790551
|move|p2a: Incineroar|Fake Out|p1b: Miraidon
|-crit|p1b: Miraidon
|-damage|p1b: Miraidon|85/100
|cant|p1b: Miraidon|flinch
|move|p2b: Zamazenta|Body Press|p1b: Miraidon
|-damage|p1b: Miraidon|39/100
|
|upkeep
|turn|7
|
|t:|1750790560
|move|p1b: Miraidon|Electro Drift|p2a: Incineroar
|-damage|p2a: Incineroar|0 fnt
|-damage|p1b: Miraidon|23/100|[from] item: Rocky Helmet|[of] p2a: Incineroar
|faint|p2a: Incineroar
|move|p2b: Zamazenta|Body Press|p1b: Miraidon
|-damage|p1b: Miraidon|0 fnt
|faint|p1b: Miraidon
|
|win|bimbo mafioso
|raw|JoseSkywalker's rating: 1457 &rarr; <strong>1444</strong><br />(-13 for losing)
|raw|bimbo mafioso's rating: 1581 &rarr; <strong>1594</strong><br />(+13 for winning)
