|j|☆IncineroarH8ter
|j|☆SkyOnPS
|t:|1750825354
|gametype|doubles
|player|p1|IncineroarH8ter|unknown|1274
|player|p2|SkyOnPS|shadowtriad|1227
|teamsize|p1|6
|teamsize|p2|6
|gen|9
|tier|[Gen 9] VGC 2025 Reg I
|rated|
|rule|Species Clause: Limit one of each Pokémon
|rule|Item Clause: Limit 1 of each item
|clearpoke
|poke|p1|Lunala, L50|
|poke|p1|Gallade, L50, M|
|poke|p1|Calyrex-Ice, L50|
|poke|p1|Grimmsnarl, L50, M|
|poke|p1|Indeedee-F, L50, F|
|poke|p1|Meowscarada, L50, F|
|poke|p2|Miraidon, L50|
|poke|p2|Inteleon, L50, M|
|poke|p2|Archaludon, L50, M|
|poke|p2|Kyogre, L50|
|poke|p2|Overqwil, L50, M|
|poke|p2|Iron Valiant, L50|
|teampreview|4
|inactive|Battle timer is ON: inactive players will automatically lose when time's up. (requested by SkyOnPS)
SkyOnPS rejected open team sheets.
|inactive|IncineroarH8ter has 60 seconds left.
|
|t:|1750825390
|start
|switch|p1a: Calyrex|Calyrex-Ice, L50|100/100
|switch|p1b: Grimmsnarl|Grimmsnarl, L50, M|100/100
|switch|p2a: Miraidon|Miraidon, L50|100/100
|switch|p2b: Inteleon|Inteleon, L50, M|100/100
|-ability|p1a: Calyrex|As One
|-ability|p1a: Calyrex|Unnerve
|-fieldstart|move: Electric Terrain|[from] ability: Hadron Engine|[of] p2a: Miraidon
|turn|1
|inactive|SkyOnPS has 30 seconds left.
|inactive|SkyOnPS has 20 seconds left.
|
|t:|1750825426
|move|p1b: Grimmsnarl|Light Screen|p1b: Grimmsnarl
|-sidestart|p1: IncineroarH8ter|move: Light Screen
|move|p2b: Inteleon|Soak|p1a: Calyrex
|-start|p1a: Calyrex|typechange|Water
|move|p2a: Miraidon|Electro Drift|p1a: Calyrex
|-supereffective|p1a: Calyrex
|-damage|p1a: Calyrex|0 fnt
|faint|p1a: Calyrex
|
|upkeep
|inactive|IncineroarH8ter has 30 seconds left.
|inactive|IncineroarH8ter has 20 seconds left.
|
|t:|1750825466
|switch|p1a: Gallade|Gallade, L50, M|100/100
|turn|2
|
|t:|1750825480
|switch|p2b: Iron Valiant|Iron Valiant, L50|100/100
|-activate|p2b: Iron Valiant|ability: Quark Drive
|-start|p2b: Iron Valiant|quarkdrivespe
|switch|p1b: Indeedee|Indeedee-F, L50, F|100/100
|-fieldstart|move: Psychic Terrain|[from] ability: Psychic Surge|[of] p1b: Indeedee
|-end|p2b: Iron Valiant|Quark Drive
|-enditem|p1b: Indeedee|Psychic Seed
|-boost|p1b: Indeedee|spd|1|[from] item: Psychic Seed
|-enditem|p2b: Iron Valiant|Booster Energy
|-activate|p2b: Iron Valiant|ability: Quark Drive|[fromitem]
|-start|p2b: Iron Valiant|quarkdrivespe
|move|p2a: Miraidon|Protect|p2a: Miraidon
|-singleturn|p2a: Miraidon|Protect
|move|p1a: Gallade|Psycho Cut|p2a: Miraidon
|-activate|p2a: Miraidon|move: Protect
|
|upkeep
|turn|3
|inactive|IncineroarH8ter has 30 seconds left.
|inactive|SkyOnPS has 30 seconds left.
|inactive|IncineroarH8ter has 20 seconds left.
|inactive|SkyOnPS has 20 seconds left.
|
|t:|1750825521
|-end|p2b: Iron Valiant|Quark Drive|[silent]
|switch|p2b: Inteleon|Inteleon, L50, M|100/100
|move|p1b: Indeedee|Follow Me|p1b: Indeedee
|-singleturn|p1b: Indeedee|move: Follow Me
|move|p2a: Miraidon|Volt Switch|p1b: Indeedee
|-damage|p1b: Indeedee|83/100
|
|t:|1750825530
|switch|p2a: Iron Valiant|Iron Valiant, L50|100/100|[from] Volt Switch
|move|p1a: Gallade|Psycho Cut|p2b: Inteleon
|-damage|p2b: Inteleon|0 fnt
|faint|p2b: Inteleon
|
|upkeep
|
|t:|1750825538
|switch|p2b: Miraidon|Miraidon, L50|100/100
|-fieldstart|move: Electric Terrain|[from] ability: Hadron Engine|[of] p2b: Miraidon
|-activate|p2a: Iron Valiant|ability: Quark Drive
|-start|p2a: Iron Valiant|quarkdrivespe
|turn|4
|inactive|IncineroarH8ter has 30 seconds left.
|
|t:|1750825567
|switch|p1b: Grimmsnarl|Grimmsnarl, L50, M|100/100
|move|p2a: Iron Valiant|Moonblast|p1a: Gallade
|-supereffective|p1a: Gallade
|-damage|p1a: Gallade|42/100
|-unboost|p1a: Gallade|spa|1
|move|p2b: Miraidon|Electro Drift|p1b: Grimmsnarl
|-damage|p1b: Grimmsnarl|21/100
|move|p1a: Gallade|Psycho Cut|p2a: Iron Valiant
|-supereffective|p2a: Iron Valiant
|-damage|p2a: Iron Valiant|0 fnt
|faint|p2a: Iron Valiant
|-end|p2a: Iron Valiant|Quark Drive|[silent]
|
|upkeep
|
|t:|1750825580
|switch|p2a: Kyogre|Kyogre, L50|100/100
|-weather|RainDance|[from] ability: Drizzle|[of] p2a: Kyogre
|turn|5
|inactive|IncineroarH8ter has 30 seconds left.
|
|t:|1750825613
|-terastallize|p2b: Miraidon|Fairy
|move|p2a: Kyogre|Protect|p2a: Kyogre
|-singleturn|p2a: Kyogre|Protect
|move|p1a: Gallade|Wide Guard|p1a: Gallade
|-singleturn|p1a: Gallade|Wide Guard
|move|p2b: Miraidon|Dazzling Gleam|p1b: Grimmsnarl|[spread] 
|-activate|p1a: Gallade|move: Wide Guard
|-activate|p1b: Grimmsnarl|move: Wide Guard
|move|p1b: Grimmsnarl|Spirit Break|p2b: Miraidon
|-damage|p2b: Miraidon|56/100
|-unboost|p2b: Miraidon|spa|1
|
|-weather|RainDance|[upkeep]
|upkeep
|turn|6
|inactive|IncineroarH8ter has 30 seconds left.
|inactive|IncineroarH8ter has 20 seconds left.
|inactive|IncineroarH8ter has 15 seconds left.
|inactive|IncineroarH8ter has 10 seconds left.
|
|t:|1750825659
|switch|p1b: Indeedee|Indeedee-F, L50, F|83/100
|-fieldstart|move: Psychic Terrain|[from] ability: Psychic Surge|[of] p1b: Indeedee
|move|p2b: Miraidon|Electro Drift|p1b: Indeedee
|-damage|p1b: Indeedee|59/100
|move|p2a: Kyogre|Thunder|p1a: Gallade
|-damage|p1a: Gallade|11/100
|move|p1a: Gallade|Psycho Cut|p2b: Miraidon
|-damage|p2b: Miraidon|0 fnt
|faint|p2b: Miraidon
|
|-weather|RainDance|[upkeep]
|upkeep
|turn|7
|inactive|IncineroarH8ter has 30 seconds left.
|
|t:|1750825685
|switch|p1a: Grimmsnarl|Grimmsnarl, L50, M|21/100
|move|p2a: Kyogre|Thunder|p1a: Grimmsnarl
|-damage|p1a: Grimmsnarl|0 fnt
|faint|p1a: Grimmsnarl
|move|p1b: Indeedee|Trick Room|p1b: Indeedee
|-fieldstart|move: Trick Room|[of] p1b: Indeedee
|
|-weather|RainDance|[upkeep]
|upkeep
|
|t:|1750825691
|switch|p1a: Gallade|Gallade, L50, M|11/100
|turn|8
|
|t:|1750825701
|move|p1b: Indeedee|Heal Pulse|p1a: Gallade
|-heal|p1a: Gallade|61/100
|move|p1a: Gallade|Psycho Cut|p2a: Kyogre
|-damage|p2a: Kyogre|30/100
|move|p2a: Kyogre|Thunder|p1a: Gallade
|-damage|p1a: Gallade|29/100
|
|-weather|RainDance|[upkeep]
|-heal|p2a: Kyogre|35/100|[from] item: Leftovers
|-sideend|p1: IncineroarH8ter|move: Light Screen
|upkeep
|turn|9
|-message|SkyOnPS forfeited.
|
|win|IncineroarH8ter
|raw|IncineroarH8ter's rating: 1305 &rarr; <strong>1321</strong><br />(+16 for winning)
|raw|SkyOnPS's rating: 1227 &rarr; <strong>1208</strong><br />(-19 for losing)
|l|☆SkyOnPS
|player|p2|
|l|☆IncineroarH8ter
|player|p1|
