|j|☆StapleGunUser
|j|☆pumpkinflame
|t:|1750776168
|gametype|doubles
|player|p1|StapleGunUser|swimmer-gen4|1254
|player|p2|pumpkinflame|swimmerf-gen4|1363
|teamsize|p1|6
|teamsize|p2|6
|gen|9
|tier|[Gen 9] VGC 2025 Reg I
|rated|
|rule|Species Clause: Limit one of each Pokémon
|rule|Item Clause: Limit 1 of each item
|clearpoke
|poke|p1|Glalie, L50, M|
|poke|p1|Muk-Alola, L50, M|
|poke|p1|Dialga, L50|
|poke|p1|Lunala, L50|
|poke|p1|Rabsca, L50, M|
|poke|p1|Clefairy, L50, M|
|poke|p2|Kyogre, L50|
|poke|p2|Archaludon, L50, F|
|poke|p2|Miraidon, L50|
|poke|p2|Tornadus, L50, M|
|poke|p2|Grimmsnarl, L50, M|
|poke|p2|Incineroar, L50, F|
|teampreview|4
|inactive|Battle timer is ON: inactive players will automatically lose when time's up. (requested by StapleGunUser)
|
|t:|1750776186
|start
|switch|p1a: Glalie|Glalie, L50, M|100/100
|switch|p1b: Muk|Muk-Alola, L50, M|100/100
|switch|p2a: Storm|Tornadus, L50, M, shiny|100/100
|switch|p2b: Electrobeast|Miraidon, L50|100/100
|-fieldstart|move: Electric Terrain|[from] ability: Hadron Engine|[of] p2b: Electrobeast
|turn|1
|
|t:|1750776203
|move|p1b: Muk|Protect|p1b: Muk
|-singleturn|p1b: Muk|Protect
|move|p2a: Storm|Tailwind|p2a: Storm
|-sidestart|p2: pumpkinflame|move: Tailwind
|move|p2b: Electrobeast|Volt Switch|p1b: Muk
|-activate|p1b: Muk|move: Protect
|move|p1a: Glalie|Switcheroo|p2a: Storm
|-activate|p1a: Glalie|move: Trick|[of] p2a: Storm
|-item|p2a: Storm|Choice Scarf|[from] move: Switcheroo
|-item|p1a: Glalie|Covert Cloak|[from] move: Switcheroo
|
|-ability|p1a: Glalie|Moody|boost
|-boost|p1a: Glalie|spa|2
|-unboost|p1a: Glalie|spd|1
|upkeep
|turn|2
|
|t:|1750776227
|-terastallize|p1b: Muk|Dragon
|move|p2a: Storm|Bleakwind Storm|p1b: Muk|[spread] p1a,p1b
|-crit|p1b: Muk
|-damage|p1a: Glalie|43/100
|-damage|p1b: Muk|66/100
|move|p2b: Electrobeast|Volt Switch|p1b: Muk
|-resisted|p1b: Muk
|-damage|p1b: Muk|38/100
|
|t:|1750776237
|switch|p2b: Miraidon 2|Archaludon, L50, F|100/100|[from] Volt Switch
|move|p1a: Glalie|Block|p2a: Storm
|-activate|p2a: Storm|trapped
|move|p1b: Muk|Minimize|p1b: Muk
|-boost|p1b: Muk|evasion|2
|
|-ability|p1a: Glalie|Moody|boost
|-boost|p1a: Glalie|spe|2
|-unboost|p1a: Glalie|atk|1
|upkeep
|turn|3
|inactive|pumpkinflame has 30 seconds left.
|
|t:|1750776266
|switch|p2b: K.O|Kyogre, L50|100/100
|-weather|RainDance|[from] ability: Drizzle|[of] p2b: K.O
|move|p1b: Muk|Protect|p1b: Muk
|-singleturn|p1b: Muk|Protect
|move|p2a: Storm|Bleakwind Storm|p1b: Muk|[spread] p1a
|-activate|p1b: Muk|move: Protect
|-damage|p1a: Glalie|0 fnt
|faint|p1a: Glalie
|-ability|p1b: Muk|Moody|[from] ability: Power of Alchemy|[of] p1a: Glalie
|
|-weather|RainDance|[upkeep]
|-ability|p1b: Muk|Moody|boost
|-boost|p1b: Muk|atk|2
|-unboost|p1b: Muk|spa|1
|upkeep
|
|t:|1750776283
|switch|p1a: Lunala|Lunala, L50|100/100
|turn|4
|
|t:|1750776290
|move|p1a: Lunala|Wide Guard|p1a: Lunala
|-singleturn|p1a: Lunala|Wide Guard
|move|p2a: Storm|Bleakwind Storm|p1b: Muk|[spread] 
|-activate|p1a: Lunala|move: Wide Guard
|-activate|p1b: Muk|move: Wide Guard
|move|p2b: K.O|Water Spout|p1a: Lunala|[spread] 
|-activate|p1a: Lunala|move: Wide Guard
|-activate|p1b: Muk|move: Wide Guard
|move|p1b: Muk|Minimize|p1b: Muk
|-boost|p1b: Muk|evasion|2
|
|-weather|RainDance|[upkeep]
|-sideend|p2: pumpkinflame|move: Tailwind
|-ability|p1b: Muk|Moody|boost
|-boost|p1b: Muk|spe|2
|-unboost|p1b: Muk|spa|1
|upkeep
|turn|5
|inactive|StapleGunUser has 30 seconds left.
|
|t:|1750776319
|move|p1a: Lunala|Wide Guard|p1a: Lunala
|-singleturn|p1a: Lunala|Wide Guard
|move|p2a: Storm|Bleakwind Storm|p1b: Muk|[spread] 
|-activate|p1a: Lunala|move: Wide Guard
|-activate|p1b: Muk|move: Wide Guard
|move|p1b: Muk|Minimize|p1b: Muk
|-boost|p1b: Muk|evasion|2
|move|p2b: K.O|Ice Beam|p1b: Muk|[miss]
|-miss|p2b: K.O|p1b: Muk
|
|-weather|RainDance|[upkeep]
|-fieldend|move: Electric Terrain
|-ability|p1b: Muk|Moody|boost
|-boost|p1b: Muk|spa|2
|-unboost|p1b: Muk|def|1
|upkeep
|turn|6
|
|t:|1750776337
|move|p1b: Muk|Protect|p1b: Muk
|-singleturn|p1b: Muk|Protect
|move|p2a: Storm|Bleakwind Storm|p1a: Lunala|[spread] p1a
|-activate|p1b: Muk|move: Protect
|-damage|p1a: Lunala|91/100
|move|p1a: Lunala|Psych Up|p1b: Muk
|-copyboost|p1a: Lunala|p1b: Muk|[from] move: Psych Up
|move|p2b: K.O|Ice Beam|p1b: Muk
|-activate|p1b: Muk|move: Protect
|
|-weather|RainDance|[upkeep]
|-heal|p1a: Lunala|98/100|[from] item: Leftovers
|-ability|p1b: Muk|Moody|boost
|-boost|p1b: Muk|atk|2
|-unboost|p1b: Muk|spd|1
|upkeep
|turn|7
|
|t:|1750776350
|move|p2a: Storm|Bleakwind Storm|p1b: Muk|[spread] p1a,p1b
|-damage|p1a: Lunala|78/100
|-damage|p1b: Muk|5/100
|-unboost|p1a: Lunala|spe|1
|move|p1a: Lunala|Night Daze|p2b: K.O
|-damage|p2b: K.O|84/100
|-unboost|p2b: K.O|accuracy|1
|move|p1b: Muk|Knock Off|p2b: K.O
|-damage|p2b: K.O|0 fnt
|-enditem|p2b: K.O|Mystic Water|[from] move: Knock Off|[of] p1b: Muk
|faint|p2b: K.O
|
|-weather|none
|-heal|p1a: Lunala|84/100|[from] item: Leftovers
|-ability|p1b: Muk|Moody|boost
|-boost|p1b: Muk|spe|2
|-unboost|p1b: Muk|atk|1
|upkeep
|
|t:|1750776362
|switch|p2b: Miraidon 2|Archaludon, L50, F|100/100
|turn|8
|
|t:|1750776381
|move|p1a: Lunala|Wide Guard|p1a: Lunala
|-singleturn|p1a: Lunala|Wide Guard
|move|p2a: Storm|Bleakwind Storm|p1a: Lunala|[spread] 
|-activate|p1a: Lunala|move: Wide Guard
|-activate|p1b: Muk|move: Wide Guard
|move|p1b: Muk|Rest|p1b: Muk
|-status|p1b: Muk|slp|[from] move: Rest
|-heal|p1b: Muk|100/100 slp|[silent]
|move|p2b: Miraidon 2|Electro Shot||[still]
|-prepare|p2b: Miraidon 2|Electro Shot
|-boost|p2b: Miraidon 2|spa|1
|
|-heal|p1a: Lunala|90/100|[from] item: Leftovers
|-ability|p1b: Muk|Moody|boost
|-boost|p1b: Muk|spe|2
|-unboost|p1b: Muk|spd|1
|upkeep
|turn|9
|
|t:|1750776399
|switch|p2a: Electrobeast|Miraidon, L50|100/100
|-fieldstart|move: Electric Terrain|[from] ability: Hadron Engine|[of] p2a: Electrobeast
|cant|p1b: Muk|slp
|move|p1a: Lunala|Night Daze|p2b: Miraidon 2
|-damage|p2b: Miraidon 2|80/100
|-ability|p2b: Miraidon 2|Stamina|boost
|-boost|p2b: Miraidon 2|def|1
|move|p2b: Miraidon 2|Electro Shot|p1a: Lunala|[from] lockedmove|[miss]
|-miss|p2b: Miraidon 2|p1a: Lunala
|
|-heal|p1a: Lunala|96/100|[from] item: Leftovers
|-ability|p1b: Muk|Moody|boost
|-boost|p1b: Muk|atk|2
|-unboost|p1b: Muk|spa|1
|upkeep
|turn|10
|
|t:|1750776422
|cant|p1b: Muk|slp
|move|p2a: Electrobeast|Volt Switch|p1a: Lunala|[miss]
|-miss|p2a: Electrobeast|p1a: Lunala
|move|p1a: Lunala|Night Daze|p2a: Electrobeast
|-damage|p2a: Electrobeast|80/100
|-unboost|p2a: Electrobeast|accuracy|1
|move|p2b: Miraidon 2|Electro Shot||[still]
|-prepare|p2b: Miraidon 2|Electro Shot
|-boost|p2b: Miraidon 2|spa|1
|
|-heal|p1a: Lunala|100/100|[from] item: Leftovers
|-ability|p1b: Muk|Moody|boost
|-boost|p1b: Muk|atk|1
|-unboost|p1b: Muk|spa|1
|upkeep
|turn|11
|inactive|StapleGunUser has 30 seconds left.
|inactive|StapleGunUser has 20 seconds left.
|
|t:|1750776458
|-curestatus|p1b: Muk|slp|[msg]
|move|p1b: Muk|Protect|p1b: Muk
|-singleturn|p1b: Muk|Protect
|move|p2a: Electrobeast|Volt Switch|p1a: Lunala
|-damage|p1a: Lunala|73/100
|
|t:|1750776470
|switch|p2a: Storm|Tornadus, L50, M, shiny|100/100|[from] Volt Switch
|move|p1a: Lunala|Moongeist Beam|p2b: Miraidon 2
|-damage|p2b: Miraidon 2|46/100
|-ability|p2b: Miraidon 2|Stamina|boost
|-boost|p2b: Miraidon 2|def|1
|move|p2b: Miraidon 2|Electro Shot|p1a: Lunala|[from] lockedmove|[miss]
|-miss|p2b: Miraidon 2|p1a: Lunala
|
|-heal|p1a: Lunala|80/100|[from] item: Leftovers
|-ability|p1b: Muk|Moody|boost
|-boost|p1b: Muk|spa|2
|-unboost|p1b: Muk|atk|1
|upkeep
|turn|12
|
|t:|1750776481
|move|p2a: Storm|Rain Dance|p2a: Storm
|-weather|RainDance
|move|p1b: Muk|Knock Off|p2b: Miraidon 2
|-damage|p2b: Miraidon 2|3/100
|-ability|p2b: Miraidon 2|Stamina|boost
|-boost|p2b: Miraidon 2|def|1
|-enditem|p2b: Miraidon 2|Assault Vest|[from] move: Knock Off|[of] p1b: Muk
|move|p1a: Lunala|Moongeist Beam|p2a: Storm
|-damage|p2a: Storm|44/100
|move|p2b: Miraidon 2|Electro Shot||[still]
|-prepare|p2b: Miraidon 2|Electro Shot
|-boost|p2b: Miraidon 2|spa|1
|-anim|p2b: Miraidon 2|Electro Shot|p1a: Lunala|[miss]
|-miss|p2b: Miraidon 2|p1a: Lunala
|
|-weather|RainDance|[upkeep]
|-heal|p1a: Lunala|86/100|[from] item: Leftovers
|-ability|p1b: Muk|Moody|boost
|-boost|p1b: Muk|def|2
|-unboost|p1b: Muk|spa|1
|upkeep
|turn|13
|
|t:|1750776503
|switch|p2a: Electrobeast|Miraidon, L50|80/100
|-activate|p2a: Electrobeast|ability: Hadron Engine
|move|p1b: Muk|Knock Off|p2b: Miraidon 2
|-damage|p2b: Miraidon 2|0 fnt
|faint|p2b: Miraidon 2
|move|p1a: Lunala|Moongeist Beam|p2a: Electrobeast
|-damage|p2a: Electrobeast|42/100
|
|-weather|RainDance|[upkeep]
|-heal|p1a: Lunala|92/100|[from] item: Leftovers
|-fieldend|move: Electric Terrain
|-ability|p1b: Muk|Moody|boost
|-boost|p1b: Muk|def|2
|-unboost|p1b: Muk|atk|1
|upkeep
|
|t:|1750776514
|switch|p2b: Storm|Tornadus, L50, M, shiny|44/100
|turn|14
|
|t:|1750776523
|-terastallize|p2a: Electrobeast|Fairy
|move|p1b: Muk|Knock Off|p2a: Electrobeast
|-resisted|p2a: Electrobeast
|-damage|p2a: Electrobeast|0 fnt
|-enditem|p2a: Electrobeast|Choice Specs|[from] move: Knock Off|[of] p1b: Muk
|faint|p2a: Electrobeast
|move|p2b: Storm|Bleakwind Storm|p1a: Lunala|[spread] p1a,p1b
|-damage|p1a: Lunala|73/100
|-damage|p1b: Muk|60/100
|move|p1a: Lunala|Moongeist Beam|p2b: Storm
|-damage|p2b: Storm|0 fnt
|faint|p2b: Storm
|
|win|StapleGunUser
|raw|StapleGunUser's rating: 1254 &rarr; <strong>1287</strong><br />(+33 for winning)
|raw|pumpkinflame's rating: 1363 &rarr; <strong>1337</strong><br />(-26 for losing)
|l|☆StapleGunUser
|player|p1|
|l|☆pumpkinflame
|player|p2|
