|j|☆Emirnent
|j|☆Rose Gold Joint
|t:|1750713297
|gametype|doubles
|player|p1|Emirnent|265|1750
|player|p2|Rose Gold Joint|1|1617
|teamsize|p1|6
|teamsize|p2|6
|gen|9
|tier|[Gen 9] VGC 2025 Reg I
|rated|
|rule|Species Clause: Limit one of each Pokémon
|rule|Item Clause: Limit 1 of each item
|clearpoke
|poke|p1|Calyrex-Ice, L50|
|poke|p1|Zamazenta-*, L50|
|poke|p1|Smeargle, L50, M|
|poke|p1|Raging Bolt, L50|
|poke|p1|Tornadus, L50, M|
|poke|p1|Landorus, L50, M|
|poke|p2|Miraidon, L50|
|poke|p2|Calyrex-Ice, L50|
|poke|p2|Ogerpon-Cornerstone, L50, F|
|poke|p2|Landorus, L50, M|
|poke|p2|Iron Valiant, L50|
|poke|p2|Farigiraf, L50, F|
|teampreview|4
|inactive|Battle timer is ON: inactive players will automatically lose when time's up. (requested by Emirnent)
|
|t:|1750713325
|start
|switch|p1a: Calyrex|Calyrex-Ice, L50|100/100
|switch|p1b: Tornadus|Tornadus, L50, M|100/100
|switch|p2a: Miraidon|Miraidon, L50|100/100
|switch|p2b: Iron Valiant|Iron Valiant, L50|100/100
|-ability|p1a: Calyrex|As One
|-ability|p1a: Calyrex|Unnerve
|-fieldstart|move: Electric Terrain|[from] ability: Hadron Engine|[of] p2a: Miraidon
|-activate|p2b: Iron Valiant|ability: Quark Drive
|-start|p2b: Iron Valiant|quarkdrivespe
|turn|1
|
|t:|1750713349
|move|p1b: Tornadus|Protect|p1b: Tornadus
|-singleturn|p1b: Tornadus|Protect
|move|p2b: Iron Valiant|Wide Guard|p2b: Iron Valiant
|-singleturn|p2b: Iron Valiant|Wide Guard
|move|p2a: Miraidon|Electro Drift|p1a: Calyrex
|-damage|p1a: Calyrex|37/100
|move|p1a: Calyrex|High Horsepower|p2a: Miraidon
|-supereffective|p2a: Miraidon
|-damage|p2a: Miraidon|21/100
|
|upkeep
|turn|2
|inactive|Rose Gold Joint has 30 seconds left.
|inactive|Emirnent has 30 seconds left.
|inactive|Rose Gold Joint has 20 seconds left.
|inactive|Rose Gold Joint has 15 seconds left.
|inactive|Rose Gold Joint has 10 seconds left.
|inactive|Rose Gold Joint has 5 seconds left.
|
|t:|1750713402
|switch|p2a: Landorus|Landorus, L50, M|100/100
|move|p2b: Iron Valiant|Wide Guard|p2b: Iron Valiant
|-singleturn|p2b: Iron Valiant|Wide Guard
|move|p1b: Tornadus|Tailwind|p1b: Tornadus
|-sidestart|p1: Emirnent|move: Tailwind
|move|p1a: Calyrex|Glacial Lance|p2b: Iron Valiant|[spread] 
|-activate|p2a: Landorus|move: Wide Guard
|-activate|p2b: Iron Valiant|move: Wide Guard
|
|upkeep
|turn|3
|j| Prasoooon
|inactive|Rose Gold Joint has 30 seconds left.
|inactive|Rose Gold Joint has 20 seconds left.
|inactive|Rose Gold Joint has 15 seconds left.
|
|t:|1750713444
|move|p1b: Tornadus|Taunt|p2b: Iron Valiant
|-start|p2b: Iron Valiant|move: Taunt
|move|p2b: Iron Valiant|Icy Wind|p1a: Calyrex|[spread] p1a,p1b
|-resisted|p1a: Calyrex
|-crit|p1a: Calyrex
|-supereffective|p1b: Tornadus
|-damage|p1a: Calyrex|33/100
|-damage|p1b: Tornadus|80/100
|-unboost|p1a: Calyrex|spe|1
|-unboost|p1b: Tornadus|spe|1
|move|p2a: Landorus|Sludge Bomb|p1b: Tornadus
|-damage|p1b: Tornadus|26/100
|move|p1a: Calyrex|Glacial Lance|p2a: Landorus|[spread] p2a,p2b
|-supereffective|p2a: Landorus
|-damage|p2a: Landorus|0 fnt
|-damage|p2b: Iron Valiant|24/100
|faint|p2a: Landorus
|-ability|p1a: Calyrex|Chilling Neigh|boost
|-boost|p1a: Calyrex|atk|1
|
|upkeep
|inactive|Rose Gold Joint has 30 seconds left.
|inactive|Rose Gold Joint has 20 seconds left.
|
|t:|1750713483
|switch|p2a: Miraidon|Miraidon, L50|21/100
|-activate|p2a: Miraidon|ability: Hadron Engine
|turn|4
|inactive|Rose Gold Joint has 30 seconds left.
|inactive|Rose Gold Joint has 20 seconds left.
|
|t:|1750713523
|-end|p2b: Iron Valiant|Quark Drive|[silent]
|switch|p2b: Calyrex|Calyrex-Ice, L50|100/100
|-ability|p2b: Calyrex|As One
|-ability|p2b: Calyrex|Unnerve
|move|p2a: Miraidon|Volt Switch|p1b: Tornadus
|-supereffective|p1b: Tornadus
|-damage|p1b: Tornadus|0 fnt
|faint|p1b: Tornadus
|
|t:|1750713536
|switch|p2a: Iron Valiant|Iron Valiant, L50|24/100|[from] Volt Switch
|-activate|p2a: Iron Valiant|ability: Quark Drive
|-start|p2a: Iron Valiant|quarkdrivespe
|move|p1a: Calyrex|Glacial Lance|p2a: Iron Valiant|[spread] p2a,p2b
|-resisted|p2b: Calyrex
|-damage|p2a: Iron Valiant|0 fnt
|-damage|p2b: Calyrex|76/100
|faint|p2a: Iron Valiant
|-end|p2a: Iron Valiant|Quark Drive|[silent]
|-ability|p1a: Calyrex|Chilling Neigh|boost
|-boost|p1a: Calyrex|atk|1
|
|upkeep
|
|t:|1750713549
|switch|p2a: Miraidon|Miraidon, L50|21/100
|switch|p1b: Zamazenta|Zamazenta-Crowned, L50|100/100
|-ability|p1b: Zamazenta|Dauntless Shield|boost
|-boost|p1b: Zamazenta|def|1
|-activate|p2a: Miraidon|ability: Hadron Engine
|turn|5
|inactive|Rose Gold Joint has 30 seconds left.
|inactive|Rose Gold Joint has 20 seconds left.
|
|t:|1750713587
|-terastallize|p2a: Miraidon|Fairy
|move|p1b: Zamazenta|Body Press|p2a: Miraidon
|-resisted|p2a: Miraidon
|-damage|p2a: Miraidon|0 fnt
|faint|p2a: Miraidon
|move|p1a: Calyrex|Glacial Lance|p2b: Calyrex
|-resisted|p2b: Calyrex
|-damage|p2b: Calyrex|30/100
|move|p2b: Calyrex|Trick Room|p2b: Calyrex
|-fieldstart|move: Trick Room|[of] p2b: Calyrex
|
|-sideend|p1: Emirnent|move: Tailwind
|-fieldend|move: Electric Terrain
|upkeep
|turn|6
|-message|Rose Gold Joint forfeited.
|
|win|Emirnent
|raw|Emirnent's rating: 1750 &rarr; <strong>1763</strong><br />(+13 for winning)
|raw|Rose Gold Joint's rating: 1617 &rarr; <strong>1604</strong><br />(-13 for losing)
|l|☆Rose Gold Joint
|player|p2|
|l| Prasoooon
|l|☆Emirnent
|player|p1|
