|j|☆Mameon
|j|☆poppledinger
|t:|1750848673
|gametype|doubles
|player|p1|Mameon|red|1317
|player|p2|poppledinger|hiker-gen4|1334
|teamsize|p1|6
|teamsize|p2|6
|gen|9
|tier|[Gen 9] VGC 2025 Reg I
|rated|
|rule|Species Clause: Limit one of each Pokémon
|rule|Item Clause: Limit 1 of each item
|clearpoke
|poke|p1|Calyrex-Ice, L50|
|poke|p1|Scraggy, L50, M|
|poke|p1|Miraidon, L50|
|poke|p1|Farigiraf, L50, M|
|poke|p1|Iron Treads, L50|
|poke|p1|Iron Hands, L50|
|poke|p2|Calyrex-Ice, L50|
|poke|p2|Miraidon, L50|
|poke|p2|Grimmsnarl, L50, M|
|poke|p2|Incineroar, L50, F|
|poke|p2|Farigiraf, L50, M|
|poke|p2|Iron Hands, L50|
|teampreview|4
|inactive|Battle timer is ON: inactive players will automatically lose when time's up. (requested by Mameon)
|
|t:|1750848704
|start
|switch|p1a: Calyrex|Calyrex-Ice, L50|100/100
|switch|p1b: Scraggy|Scraggy, L50, M|100/100
|switch|p2a: Miraidon|Miraidon, L50|100/100
|switch|p2b: Grimmsnarl|Grimmsnarl, L50, M|100/100
|-ability|p1a: Calyrex|As One
|-ability|p1a: Calyrex|Unnerve
|-fieldstart|move: Electric Terrain|[from] ability: Hadron Engine|[of] p2a: Miraidon
|-ability|p1b: Scraggy|Intimidate|boost
|-unboost|p2a: Miraidon|atk|1
|-unboost|p2b: Grimmsnarl|atk|1
|turn|1
|
|t:|1750848728
|move|p1b: Scraggy|Fake Out|p2a: Miraidon
|-damage|p2a: Miraidon|93/100
|move|p2b: Grimmsnarl|Reflect|p2b: Grimmsnarl
|-sidestart|p2: poppledinger|Reflect
|cant|p2a: Miraidon|flinch
|move|p1a: Calyrex|Trick Room|p1a: Calyrex
|-fieldstart|move: Trick Room|[of] p1a: Calyrex
|
|upkeep
|turn|2
|
|t:|1750848750
|switch|p2a: Incineroar|Incineroar, L50, F|100/100
|-ability|p2a: Incineroar|Intimidate|boost
|-fail|p1a: Calyrex|unboost|[from] item: Clear Amulet|[of] p1a: Calyrex
|-unboost|p1b: Scraggy|atk|1
|move|p1a: Calyrex|Protect|p1a: Calyrex
|-singleturn|p1a: Calyrex|Protect
|move|p1b: Scraggy|Coaching|p1a: Calyrex
|-boost|p1a: Calyrex|atk|1
|-boost|p1a: Calyrex|def|1
|move|p2b: Grimmsnarl|Foul Play|p1a: Calyrex
|-activate|p1a: Calyrex|move: Protect
|
|upkeep
|turn|3
|inactive|Mameon has 30 seconds left.
|inactive|poppledinger has 30 seconds left.
|
|t:|1750848783
|move|p2a: Incineroar|Fake Out|p1a: Calyrex
|-damage|p1a: Calyrex|96/100
|move|p1b: Scraggy|Coaching|p1a: Calyrex
|-boost|p1a: Calyrex|atk|1
|-boost|p1a: Calyrex|def|1
|cant|p1a: Calyrex|flinch
|move|p2b: Grimmsnarl|Foul Play|p1a: Calyrex
|-supereffective|p1a: Calyrex
|-damage|p1a: Calyrex|15/100
|
|upkeep
|turn|4
|inactive|poppledinger has 30 seconds left.
|inactive|Mameon has 30 seconds left.
|
|t:|1750848818
|move|p2b: Grimmsnarl|Light Screen|p2b: Grimmsnarl
|-sidestart|p2: poppledinger|move: Light Screen
|move|p1b: Scraggy|Foul Play|p2a: Incineroar
|-resisted|p2a: Incineroar
|-damage|p2a: Incineroar|91/100
|move|p1a: Calyrex|Glacial Lance|p2a: Incineroar|[spread] p2a,p2b
|-resisted|p2a: Incineroar
|-damage|p2a: Incineroar|63/100
|-damage|p2b: Grimmsnarl|15/100
|move|p2a: Incineroar|Knock Off|p1a: Calyrex
|-supereffective|p1a: Calyrex
|-damage|p1a: Calyrex|0 fnt
|-enditem|p1a: Calyrex|Clear Amulet|[from] move: Knock Off|[of] p2a: Incineroar
|faint|p1a: Calyrex
|
|upkeep
|
|t:|1750848833
|switch|p1a: Iron Treads|Iron Treads, L50|100/100
|-activate|p1a: Iron Treads|ability: Quark Drive
|-start|p1a: Iron Treads|quarkdrivespe
|turn|5
|inactive|poppledinger has 30 seconds left.
|
|t:|1750848864
|move|p1a: Iron Treads|Protect|p1a: Iron Treads
|-singleturn|p1a: Iron Treads|Protect
|move|p1b: Scraggy|Foul Play|p2b: Grimmsnarl
|-resisted|p2b: Grimmsnarl
|-damage|p2b: Grimmsnarl|11/100
|move|p2a: Incineroar|Flare Blitz|p1a: Iron Treads
|-activate|p1a: Iron Treads|move: Protect
|move|p2b: Grimmsnarl|Foul Play|p1a: Iron Treads
|-activate|p1a: Iron Treads|move: Protect
|
|-fieldend|move: Trick Room
|-fieldend|move: Electric Terrain
|-end|p1a: Iron Treads|Quark Drive
|upkeep
|turn|6
|inactive|Mameon has 30 seconds left.
|inactive|Mameon has 20 seconds left.
|
|t:|1750848900
|move|p1a: Iron Treads|High Horsepower|p2a: Incineroar
|-supereffective|p2a: Incineroar
|-damage|p2a: Incineroar|3/100
|-damage|p1a: Iron Treads|91/100|[from] item: Life Orb
|move|p2b: Grimmsnarl|Foul Play|p1a: Iron Treads
|-damage|p1a: Iron Treads|53/100
|move|p2a: Incineroar|Flare Blitz|p1a: Iron Treads
|-supereffective|p1a: Iron Treads
|-damage|p1a: Iron Treads|0 fnt
|faint|p1a: Iron Treads
|-end|p1a: Iron Treads|Quark Drive|[silent]
|-damage|p2a: Incineroar|0 fnt|[from] Recoil
|faint|p2a: Incineroar
|move|p1b: Scraggy|Coaching|p1: Iron Treads|[notarget]
|-fail|p1b: Scraggy
|
|upkeep
|
|t:|1750848916
|switch|p1a: Miraidon|Miraidon, L50|100/100
|switch|p2a: Calyrex|Calyrex-Ice, L50|100/100
|-ability|p2a: Calyrex|As One
|-ability|p2a: Calyrex|Unnerve
|-fieldstart|move: Electric Terrain|[from] ability: Hadron Engine|[of] p1a: Miraidon
|turn|7
|
|t:|1750848929
|-terastallize|p1a: Miraidon|Fairy
|move|p2b: Grimmsnarl|Parting Shot|p1a: Miraidon
|-unboost|p1a: Miraidon|atk|1
|-unboost|p1a: Miraidon|spa|1
|
|t:|1750848933
|switch|p2b: Miraidon|Miraidon, L50|93/100|[from] Parting Shot
|-activate|p2b: Miraidon|ability: Hadron Engine
|move|p1a: Miraidon|Dazzling Gleam|p2a: Calyrex|[spread] p2a,p2b
|-supereffective|p2b: Miraidon
|-damage|p2a: Calyrex|82/100
|-damage|p2b: Miraidon|35/100
|move|p1b: Scraggy|Foul Play|p2a: Calyrex
|-supereffective|p2a: Calyrex
|-damage|p2a: Calyrex|35/100
|move|p2a: Calyrex|Trick Room|p2a: Calyrex
|-fieldstart|move: Trick Room|[of] p2a: Calyrex
|
|-heal|p2a: Calyrex|41/100|[from] item: Leftovers
|upkeep
|turn|8
|
|t:|1750848957
|-terastallize|p2b: Miraidon|Fairy
|move|p1b: Scraggy|Foul Play|p2a: Calyrex
|-supereffective|p2a: Calyrex
|-damage|p2a: Calyrex|0 fnt
|faint|p2a: Calyrex
|move|p1a: Miraidon|Dazzling Gleam|p2b: Miraidon
|-damage|p2b: Miraidon|0 fnt
|faint|p2b: Miraidon
|
|-sideend|p2: poppledinger|Reflect
|upkeep
|-message|poppledinger forfeited.
|
|win|Mameon
|raw|Mameon's rating: 1317 &rarr; <strong>1338</strong><br />(+21 for winning)
|raw|poppledinger's rating: 1334 &rarr; <strong>1313</strong><br />(-21 for losing)
|l|☆poppledinger
|player|p2|
