|j|☆thegreatestgalar
|j|☆Cdogp
|t:|1750804031
|gametype|doubles
|player|p1|thegreatestgalar|pokemonrangerf|1481
|player|p2|Cdogp|wattson|1544
|teamsize|p1|6
|teamsize|p2|6
|gen|9
|tier|[Gen 9] VGC 2025 Reg I
|rated|
|rule|Species Clause: Limit one of each Pokémon
|rule|Item Clause: Limit 1 of each item
|clearpoke
|poke|p1|Calyrex-Shadow, L50|
|poke|p1|Zamazenta-*, L50|
|poke|p1|Incineroar, L50, M|
|poke|p1|Raichu, L50, F|
|poke|p1|Gastrodon, L50, F|
|poke|p1|Stonjourner, L50, F|
|poke|p2|Zamazenta-*, L50|
|poke|p2|Calyrex-Shadow, L50|
|poke|p2|Tornadus, L50, M|
|poke|p2|Rillaboom, L50, F|
|poke|p2|Smeargle, L50, M|
|poke|p2|Raging Bolt, L50|
|teampreview|4
thegreatestgalar rejected open team sheets.
|inactive|Battle timer is ON: inactive players will automatically lose when time's up. (requested by thegreatestgalar)
|
|t:|1750804071
|start
|switch|p1a: Mr. Body Press|Zamazenta-Crowned, L50|100/100
|switch|p1b: Thor|Raichu, L50, F|100/100
|switch|p2a: Calyrex|Calyrex-Shadow, L50|100/100
|switch|p2b: Smeargle|Smeargle, L50, M|100/100
|-ability|p2a: Calyrex|As One
|-ability|p2a: Calyrex|Unnerve
|-ability|p1a: Mr. Body Press|Dauntless Shield|boost
|-boost|p1a: Mr. Body Press|def|1
|turn|1
|
|t:|1750804085
|move|p2b: Smeargle|Fake Out|p1b: Thor
|-damage|p1b: Thor|95/100
|cant|p1b: Thor|flinch
|move|p2a: Calyrex|Nasty Plot|p2a: Calyrex
|-boost|p2a: Calyrex|spa|2
|move|p1a: Mr. Body Press|Body Press|p2b: Smeargle
|-supereffective|p2b: Smeargle
|-enditem|p2b: Smeargle|Focus Sash
|-damage|p2b: Smeargle|1/100
|
|-ability|p2b: Smeargle|Moody|boost
|-boost|p2b: Smeargle|def|2
|-unboost|p2b: Smeargle|atk|1
|upkeep
|turn|2
|
|t:|1750804107
|move|p1a: Mr. Body Press|Wide Guard|p1a: Mr. Body Press
|-singleturn|p1a: Mr. Body Press|Wide Guard
|move|p2b: Smeargle|Follow Me|p2b: Smeargle
|-singleturn|p2b: Smeargle|move: Follow Me
|move|p1b: Thor|Feint|p2b: Smeargle
|-damage|p2b: Smeargle|0 fnt
|faint|p2b: Smeargle
|move|p2a: Calyrex|Psychic|p1b: Thor
|-damage|p1b: Thor|0 fnt
|faint|p1b: Thor
|-ability|p2a: Calyrex|Grim Neigh|boost
|-boost|p2a: Calyrex|spa|1
|-damage|p2a: Calyrex|91/100|[from] item: Life Orb
|
|upkeep
|
|t:|1750804116
|switch|p2b: Tornadus|Tornadus, L50, M|100/100
|switch|p1b: Da Horse|Calyrex-Shadow, L50|100/100
|-ability|p1b: Da Horse|As One
|-ability|p1b: Da Horse|Unnerve
|turn|3
|
|t:|1750804138
|-terastallize|p1b: Da Horse|Dark
|move|p1a: Mr. Body Press|Wide Guard|p1a: Mr. Body Press
|-singleturn|p1a: Mr. Body Press|Wide Guard
|move|p2b: Tornadus|Tailwind|p2b: Tornadus
|-sidestart|p2: Cdogp|move: Tailwind
|move|p2a: Calyrex|Psychic|p1a: Mr. Body Press
|-damage|p1a: Mr. Body Press|0 fnt
|faint|p1a: Mr. Body Press
|-ability|p2a: Calyrex|Grim Neigh|boost
|-boost|p2a: Calyrex|spa|1
|-damage|p2a: Calyrex|81/100|[from] item: Life Orb
|move|p1b: Da Horse|Astral Barrage|p2b: Tornadus|[spread] p2a,p2b
|-supereffective|p2a: Calyrex
|-damage|p2a: Calyrex|0 fnt
|-damage|p2b: Tornadus|46/100
|faint|p2a: Calyrex
|-ability|p1b: Da Horse|Grim Neigh|boost
|-boost|p1b: Da Horse|spa|1
|
|upkeep
|
|t:|1750804154
|switch|p2a: Zamazenta|Zamazenta-Crowned, L50|100/100
|switch|p1a: Stonjourner|Stonjourner, L50, F|100/100
|-ability|p2a: Zamazenta|Dauntless Shield|boost
|-boost|p2a: Zamazenta|def|1
|turn|4
|
|t:|1750804166
|move|p1b: Da Horse|Protect|p1b: Da Horse
|-singleturn|p1b: Da Horse|Protect
|move|p2b: Tornadus|Taunt|p1a: Stonjourner
|-start|p1a: Stonjourner|move: Taunt
|move|p2a: Zamazenta|Body Press|p1b: Da Horse
|-activate|p1b: Da Horse|move: Protect
|move|p1a: Stonjourner|Bulldoze|p2b: Tornadus|[spread] p2a
|-activate|p1b: Da Horse|move: Protect
|-immune|p2b: Tornadus
|-supereffective|p2a: Zamazenta
|-damage|p2a: Zamazenta|90/100
|-unboost|p2a: Zamazenta|spe|1
|
|upkeep
|turn|5
|inactive|thegreatestgalar has 30 seconds left.
|
|t:|1750804196
|move|p2b: Tornadus|Bleakwind Storm|p1b: Da Horse|[spread] p1a,p1b
|-resisted|p1a: Stonjourner
|-damage|p1a: Stonjourner|44/100
|-damage|p1b: Da Horse|59/100
|move|p1b: Da Horse|Psychic|p2b: Tornadus
|-damage|p2b: Tornadus|0 fnt
|faint|p2b: Tornadus
|-ability|p1b: Da Horse|Grim Neigh|boost
|-boost|p1b: Da Horse|spa|1
|move|p2a: Zamazenta|Body Press|p1b: Da Horse
|-supereffective|p1b: Da Horse
|-damage|p1b: Da Horse|0 fnt
|faint|p1b: Da Horse
|move|p1a: Stonjourner|Body Press|p2a: Zamazenta
|-supereffective|p2a: Zamazenta
|-damage|p2a: Zamazenta|67/100
|
|upkeep
|turn|6
|-message|thegreatestgalar forfeited.
|
|win|Cdogp
|raw|thegreatestgalar's rating: 1481 &rarr; <strong>1465</strong><br />(-16 for losing)
|raw|Cdogp's rating: 1544 &rarr; <strong>1560</strong><br />(+16 for winning)
|l|☆thegreatestgalar
|player|p1|
|l|☆Cdogp
|player|p2|
