|j|☆AngelilloVGC
|j|☆opsomelhordomundo
|t:|1750821070
|gametype|doubles
|player|p1|AngelilloVGC|2|1255
|player|p2|opsomelhordomundo|flannery|1229
|teamsize|p1|6
|teamsize|p2|6
|gen|9
|tier|[Gen 9] VGC 2025 Reg I
|rated|
|rule|Species Clause: Limit one of each Pokémon
|rule|Item Clause: Limit 1 of each item
|clearpoke
|poke|p1|Miraidon, L50|
|poke|p1|Kyurem-White, L50|
|poke|p1|Ninetales-Alola, L50, F|
|poke|p1|Rillaboom, L50, F|
|poke|p1|Suicune, L50|
|poke|p1|Incineroar, L50, F|
|poke|p2|Pachirisu, L50, M|
|poke|p2|Garchomp, L50, M|
|poke|p2|Incineroar, L50, M|
|poke|p2|Tornadus, L50, M|
|poke|p2|Terapagos, L50, M|
|poke|p2|Palkia, L50|
|teampreview|4
|inactive|Battle timer is ON: inactive players will automatically lose when time's up. (requested by opsomelhordomundo)
|
|t:|1750821098
|start
|switch|p1a: Incineroar|Incineroar, L50, F, shiny|100/100
|switch|p1b: Ninetales|Ninetales-Alola, L50, F|100/100
|switch|p2a: Pachirisu|Pachirisu, L50, M, shiny|100/100
|switch|p2b: Garchomp|Garchomp, L50, M|100/100
|-weather|Snowscape|[from] ability: Snow Warning|[of] p1b: Ninetales
|-ability|p1a: Incineroar|Intimidate|boost
|-unboost|p2a: Pachirisu|atk|1
|-unboost|p2b: Garchomp|atk|1
|turn|1
|
|t:|1750821114
|switch|p2b: Tornadus|Tornadus, L50, M|100/100
|move|p1a: Incineroar|Fake Out|p2a: Pachirisu
|-damage|p2a: Pachirisu|86/100
|move|p1b: Ninetales|Aurora Veil|p1b: Ninetales
|-sidestart|p1: AngelilloVGC|move: Aurora Veil
|cant|p2a: Pachirisu|flinch
|
|-weather|Snowscape|[upkeep]
|upkeep
|turn|2
|inactive|AngelilloVGC has 30 seconds left.
|inactive|opsomelhordomundo has 30 seconds left.
|inactive|AngelilloVGC has 20 seconds left.
|inactive|AngelilloVGC has 15 seconds left.
|inactive|AngelilloVGC has 10 seconds left.
|
|t:|1750821164
|move|p2b: Tornadus|Tailwind|p2b: Tornadus
|-sidestart|p2: opsomelhordomundo|move: Tailwind
|move|p2a: Pachirisu|Nuzzle|p1b: Ninetales
|-damage|p1b: Ninetales|99/100
|-status|p1b: Ninetales|par
|move|p1b: Ninetales|Icy Wind|p2a: Pachirisu|[spread] p2a,p2b
|-supereffective|p2b: Tornadus
|-damage|p2a: Pachirisu|72/100
|-damage|p2b: Tornadus|71/100
|-unboost|p2a: Pachirisu|spe|1
|move|p1a: Incineroar|Parting Shot|p2b: Tornadus
|-unboost|p2b: Tornadus|atk|1
|-unboost|p2b: Tornadus|spa|1
|
|t:|1750821178
|switch|p1a: Kyurem|Kyurem-White, L50, shiny|100/100|[from] Parting Shot
|-ability|p1a: Kyurem|Turboblaze
|
|-weather|Snowscape|[upkeep]
|upkeep
|turn|3
|
|t:|1750821191
|-terastallize|p1a: Kyurem|Ice
|move|p2b: Tornadus|Bleakwind Storm|p1a: Kyurem|[spread] p1a
|-miss|p2b: Tornadus|p1b: Ninetales
|-damage|p1a: Kyurem|86/100
|move|p2a: Pachirisu|Nuzzle|p1a: Kyurem
|-damage|p1a: Kyurem|84/100
|-status|p1a: Kyurem|par
|move|p1b: Ninetales|Icy Wind|p2b: Tornadus|[spread] p2a,p2b
|-supereffective|p2b: Tornadus
|-damage|p2a: Pachirisu|54/100
|-damage|p2b: Tornadus|41/100
|-unboost|p2a: Pachirisu|spe|1
|move|p1a: Kyurem|Blizzard|p2b: Tornadus|[spread] p2a,p2b
|-supereffective|p2b: Tornadus
|-damage|p2a: Pachirisu|0 fnt
|-damage|p2b: Tornadus|0 fnt
|faint|p2a: Pachirisu
|faint|p2b: Tornadus
|
|-weather|Snowscape|[upkeep]
|upkeep
|
|t:|1750821210
|switch|p2a: Garchomp|Garchomp, L50, M|100/100
|switch|p2b: Terapagos|Terapagos, L50, M|100/100
|-activate|p2b: Terapagos|ability: Tera Shift
|detailschange|p2b: Terapagos|Terapagos-Terastal, L50, M
|-heal|p2b: Terapagos|100/100|[silent]
|turn|4
|
|t:|1750821219
|-terastallize|p2b: Terapagos|Stellar
|detailschange|p2b: Terapagos|Terapagos-Stellar, L50, M, tera:Stellar
|-heal|p2b: Terapagos|100/100|[silent]
|-ability|p2b: Terapagos|Teraform Zero
|-weather|none
|move|p2a: Garchomp|Rock Slide|p1a: Kyurem|[spread] p1a,p1b
|-supereffective|p1a: Kyurem
|-supereffective|p1b: Ninetales
|-damage|p1a: Kyurem|58/100 par
|-damage|p1b: Ninetales|63/100 par
|move|p2b: Terapagos|Meteor Beam||[still]
|-prepare|p2b: Terapagos|Meteor Beam
|-boost|p2b: Terapagos|spa|1
|-enditem|p2b: Terapagos|Power Herb
|-anim|p2b: Terapagos|Meteor Beam|p1b: Ninetales
|-supereffective|p1b: Ninetales
|-damage|p1b: Ninetales|0 fnt
|faint|p1b: Ninetales
|cant|p1a: Kyurem|par
|
|upkeep
|
|t:|1750821241
|switch|p1b: Suicune|Suicune, L50, shiny|100/100
|turn|5
|
|t:|1750821249
|switch|p1a: Incineroar|Incineroar, L50, F, shiny|100/100
|-ability|p1a: Incineroar|Intimidate|boost
|-unboost|p2a: Garchomp|atk|1
|-unboost|p2b: Terapagos|atk|1
|move|p2a: Garchomp|Rock Slide|p1b: Suicune|[spread] p1b
|-miss|p2a: Garchomp|p1a: Incineroar
|-damage|p1b: Suicune|94/100
|move|p2b: Terapagos|Tera Starstorm|p1a: Incineroar|[spread] p1a,p1b
|-damage|p1a: Incineroar|67/100
|-damage|p1b: Suicune|66/100
|move|p1b: Suicune|Snarl|p2b: Terapagos|[spread] p2a,p2b
|-damage|p2a: Garchomp|90/100
|-damage|p2b: Terapagos|94/100
|-unboost|p2a: Garchomp|spa|1
|-unboost|p2b: Terapagos|spa|1
|
|-heal|p1b: Suicune|72/100|[from] item: Leftovers
|-sideend|p2: opsomelhordomundo|move: Tailwind
|upkeep
|turn|6
|
|t:|1750821268
|move|p2b: Terapagos|Protect|p2b: Terapagos
|-singleturn|p2b: Terapagos|Protect
|move|p1a: Incineroar|Fake Out|p2a: Garchomp
|-damage|p2a: Garchomp|80/100
|-damage|p1a: Incineroar|54/100|[from] ability: Rough Skin|[of] p2a: Garchomp
|cant|p2a: Garchomp|flinch
|move|p1b: Suicune|Tailwind|p1b: Suicune
|-sidestart|p1: AngelilloVGC|move: Tailwind
|
|-heal|p1b: Suicune|77/100|[from] item: Leftovers
|upkeep
|turn|7
|
|t:|1750821284
|move|p1b: Suicune|Snarl|p2b: Terapagos|[spread] p2a,p2b
|-damage|p2a: Garchomp|70/100
|-damage|p2b: Terapagos|89/100
|-unboost|p2a: Garchomp|spa|1
|-unboost|p2b: Terapagos|spa|1
|move|p2a: Garchomp|Rock Slide|p1a: Incineroar|[spread] p1a
|-miss|p2a: Garchomp|p1b: Suicune
|-supereffective|p1a: Incineroar
|-damage|p1a: Incineroar|38/100
|cant|p1a: Incineroar|flinch
|move|p2b: Terapagos|Tera Starstorm|p1b: Suicune|[spread] p1a,p1b
|-crit|p1b: Suicune
|-damage|p1a: Incineroar|24/100
|-damage|p1b: Suicune|37/100
|
|-heal|p1b: Suicune|43/100|[from] item: Leftovers
|upkeep
|turn|8
|
|t:|1750821302
|move|p2b: Terapagos|Protect|p2b: Terapagos
|-singleturn|p2b: Terapagos|Protect
|move|p1b: Suicune|Snarl|p2b: Terapagos|[spread] p2a
|-activate|p2b: Terapagos|move: Protect
|-damage|p2a: Garchomp|60/100
|-unboost|p2a: Garchomp|spa|1
|move|p2a: Garchomp|Rock Slide|p1b: Suicune|[spread] p1b
|-miss|p2a: Garchomp|p1a: Incineroar
|-damage|p1b: Suicune|36/100
|move|p1a: Incineroar|Parting Shot|p2b: Terapagos
|-activate|p2b: Terapagos|move: Protect
|
|-heal|p1b: Suicune|42/100|[from] item: Leftovers
|-sideend|p1: AngelilloVGC|move: Aurora Veil
|upkeep
|turn|9
|
|t:|1750821319
|move|p1b: Suicune|Snarl|p2a: Garchomp|[spread] p2a,p2b
|-damage|p2a: Garchomp|50/100
|-damage|p2b: Terapagos|83/100
|-unboost|p2a: Garchomp|spa|1
|-unboost|p2b: Terapagos|spa|1
|move|p2a: Garchomp|Rock Slide|p1a: Incineroar|[spread] p1a,p1b
|-supereffective|p1a: Incineroar
|-damage|p1a: Incineroar|0 fnt
|-damage|p1b: Suicune|32/100
|faint|p1a: Incineroar
|move|p2b: Terapagos|Tera Starstorm|p1b: Suicune
|-damage|p1b: Suicune|14/100
|
|-heal|p1b: Suicune|20/100|[from] item: Leftovers
|-sideend|p1: AngelilloVGC|move: Tailwind
|upkeep
|inactive|AngelilloVGC has 30 seconds left.
|
|t:|1750821350
|switch|p1a: Kyurem|Kyurem-White, L50, shiny, tera:Ice|58/100 par
|-ability|p1a: Kyurem|Turboblaze
|turn|10
|
|t:|1750821364
|move|p2a: Garchomp|Rock Slide|p1b: Suicune|[spread] p1b
|-miss|p2a: Garchomp|p1a: Kyurem
|-damage|p1b: Suicune|11/100
|move|p2b: Terapagos|Tera Starstorm|p1a: Kyurem|[spread] p1a,p1b
|-supereffective|p1a: Kyurem
|-damage|p1a: Kyurem|18/100 par
|-damage|p1b: Suicune|0 fnt
|faint|p1b: Suicune
|cant|p1a: Kyurem|par
|
|upkeep
|turn|11
|-message|AngelilloVGC forfeited.
|
|win|opsomelhordomundo
|raw|AngelilloVGC's rating: 1255 &rarr; <strong>1228</strong><br />(-27 for losing)
|raw|opsomelhordomundo's rating: 1229 &rarr; <strong>1256</strong><br />(+27 for winning)
|l|☆AngelilloVGC
|player|p1|
|l|☆opsomelhordomundo
|player|p2|
