|j|☆TheMexicanTaco0.6
|j|☆Memlonnn
|t:|1750832958
|gametype|doubles
|player|p1|TheMexicanTaco0.6|2|1055
|player|p2|Memlonnn|shauntal|1128
|teamsize|p1|6
|teamsize|p2|6
|gen|9
|tier|[Gen 9] VGC 2025 Reg I
|rated|
|rule|Species Clause: Limit one of each Pokémon
|rule|Item Clause: Limit 1 of each item
|clearpoke
|poke|p1|Mamoswine, L50, M|
|poke|p1|Tyranitar, L50, M|
|poke|p1|Incineroar, L50, M|
|poke|p1|Amoonguss, L50, F|
|poke|p1|Dialga, L50|
|poke|p1|Farigiraf, L50, M|
|poke|p2|Clefairy, L50, M|
|poke|p2|Calyrex-Ice, L50|
|poke|p2|Chandelure, L50, F|
|poke|p2|Kyogre, L50|
|poke|p2|Archaludon, L50, F|
|poke|p2|Incineroar, L50, F|
|teampreview|4
|inactive|Battle timer is ON: inactive players will automatically lose when time's up. (requested by Memlonnn)
Memlonnn has agreed to open team sheets.
|inactive|TheMexicanTaco0.6 has 60 seconds left.
|
|t:|1750832995
|start
|switch|p1a: Tyranitar|Tyranitar, L50, M, shiny|100/100
|switch|p1b: Mamoswine|Mamoswine, L50, M, shiny|100/100
|switch|p2a: Ballin|Incineroar, L50, F, shiny|100/100
|switch|p2b: Ado|Chandelure, L50, F, shiny|100/100
|-weather|Sandstorm|[from] ability: Sand Stream|[of] p1a: Tyranitar
|-ability|p2a: Ballin|Intimidate|boost
|-unboost|p1a: Tyranitar|atk|1
|-unboost|p1b: Mamoswine|atk|1
|turn|1
|inactive|Memlonnn has 30 seconds left.
|
|t:|1750833025
|move|p2a: Ballin|Fake Out|p1a: Tyranitar
|-resisted|p1a: Tyranitar
|-damage|p1a: Tyranitar|96/100
|move|p1b: Mamoswine|Haze|p1b: Mamoswine
|-clearallboost
|cant|p1a: Tyranitar|flinch
|move|p2b: Ado|Trick Room|p2b: Ado
|-fieldstart|move: Trick Room|[of] p2b: Ado
|-enditem|p2b: Ado|Room Service
|-unboost|p2b: Ado|spe|1|[from] item: Room Service
|
|-weather|Sandstorm|[upkeep]
|-damage|p2b: Ado|95/100|[from] Sandstorm
|upkeep
|turn|2
|
|t:|1750833047
|move|p1b: Mamoswine|Protect|p1b: Mamoswine
|-singleturn|p1b: Mamoswine|Protect
|move|p2b: Ado|Flamethrower|p1b: Mamoswine
|-activate|p1b: Mamoswine|move: Protect
|move|p1a: Tyranitar|Stealth Rock|p2b: Ado
|-sidestart|p2: Memlonnn|move: Stealth Rock
|move|p2a: Ballin|Parting Shot|p1a: Tyranitar
|-unboost|p1a: Tyranitar|atk|1
|-unboost|p1a: Tyranitar|spa|1
|
|t:|1750833060
|switch|p2a: Waterslide|Kyogre, L50, shiny|100/100|[from] Parting Shot
|-damage|p2a: Waterslide|88/100|[from] Stealth Rock
|-weather|RainDance|[from] ability: Drizzle|[of] p2a: Waterslide
|
|-weather|RainDance|[upkeep]
|upkeep
|turn|3
|
|t:|1750833078
|switch|p2a: Ballin|Incineroar, L50, F, shiny|100/100
|-damage|p2a: Ballin|76/100|[from] Stealth Rock
|-ability|p2a: Ballin|Intimidate|boost
|-unboost|p1a: Tyranitar|atk|1
|-unboost|p1b: Mamoswine|atk|1
|move|p2b: Ado|Flamethrower|p1b: Mamoswine
|-supereffective|p1b: Mamoswine
|-damage|p1b: Mamoswine|81/100
|move|p1b: Mamoswine|Haze|p1b: Mamoswine
|-clearallboost
|move|p1a: Tyranitar|Dragon Tail|p2a: Ballin
|-damage|p2a: Ballin|58/100
|drag|p2a: Poke|Calyrex-Ice, L50|100/100
|-ability|p2a: Poke|As One
|-ability|p2a: Poke|Unnerve
|-damage|p2a: Poke|76/100|[from] Stealth Rock
|
|-weather|RainDance|[upkeep]
|-heal|p1b: Mamoswine|87/100|[from] item: Leftovers
|upkeep
|turn|4
|inactive|TheMexicanTaco0.6 has 30 seconds left.
|inactive|Memlonnn has 30 seconds left.
|
|t:|1750833108
|move|p2a: Poke|High Horsepower|p1a: Tyranitar
|-supereffective|p1a: Tyranitar
|-damage|p1a: Tyranitar|3/100
|-damage|p2a: Poke|66/100|[from] item: Life Orb
|move|p2b: Ado|Shadow Ball|p1b: Mamoswine
|-damage|p1b: Mamoswine|55/100
|move|p1b: Mamoswine|Knock Off|p2b: Ado
|-supereffective|p2b: Ado
|-damage|p2b: Ado|55/100
|move|p1a: Tyranitar|Dragon Tail|p2a: Poke
|-damage|p2a: Poke|51/100
|drag|p2a: Ballin|Incineroar, L50, F, shiny|58/100
|-damage|p2a: Ballin|33/100|[from] Stealth Rock
|-ability|p2a: Ballin|Intimidate|boost
|-unboost|p1a: Tyranitar|atk|1
|-unboost|p1b: Mamoswine|atk|1
|
|-weather|RainDance|[upkeep]
|-heal|p1b: Mamoswine|61/100|[from] item: Leftovers
|upkeep
|turn|5
|
|t:|1750833133
|move|p2a: Ballin|Fake Out|p1a: Tyranitar
|-resisted|p1a: Tyranitar
|-damage|p1a: Tyranitar|0 fnt
|faint|p1a: Tyranitar
|move|p1b: Mamoswine|Haze|p1b: Mamoswine
|-clearallboost
|move|p2b: Ado|Shadow Ball|p1b: Mamoswine
|-damage|p1b: Mamoswine|30/100
|
|-weather|RainDance|[upkeep]
|-heal|p1b: Mamoswine|36/100|[from] item: Leftovers
|-fieldend|move: Trick Room
|upkeep
|
|t:|1750833147
|switch|p1a: Incineroar|Incineroar, L50, M, shiny|100/100
|-ability|p1a: Incineroar|Intimidate|boost
|-unboost|p2a: Ballin|atk|1
|-unboost|p2b: Ado|atk|1
|turn|6
|
|t:|1750833162
|move|p1b: Mamoswine|Protect|p1b: Mamoswine
|-singleturn|p1b: Mamoswine|Protect
|move|p2b: Ado|Protect|p2b: Ado
|-singleturn|p2b: Ado|Protect
|move|p2a: Ballin|Flare Blitz|p1b: Mamoswine
|-activate|p1b: Mamoswine|move: Protect
|move|p1a: Incineroar|Darkest Lariat|p2b: Ado
|-activate|p2b: Ado|move: Protect
|
|-weather|none
|-heal|p1b: Mamoswine|42/100|[from] item: Leftovers
|upkeep
|turn|7
|inactive|TheMexicanTaco0.6 has 30 seconds left.
|inactive|TheMexicanTaco0.6 has 20 seconds left.
|
|t:|1750833199
|-terastallize|p1a: Incineroar|Bug
|move|p1a: Incineroar|Helping Hand|p1b: Mamoswine
|-singleturn|p1b: Mamoswine|Helping Hand|[of] p1a: Incineroar
|move|p2b: Ado|Flamethrower|p1b: Mamoswine
|-supereffective|p1b: Mamoswine
|-damage|p1b: Mamoswine|8/100
|move|p1b: Mamoswine|Bulldoze|p2a: Ballin|[spread] p1a,p2a,p2b
|-resisted|p1a: Incineroar
|-supereffective|p2a: Ballin
|-supereffective|p2b: Ado
|-damage|p1a: Incineroar|90/100
|-damage|p2a: Ballin|0 fnt
|-damage|p2b: Ado|0 fnt
|-unboost|p1a: Incineroar|spe|1
|faint|p2a: Ballin
|faint|p2b: Ado
|
|-heal|p1b: Mamoswine|14/100|[from] item: Leftovers
|upkeep
|
|t:|1750833216
|switch|p2b: Waterslide|Kyogre, L50, shiny|88/100
|switch|p2a: Poke|Calyrex-Ice, L50|51/100
|-ability|p2a: Poke|As One
|-ability|p2a: Poke|Unnerve
|-damage|p2b: Waterslide|76/100|[from] Stealth Rock
|-weather|RainDance|[from] ability: Drizzle|[of] p2b: Waterslide
|-damage|p2a: Poke|26/100|[from] Stealth Rock
|turn|8
|
|t:|1750833239
|-terastallize|p2b: Waterslide|Water
|move|p1b: Mamoswine|Protect|p1b: Mamoswine
|-singleturn|p1b: Mamoswine|Protect
|move|p2a: Poke|Protect|p2a: Poke
|-singleturn|p2a: Poke|Protect
|move|p2b: Waterslide|Origin Pulse|p1b: Mamoswine|[spread] p1a
|-activate|p1b: Mamoswine|move: Protect
|-damage|p1a: Incineroar|1/100
|move|p1a: Incineroar|Parting Shot|p2b: Waterslide
|-unboost|p2b: Waterslide|atk|1
|-unboost|p2b: Waterslide|spa|1
|
|t:|1750833253
|switch|p1a: Dialga|Dialga, L50, shiny|100/100|[from] Parting Shot
|
|-weather|RainDance|[upkeep]
|-heal|p1b: Mamoswine|20/100|[from] item: Leftovers
|upkeep
|turn|9
|
|t:|1750833272
|move|p2b: Waterslide|Origin Pulse|p1a: Dialga|[spread] p1b
|-miss|p2b: Waterslide|p1a: Dialga
|-supereffective|p1b: Mamoswine
|-damage|p1b: Mamoswine|0 fnt
|faint|p1b: Mamoswine
|move|p1a: Dialga|Flash Cannon|p2a: Poke
|-supereffective|p2a: Poke
|-damage|p2a: Poke|0 fnt
|faint|p2a: Poke
|
|-weather|RainDance|[upkeep]
|upkeep
|
|t:|1750833283
|switch|p1b: Incineroar|Incineroar, L50, M, shiny, tera:Bug|1/100
|-ability|p1b: Incineroar|Intimidate|boost
|-unboost|p2b: Waterslide|atk|1
|turn|10
|
|t:|1750833299
|move|p1b: Incineroar|Fake Out|p2b: Waterslide
|-damage|p2b: Waterslide|66/100
|cant|p2b: Waterslide|flinch
|move|p1a: Dialga|Flash Cannon|p2b: Waterslide
|-resisted|p2b: Waterslide
|-damage|p2b: Waterslide|49/100
|
|-weather|RainDance|[upkeep]
|upkeep
|turn|11
|
|t:|1750833311
|move|p1b: Incineroar|Helping Hand|p1a: Dialga
|-singleturn|p1a: Dialga|Helping Hand|[of] p1b: Incineroar
|move|p2b: Waterslide|Origin Pulse|p1a: Dialga|[spread] p1a,p1b
|-resisted|p1a: Dialga
|-damage|p1a: Dialga|81/100
|-damage|p1b: Incineroar|0 fnt
|faint|p1b: Incineroar
|move|p1a: Dialga|Draco Meteor|p2b: Waterslide
|-crit|p2b: Waterslide
|-damage|p2b: Waterslide|0 fnt
|-unboost|p1a: Dialga|spa|2
|faint|p2b: Waterslide
|
|win|TheMexicanTaco0.6
|raw|TheMexicanTaco0.6's rating: 1055 &rarr; <strong>1093</strong><br />(+38 for winning)
|raw|Memlonnn's rating: 1128 &rarr; <strong>1098</strong><br />(-30 for losing)
|l|☆Memlonnn
|player|p2|
|l|☆TheMexicanTaco0.6
|player|p1|
