|j|☆G_Abiera
|j|☆ogiphone
|t:|1750825150
|gametype|doubles
|player|p1|G_Abiera|265|1200
|player|p2|ogiphone|sage|1155
|teamsize|p1|6
|teamsize|p2|6
|gen|9
|tier|[Gen 9] VGC 2025 Reg I
|rated|
|rule|Species Clause: Limit one of each Pokémon
|rule|Item Clause: Limit 1 of each item
|clearpoke
|poke|p1|Miraidon, L50|
|poke|p1|Calyrex-Ice, L50|
|poke|p1|Garganacl, L50, F|
|poke|p1|Farigiraf, L50, F|
|poke|p1|Iron Hands, L50|
|poke|p1|Grimmsnarl, L50, M|
|poke|p2|Lunala, L50|
|poke|p2|Koraidon, L50|
|poke|p2|Charizard, L50, F|
|poke|p2|Brute Bonnet, L50|
|poke|p2|Raging Bolt, L50|
|poke|p2|Ogerpon-Cornerstone, L50, F|
|teampreview|4
|inactive|Battle timer is ON: inactive players will automatically lose when time's up. (requested by ogiphone)
|inactive|ogiphone has 60 seconds left.
|
|t:|1750825186
|start
|switch|p1a: Iron Serpent|Miraidon, L50|100/100
|switch|p1b: Tom Daley 5|Grimmsnarl, L50, M, shiny|100/100
|switch|p2a: Koraidon|Koraidon, L50|100/100
|switch|p2b: Ogerpon|Ogerpon-Cornerstone, L50, F|100/100
|-weather|SunnyDay|[from] ability: Orichalcum Pulse|[of] p2a: Koraidon
|-activate|p2a: Koraidon|Orichalcum Pulse|[source]
|-fieldstart|move: Electric Terrain|[from] ability: Hadron Engine|[of] p1a: Iron Serpent
|turn|1
|inactive|ogiphone has 30 seconds left.
|inactive|ogiphone has 20 seconds left.
|inactive|ogiphone has 15 seconds left.
|
|t:|1750825227
|move|p2a: Koraidon|Protect|p2a: Koraidon
|-singleturn|p2a: Koraidon|Protect
|move|p1b: Tom Daley 5|Thunder Wave|p2a: Koraidon
|-activate|p2a: Koraidon|move: Protect
|move|p1a: Iron Serpent|Volt Switch|p2a: Koraidon
|-activate|p2a: Koraidon|move: Protect
|move|p2b: Ogerpon|Ivy Cudgel|p1a: Iron Serpent|[anim] Ivy Cudgel Rock
|-crit|p1a: Iron Serpent
|-damage|p1a: Iron Serpent|18/100
|
|-weather|SunnyDay|[upkeep]
|upkeep
|turn|2
|inactive|ogiphone has 30 seconds left.
|
|t:|1750825254
|switch|p2a: Raging Bolt|Raging Bolt, L50|100/100
|-activate|p2a: Raging Bolt|ability: Protosynthesis
|-start|p2a: Raging Bolt|protosynthesisspa
|move|p2b: Ogerpon|Spiky Shield|p2b: Ogerpon
|-singleturn|p2b: Ogerpon|move: Protect
|move|p1b: Tom Daley 5|Thunder Wave|p2a: Raging Bolt
|-immune|p2a: Raging Bolt
|move|p1a: Iron Serpent|Volt Switch|p2a: Raging Bolt
|-resisted|p2a: Raging Bolt
|-damage|p2a: Raging Bolt|79/100
|
|t:|1750825268
|switch|p1a: Ice Rider|Calyrex-Ice, L50|100/100|[from] Volt Switch
|-ability|p1a: Ice Rider|As One
|-ability|p1a: Ice Rider|Unnerve
|
|-weather|SunnyDay|[upkeep]
|-heal|p2a: Raging Bolt|85/100|[from] item: Leftovers
|upkeep
|turn|3
|inactive|ogiphone has 30 seconds left.
|
|t:|1750825297
|move|p2a: Raging Bolt|Thunderclap||[still]
|-fail|p2a: Raging Bolt
|move|p1b: Tom Daley 5|Reflect|p1b: Tom Daley 5
|-sidestart|p1: G_Abiera|Reflect
|move|p2b: Ogerpon|Ivy Cudgel|p1b: Tom Daley 5|[anim] Ivy Cudgel Rock
|-damage|p1b: Tom Daley 5|57/100
|move|p1a: Ice Rider|Glacial Lance|p2b: Ogerpon|[spread] p2a,p2b
|-supereffective|p2a: Raging Bolt
|-supereffective|p2b: Ogerpon
|-damage|p2a: Raging Bolt|0 fnt
|-ability|p2b: Ogerpon|Sturdy
|-damage|p2b: Ogerpon|1/100
|faint|p2a: Raging Bolt
|-end|p2a: Raging Bolt|Protosynthesis|[silent]
|-ability|p1a: Ice Rider|Chilling Neigh|boost
|-boost|p1a: Ice Rider|atk|1
|
|-weather|SunnyDay|[upkeep]
|upkeep
|
|t:|1750825308
|switch|p2a: Koraidon|Koraidon, L50|100/100
|-activate|p2a: Koraidon|ability: Orichalcum Pulse
|turn|4
|inactive|G_Abiera has 30 seconds left.
|
|t:|1750825340
|-terastallize|p2a: Koraidon|Fire
|-terastallize|p1a: Ice Rider|Fire
|move|p2b: Ogerpon|Spiky Shield|p2b: Ogerpon
|-singleturn|p2b: Ogerpon|move: Protect
|move|p2a: Koraidon|Flare Blitz|p1b: Tom Daley 5
|-damage|p1b: Tom Daley 5|0 fnt
|faint|p1b: Tom Daley 5
|-damage|p2a: Koraidon|79/100|[from] Recoil
|-damage|p2a: Koraidon|69/100|[from] item: Life Orb
|move|p1a: Ice Rider|Trick Room|p1a: Ice Rider
|-fieldstart|move: Trick Room|[of] p1a: Ice Rider
|
|-weather|SunnyDay|[upkeep]
|upkeep
|
|t:|1750825353
|switch|p1b: Gaby Halili|Garganacl, L50, F, shiny|100/100
|turn|5
|
|t:|1750825365
|move|p2b: Ogerpon|Follow Me|p2b: Ogerpon
|-singleturn|p2b: Ogerpon|move: Follow Me
|move|p1b: Gaby Halili|Salt Cure|p2b: Ogerpon
|-crit|p2b: Ogerpon
|-damage|p2b: Ogerpon|0 fnt
|faint|p2b: Ogerpon
|move|p1a: Ice Rider|Glacial Lance|p2a: Koraidon
|-resisted|p2a: Koraidon
|-damage|p2a: Koraidon|11/100
|move|p2a: Koraidon|Close Combat|p1b: Gaby Halili
|-supereffective|p1b: Gaby Halili
|-damage|p1b: Gaby Halili|0 fnt
|-unboost|p2a: Koraidon|def|1
|-unboost|p2a: Koraidon|spd|1
|faint|p1b: Gaby Halili
|-damage|p2a: Koraidon|1/100|[from] item: Life Orb
|
|-weather|none
|-fieldend|move: Electric Terrain
|upkeep
|
|t:|1750825384
|switch|p1b: Iron Serpent|Miraidon, L50|18/100
|switch|p2b: Lunala|Lunala, L50|100/100
|-fieldstart|move: Electric Terrain|[from] ability: Hadron Engine|[of] p1b: Iron Serpent
|turn|6
|
|t:|1750825401
|move|p2a: Koraidon|Protect|p2a: Koraidon
|-singleturn|p2a: Koraidon|Protect
|move|p1a: Ice Rider|High Horsepower|p2a: Koraidon
|-activate|p2a: Koraidon|move: Protect
|move|p2b: Lunala|Meteor Beam||[still]
|-prepare|p2b: Lunala|Meteor Beam
|-boost|p2b: Lunala|spa|1
|-enditem|p2b: Lunala|Power Herb
|-anim|p2b: Lunala|Meteor Beam|p1b: Iron Serpent
|-damage|p1b: Iron Serpent|0 fnt
|faint|p1b: Iron Serpent
|
|upkeep
|turn|7
|
|t:|1750825424
|move|p2b: Lunala|Wide Guard|p2b: Lunala
|-singleturn|p2b: Lunala|Wide Guard
|move|p1a: Ice Rider|Glacial Lance|p2b: Lunala|[spread] 
|-activate|p2a: Koraidon|move: Wide Guard
|-activate|p2b: Lunala|move: Wide Guard
|move|p2a: Koraidon|Close Combat|p1a: Ice Rider
|-damage|p1a: Ice Rider|67/100
|-unboost|p2a: Koraidon|def|1
|-unboost|p2a: Koraidon|spd|1
|-damage|p2a: Koraidon|0 fnt|[from] item: Life Orb
|faint|p2a: Koraidon
|
|upkeep
|turn|8
|-message|G_Abiera forfeited.
|
|win|ogiphone
|raw|G_Abiera's rating: 1200 &rarr; <strong>1172</strong><br />(-28 for losing)
|raw|ogiphone's rating: 1155 &rarr; <strong>1183</strong><br />(+28 for winning)
|l|☆ogiphone
|player|p2|
