|j|☆qupieqwert
|j|☆Killerwolf83
|t:|1750781630
|gametype|doubles
|player|p1|qupieqwert|169|1069
|player|p2|Killerwolf83|101|1100
|teamsize|p1|6
|teamsize|p2|6
|gen|9
|tier|[Gen 9] VGC 2025 Reg I
|rated|
|rule|Species Clause: Limit one of each Pokémon
|rule|Item Clause: Limit 1 of each item
|clearpoke
|poke|p1|Muk-Alola, L50, F|
|poke|p1|Ogerpon-Wellspring, L50, F|
|poke|p1|Flutter Mane, L50|
|poke|p1|Koraidon, L50|
|poke|p1|Grimmsnarl, L50, M|
|poke|p1|Salazzle, L50, F|
|poke|p2|Koraidon, L50|
|poke|p2|Terapagos, L50, M|
|poke|p2|Flutter Mane, L50|
|poke|p2|Smeargle, L50, F|
|poke|p2|Ogerpon-Wellspring, L50, F|
|poke|p2|Grimmsnarl, L50, M|
|teampreview|4
|inactive|Battle timer is ON: inactive players will automatically lose when time's up. (requested by qupieqwert)
qupieqwert has agreed to open team sheets.
|
|t:|1750781704
|start
|switch|p1a: Muk|Muk-Alola, L50, F|100/100
|switch|p1b: Salazzle|Salazzle, L50, F|100/100
|switch|p2a: Flutter Mane|Flutter Mane, L50, shiny|100/100
|switch|p2b: Grimmsnarl|Grimmsnarl, L50, M, shiny|100/100
|-enditem|p2a: Flutter Mane|Booster Energy
|-activate|p2a: Flutter Mane|ability: Protosynthesis|[fromitem]
|-start|p2a: Flutter Mane|protosynthesisspe
|turn|1
|inactive|qupieqwert has 30 seconds left.
|inactive|qupieqwert has 20 seconds left.
|inactive|qupieqwert has 15 seconds left.
|inactive|qupieqwert has 10 seconds left.
|inactive|qupieqwert has 5 seconds left.
|
|t:|1750781755
|move|p2a: Flutter Mane|Protect|p2a: Flutter Mane
|-singleturn|p2a: Flutter Mane|Protect
|move|p2b: Grimmsnarl|Light Screen|p2b: Grimmsnarl
|-sidestart|p2: Killerwolf83|move: Light Screen
|move|p1b: Salazzle|Venoshock|p2a: Flutter Mane
|-activate|p2a: Flutter Mane|move: Protect
|move|p1a: Muk|Poison Gas|p2a: Flutter Mane|[spread] p2b
|-activate|p2a: Flutter Mane|move: Protect
|-status|p2b: Grimmsnarl|psn
|
|-damage|p2b: Grimmsnarl|88/100 psn|[from] psn
|upkeep
|turn|2
|inactive|qupieqwert has 30 seconds left.
|inactive|Killerwolf83 has 30 seconds left.
|inactive|qupieqwert has 20 seconds left.
|
|t:|1750781790
|move|p2a: Flutter Mane|Dazzling Gleam|p1a: Muk|[spread] p1a,p1b
|-resisted|p1b: Salazzle
|-damage|p1a: Muk|80/100
|-damage|p1b: Salazzle|85/100
|move|p1b: Salazzle|Venoshock|p2b: Grimmsnarl
|-supereffective|p2b: Grimmsnarl
|-damage|p2b: Grimmsnarl|0 fnt
|faint|p2b: Grimmsnarl
|move|p1a: Muk|Poison Jab|p2a: Flutter Mane
|-damage|p2a: Flutter Mane|39/100
|-status|p2a: Flutter Mane|psn|[from] ability: Poison Touch|[of] p1a: Muk
|
|-heal|p1a: Muk|86/100|[from] item: Black Sludge
|-damage|p2a: Flutter Mane|26/100 psn|[from] psn
|upkeep
|
|t:|1750781798
|switch|p2b: Koraidon|Koraidon, L50|100/100
|-weather|SunnyDay|[from] ability: Orichalcum Pulse|[of] p2b: Koraidon
|-activate|p2b: Koraidon|Orichalcum Pulse|[source]
|turn|3
|inactive|qupieqwert has 30 seconds left.
|inactive|qupieqwert has 20 seconds left.
|inactive|qupieqwert has 15 seconds left.
|inactive|qupieqwert has 10 seconds left.
|
|t:|1750781846
|-terastallize|p1b: Salazzle|Flying
|move|p2b: Koraidon|Protect|p2b: Koraidon
|-singleturn|p2b: Koraidon|Protect
|move|p2a: Flutter Mane|Shadow Ball|p1b: Salazzle
|-damage|p1b: Salazzle|9/100
|move|p1b: Salazzle|Acrobatics|p2b: Koraidon
|-activate|p2b: Koraidon|move: Protect
|move|p1a: Muk|Minimize|p1a: Muk
|-boost|p1a: Muk|evasion|2
|
|-weather|SunnyDay|[upkeep]
|-heal|p1a: Muk|92/100|[from] item: Black Sludge
|-damage|p2a: Flutter Mane|14/100 psn|[from] psn
|upkeep
|turn|4
|inactive|qupieqwert has 30 seconds left.
|
|t:|1750781875
|move|p2a: Flutter Mane|Dazzling Gleam|p1b: Salazzle|[spread] p1a,p1b
|-crit|p1a: Muk
|-damage|p1a: Muk|61/100
|-damage|p1b: Salazzle|0 fnt
|faint|p1b: Salazzle
|move|p2b: Koraidon|Flame Charge|p1a: Muk|[miss]
|-miss|p2b: Koraidon|p1a: Muk
|move|p1a: Muk|Poison Gas|p2a: Flutter Mane|[spread] p2b
|-miss|p1a: Muk|p2a: Flutter Mane
|-status|p2b: Koraidon|psn
|
|-weather|SunnyDay|[upkeep]
|-heal|p1a: Muk|67/100|[from] item: Black Sludge
|-damage|p2a: Flutter Mane|2/100 psn|[from] psn
|-damage|p2b: Koraidon|88/100 psn|[from] psn
|upkeep
|
|t:|1750781899
|switch|p1b: Koraidon|Koraidon, L50|100/100
|-activate|p1b: Koraidon|ability: Orichalcum Pulse
|turn|5
|
|t:|1750781909
|move|p1b: Koraidon|Protect|p1b: Koraidon
|-singleturn|p1b: Koraidon|Protect
|move|p2a: Flutter Mane|Shadow Ball|p1b: Koraidon
|-activate|p1b: Koraidon|move: Protect
|move|p2b: Koraidon|Close Combat|p1b: Koraidon
|-activate|p1b: Koraidon|move: Protect
|move|p1a: Muk|Poison Jab|p2b: Koraidon
|-damage|p2b: Koraidon|61/100 psn
|
|-weather|SunnyDay|[upkeep]
|-heal|p1a: Muk|73/100|[from] item: Black Sludge
|-damage|p2a: Flutter Mane|0 fnt|[from] psn
|faint|p2a: Flutter Mane
|-end|p2a: Flutter Mane|Protosynthesis|[silent]
|-damage|p2b: Koraidon|48/100 psn|[from] psn
|upkeep
|
|t:|1750781911
|switch|p2a: Terapagos|Terapagos, L50, M|100/100
|-activate|p2a: Terapagos|ability: Tera Shift
|detailschange|p2a: Terapagos|Terapagos-Terastal, L50, M
|-heal|p2a: Terapagos|100/100|[silent]
|turn|6
|l|☆qupieqwert
|inactive|qupieqwert disconnected and has a minute to reconnect!
|player|p1|
|inactive|qupieqwert has 30 seconds left.
|inactive|Killerwolf83 has 30 seconds left.
|inactive|qupieqwert has 20 seconds left.
|inactive|qupieqwert has 15 seconds left.
|j|☆qupieqwert
|inactive|qupieqwert reconnected and has 15 seconds left.
|player|p1|qupieqwert|169|
|inactive|qupieqwert has 10 seconds left.
|inactive|qupieqwert has 5 seconds left.
|
|t:|1750781963
|move|p2a: Terapagos|Protect|p2a: Terapagos
|-singleturn|p2a: Terapagos|Protect
|move|p1b: Koraidon|Close Combat|p2a: Terapagos
|-activate|p2a: Terapagos|move: Protect
|move|p2b: Koraidon|Close Combat|p1b: Koraidon
|-damage|p1b: Koraidon|0 fnt
|-unboost|p2b: Koraidon|def|1
|-unboost|p2b: Koraidon|spd|1
|faint|p1b: Koraidon
|-damage|p2b: Koraidon|39/100 psn|[from] item: Life Orb
|move|p1a: Muk|Poison Gas|p2b: Koraidon|[spread] 
|-activate|p2a: Terapagos|move: Protect
|-fail|p2b: Koraidon|psn
|
|-weather|SunnyDay|[upkeep]
|-heal|p1a: Muk|79/100|[from] item: Black Sludge
|-damage|p2b: Koraidon|26/100 psn|[from] psn
|upkeep
|l|☆Killerwolf83
|inactive|Killerwolf83 disconnected and has a minute to reconnect!
|player|p2|
|
|t:|1750781983
|switch|p1b: Flutter Mane|Flutter Mane, L50|100/100
|-activate|p1b: Flutter Mane|ability: Protosynthesis
|-start|p1b: Flutter Mane|protosynthesisspe
|turn|7
|inactive|Killerwolf83 has 30 seconds left.
|inactive|Killerwolf83 has 20 seconds left.
|inactive|Killerwolf83 has 15 seconds left.
|inactive|Killerwolf83 has 10 seconds left.
|inactive|Killerwolf83 has 5 seconds left.
|-message|Killerwolf83 lost due to inactivity.
|
|win|qupieqwert
|raw|qupieqwert's rating: 1069 &rarr; <strong>1101</strong><br />(+32 for winning)
|raw|Killerwolf83's rating: 1100 &rarr; <strong>1073</strong><br />(-27 for losing)
|l|☆qupieqwert
|player|p1|
