|j|☆johnkharkiv
|j|☆lilianoleg
|t:|1750764099
|gametype|doubles
|player|p1|johnkharkiv|swimmerf-gen4dp|1096
|player|p2|lilianoleg|2|1169
|teamsize|p1|6
|teamsize|p2|6
|gen|9
|tier|[Gen 9] VGC 2025 Reg I
|rated|
|rule|Species Clause: Limit one of each Pokémon
|rule|Item Clause: Limit 1 of each item
|clearpoke
|poke|p1|Ho-Oh, L50|
|poke|p1|Annihilape, L50, F|
|poke|p1|Electivire, L50, F|
|poke|p1|Whimsicott, L50, F|
|poke|p1|Indeedee-F, L50, F|
|poke|p1|Miraidon, L50|
|poke|p2|Calyrex-Shadow, L50|
|poke|p2|Incineroar, L50, F|
|poke|p2|Chien-Pao, L50|
|poke|p2|Zamazenta-*, L50|
|poke|p2|Urshifu-*, L50, F|
|poke|p2|Raging Bolt, L50|
|teampreview|4
|
|t:|1750764133
|start
|switch|p1a: Annihilape|Annihilape, L50, F, shiny|100/100
|switch|p1b: Indeedee|Indeedee-F, L50, F, shiny|100/100
|switch|p2a: diego|Chien-Pao, L50|100/100
|switch|p2b: petit tonnerre|Calyrex-Shadow, L50|100/100
|-ability|p2b: petit tonnerre|As One
|-ability|p2b: petit tonnerre|Unnerve
|-ability|p2a: diego|Sword of Ruin
|-fieldstart|move: Psychic Terrain|[from] ability: Psychic Surge|[of] p1b: Indeedee
|turn|1
|
|t:|1750764162
|move|p2b: petit tonnerre|Protect|p2b: petit tonnerre
|-singleturn|p2b: petit tonnerre|Protect
|move|p2a: diego|Ice Shard|p1a: Annihilape
|-activate|p1a: Annihilape|move: Psychic Terrain
|move|p1a: Annihilape|Shadow Claw|p2b: petit tonnerre
|-activate|p2b: petit tonnerre|move: Protect
|move|p1b: Indeedee|Trick Room|p1b: Indeedee
|-fieldstart|move: Trick Room|[of] p1b: Indeedee
|
|upkeep
|turn|2
|
|t:|1750764177
|switch|p2b: le chieng|Incineroar, L50, F|100/100
|-ability|p2b: le chieng|Intimidate|boost
|-unboost|p1a: Annihilape|atk|1
|-ability|p1a: Annihilape|Defiant|boost
|-boost|p1a: Annihilape|atk|2
|-unboost|p1b: Indeedee|atk|1
|move|p1b: Indeedee|Follow Me|p1b: Indeedee
|-singleturn|p1b: Indeedee|move: Follow Me
|move|p2a: diego|Ice Spinner|p1b: Indeedee
|-damage|p1b: Indeedee|52/100
|-damage|p2a: diego|84/100|[from] item: Rocky Helmet|[of] p1b: Indeedee
|-fieldend|move: Psychic Terrain
|move|p1a: Annihilape|Shadow Claw|p2b: le chieng
|-resisted|p2b: le chieng
|-crit|p2b: le chieng
|-damage|p2b: le chieng|58/100
|-damage|p1a: Annihilape|84/100|[from] item: Rocky Helmet|[of] p2b: le chieng
|
|upkeep
|turn|3
|
|t:|1750764201
|switch|p1b: Miraidon|Miraidon, L50|100/100
|-fieldstart|move: Electric Terrain|[from] ability: Hadron Engine|[of] p1b: Miraidon
|switch|p1a: Ho-Oh|Ho-Oh, L50, shiny|100/100
|move|p2a: diego|Protect|p2a: diego
|-singleturn|p2a: diego|Protect
|move|p2b: le chieng|Knock Off|p1a: Ho-Oh
|-damage|p1a: Ho-Oh|46/100
|-enditem|p1a: Ho-Oh|Assault Vest|[from] move: Knock Off|[of] p2b: le chieng
|
|upkeep
|turn|4
|inactive|Battle timer is ON: inactive players will automatically lose when time's up. (requested by johnkharkiv)
|
|t:|1750764247
|-terastallize|p2a: diego|Stellar
|move|p2b: le chieng|Parting Shot|p1b: Miraidon
|-unboost|p1b: Miraidon|atk|1
|-unboost|p1b: Miraidon|spa|1
|
|t:|1750764255
|switch|p2b: petit tonnerre|Calyrex-Shadow, L50|100/100|[from] Parting Shot
|-ability|p2b: petit tonnerre|As One
|-ability|p2b: petit tonnerre|Unnerve
|move|p1a: Ho-Oh|Flame Charge|p2a: diego
|-supereffective|p2a: diego
|-damage|p2a: diego|6/100
|-boost|p1a: Ho-Oh|spe|1
|move|p1b: Miraidon|Volt Switch|p2b: petit tonnerre
|-damage|p2b: petit tonnerre|44/100
|-damage|p1b: Miraidon|91/100|[from] item: Life Orb
|
|t:|1750764269
|switch|p1b: Indeedee|Indeedee-F, L50, F, shiny|52/100|[from] Volt Switch
|-fieldstart|move: Psychic Terrain|[from] ability: Psychic Surge|[of] p1b: Indeedee
|move|p2a: diego|Ice Spinner|p1b: Indeedee
|-damage|p1b: Indeedee|0 fnt
|-damage|p2a: diego|0 fnt|[from] item: Rocky Helmet|[of] p1b: Indeedee
|faint|p1b: Indeedee
|faint|p2a: diego
|
|upkeep
|
|t:|1750764283
|switch|p1b: Miraidon|Miraidon, L50|91/100
|switch|p2a: le chieng|Incineroar, L50, F|58/100
|-ability|p2a: le chieng|Intimidate|boost
|-unboost|p1a: Ho-Oh|atk|1
|-unboost|p1b: Miraidon|atk|1
|-fieldstart|move: Electric Terrain|[from] ability: Hadron Engine|[of] p1b: Miraidon
|turn|5
|
|t:|1750764307
|move|p2b: petit tonnerre|Protect|p2b: petit tonnerre
|-singleturn|p2b: petit tonnerre|Protect
|move|p2a: le chieng|Fake Out|p1b: Miraidon
|-damage|p1b: Miraidon|80/100
|cant|p1b: Miraidon|flinch
|move|p1a: Ho-Oh|Flame Charge|p2b: petit tonnerre
|-activate|p2b: petit tonnerre|move: Protect
|
|-fieldend|move: Trick Room
|upkeep
|turn|6
|
|t:|1750764323
|move|p2b: petit tonnerre|Astral Barrage|p1a: Ho-Oh|[spread] p1a,p1b
|-damage|p1a: Ho-Oh|2/100
|-damage|p1b: Miraidon|21/100
|move|p1a: Ho-Oh|Flame Charge|p2b: petit tonnerre
|-damage|p2b: petit tonnerre|24/100
|-boost|p1a: Ho-Oh|spe|1
|move|p1b: Miraidon|Volt Switch|p2b: petit tonnerre
|-damage|p2b: petit tonnerre|0 fnt
|faint|p2b: petit tonnerre
|-damage|p1b: Miraidon|11/100|[from] item: Life Orb
|
|t:|1750764326
|switch|p1b: Annihilape|Annihilape, L50, F, shiny|84/100|[from] Volt Switch
|move|p2a: le chieng|Knock Off|p1b: Annihilape
|-damage|p1b: Annihilape|49/100
|-enditem|p1b: Annihilape|Choice Scarf|[from] move: Knock Off|[of] p2a: le chieng
|
|upkeep
|
|t:|1750764341
|switch|p2b: Zamazenta|Zamazenta-Crowned, L50|100/100
|-ability|p2b: Zamazenta|Dauntless Shield|boost
|-boost|p2b: Zamazenta|def|1
|turn|7
|
|t:|1750764356
|move|p2b: Zamazenta|Protect|p2b: Zamazenta
|-singleturn|p2b: Zamazenta|Protect
|move|p1a: Ho-Oh|Sacred Fire|p2b: Zamazenta
|-activate|p2b: Zamazenta|move: Protect
|move|p1b: Annihilape|Brick Break|p2a: le chieng
|-supereffective|p2a: le chieng
|-damage|p2a: le chieng|1/100
|-damage|p1b: Annihilape|32/100|[from] item: Rocky Helmet|[of] p2a: le chieng
|move|p2a: le chieng|Knock Off|p1a: Ho-Oh
|-damage|p1a: Ho-Oh|0 fnt
|faint|p1a: Ho-Oh
|
|upkeep
|
|t:|1750764359
|switch|p1a: Miraidon|Miraidon, L50|11/100
|-activate|p1a: Miraidon|ability: Hadron Engine
|turn|8
|inactive|lilianoleg has 30 seconds left.
|
|t:|1750764387
|move|p1a: Miraidon|Protect|p1a: Miraidon
|-singleturn|p1a: Miraidon|Protect
|move|p2b: Zamazenta|Heavy Slam|p1b: Annihilape
|-damage|p1b: Annihilape|0 fnt
|faint|p1b: Annihilape
|move|p2a: le chieng|Knock Off|p1a: Miraidon
|-activate|p1a: Miraidon|move: Protect
|
|upkeep
|turn|9
|
|t:|1750764399
|-terastallize|p1a: Miraidon|Electric
|move|p1a: Miraidon|Discharge|p2a: le chieng|[spread] p2a,p2b
|-damage|p2a: le chieng|0 fnt
|-damage|p2b: Zamazenta|28/100
|-status|p2b: Zamazenta|par
|faint|p2a: le chieng
|-damage|p1a: Miraidon|2/100|[from] item: Life Orb
|cant|p2b: Zamazenta|par
|
|-fieldend|move: Electric Terrain
|upkeep
|turn|10
|
|t:|1750764413
|move|p1a: Miraidon|Discharge|p2b: Zamazenta
|-damage|p2b: Zamazenta|0 fnt
|faint|p2b: Zamazenta
|-damage|p1a: Miraidon|0 fnt|[from] item: Life Orb
|faint|p1a: Miraidon
|
|win|johnkharkiv
|raw|johnkharkiv's rating: 1096 &rarr; <strong>1127</strong><br />(+31 for winning)
|raw|lilianoleg's rating: 1169 &rarr; <strong>1139</strong><br />(-30 for losing)
|c|☆lilianoleg|nooooo
|c|☆lilianoleg|gg
|l|☆lilianoleg
|player|p2|
