|j|☆Troll con perish
|j|☆NewAccount12346
|t:|1750750082
|gametype|doubles
|player|p1|Troll con perish|266|1148
|player|p2|NewAccount12346|hiker-gen4|1112
|teamsize|p1|6
|teamsize|p2|4
|gen|9
|tier|[Gen 9] VGC 2025 Reg I
|rated|
|rule|Species Clause: Limit one of each Pokémon
|rule|Item Clause: Limit 1 of each item
|clearpoke
|poke|p1|Politoed, L50, M|
|poke|p1|Ludicolo, L50, M|
|poke|p1|Gothitelle, L50, F|
|poke|p1|Hitmontop, L50, M|
|poke|p1|Calyrex-Ice, L50|
|poke|p1|Flutter Mane, L50|
|poke|p2|Miraidon, L50|
|poke|p2|Stonjourner, L50, F|
|poke|p2|Golduck, L50, M|
|poke|p2|Zamazenta-*, L50|
|teampreview|4
|inactive|Battle timer is ON: inactive players will automatically lose when time's up. (requested by NewAccount12346)
|inactive|Troll con perish also wants the timer to be on.
Troll con perish rejected open team sheets.
|
|t:|1750750098
|start
|switch|p1a: FAVORITE CHILD:D|Politoed, L50, M|100/100
|switch|p1b: ITS NOT A PHASE!|Gothitelle, L50, F|100/100
|switch|p2a: Miraidon|Miraidon, L50|100/100
|switch|p2b: Stonjourner|Stonjourner, L50, F|100/100
|-fieldstart|move: Electric Terrain|[from] ability: Hadron Engine|[of] p2a: Miraidon
|-weather|RainDance|[from] ability: Drizzle|[of] p1a: FAVORITE CHILD:D
|turn|1
|
|t:|1750750121
|move|p2b: Stonjourner|Protect|p2b: Stonjourner
|-singleturn|p2b: Stonjourner|Protect
|move|p1b: ITS NOT A PHASE!|Fake Out|p2a: Miraidon
|-damage|p2a: Miraidon|94/100
|cant|p2a: Miraidon|flinch
|move|p1a: FAVORITE CHILD:D|Perish Song|p1a: FAVORITE CHILD:D
|-start|p1a: FAVORITE CHILD:D|perish3|[silent]
|-start|p1b: ITS NOT A PHASE!|perish3|[silent]
|-start|p2a: Miraidon|perish3|[silent]
|-start|p2b: Stonjourner|perish3|[silent]
|-fieldactivate|move: Perish Song
|
|-weather|RainDance|[upkeep]
|-start|p2a: Miraidon|perish3
|-start|p1a: FAVORITE CHILD:D|perish3
|-start|p2b: Stonjourner|perish3
|-start|p1b: ITS NOT A PHASE!|perish3
|upkeep
|turn|2
|
|t:|1750750144
|move|p1a: FAVORITE CHILD:D|Protect|p1a: FAVORITE CHILD:D
|-singleturn|p1a: FAVORITE CHILD:D|Protect
|move|p2b: Stonjourner|Protect|p2b: Stonjourner
|-singleturn|p2b: Stonjourner|Protect
|move|p1b: ITS NOT A PHASE!|Protect|p1b: ITS NOT A PHASE!
|-singleturn|p1b: ITS NOT A PHASE!|Protect
|move|p2a: Miraidon|Volt Switch|p2b: Stonjourner
|-activate|p2b: Stonjourner|move: Protect
|
|-weather|RainDance|[upkeep]
|-start|p2a: Miraidon|perish2
|-start|p1a: FAVORITE CHILD:D|perish2
|-start|p2b: Stonjourner|perish2
|-start|p1b: ITS NOT A PHASE!|perish2
|upkeep
|turn|3
|c|☆NewAccount12346|omg im stupid lmao
|inactive|Troll con perish has 30 seconds left.
|
|t:|1750750172
|switch|p1a: YOUR REQUIM;)|Flutter Mane, L50, shiny|100/100
|move|p2a: Miraidon|Volt Switch|p1a: YOUR REQUIM;)
|-enditem|p1a: YOUR REQUIM;)|Focus Sash
|-damage|p1a: YOUR REQUIM;)|1/100
|
|t:|1750750183
|switch|p2a: Golduck|Golduck, L50, M|100/100|[from] Volt Switch
|-ability|p2a: Golduck|Cloud Nine
|move|p2b: Stonjourner|Stone Edge|p1b: ITS NOT A PHASE!
|-damage|p1b: ITS NOT A PHASE!|65/100
|move|p1b: ITS NOT A PHASE!|Trick Room|p1b: ITS NOT A PHASE!
|-fieldstart|move: Trick Room|[of] p1b: ITS NOT A PHASE!
|
|-weather|RainDance|[upkeep]
|-start|p1b: ITS NOT A PHASE!|perish1
|-start|p2b: Stonjourner|perish1
|upkeep
|turn|4
|
|t:|1750750206
|switch|p1b: FAVORITE CHILD:D|Politoed, L50, M|100/100
|move|p2b: Stonjourner|Protect|p2b: Stonjourner
|-singleturn|p2b: Stonjourner|Protect
|move|p1a: YOUR REQUIM;)|Protect|p1a: YOUR REQUIM;)
|-singleturn|p1a: YOUR REQUIM;)|Protect
|move|p2a: Golduck|Flip Turn|p1a: YOUR REQUIM;)
|-activate|p1a: YOUR REQUIM;)|move: Protect
|
|-weather|RainDance|[upkeep]
|-start|p2b: Stonjourner|perish0
|faint|p2b: Stonjourner
|upkeep
|
|t:|1750750219
|switch|p2b: Miraidon|Miraidon, L50|94/100
|-activate|p2b: Miraidon|ability: Hadron Engine
|turn|5
|
|t:|1750750231
|-end|p1a: YOUR REQUIM;)|Protosynthesis|[silent]
|switch|p1a: 321.LET IT RIP!!!|Hitmontop, L50, M, shiny|100/100
|-ability|p1a: 321.LET IT RIP!!!|Intimidate|boost
|-unboost|p2a: Golduck|atk|1
|-unboost|p2b: Miraidon|atk|1
|-terastallize|p1b: FAVORITE CHILD:D|Grass
|move|p1b: FAVORITE CHILD:D|Perish Song|p1b: FAVORITE CHILD:D
|-start|p1a: 321.LET IT RIP!!!|perish3|[silent]
|-start|p1b: FAVORITE CHILD:D|perish3|[silent]
|-start|p2a: Golduck|perish3|[silent]
|-start|p2b: Miraidon|perish3|[silent]
|-fieldactivate|move: Perish Song
|move|p2b: Miraidon|Volt Switch|p1b: FAVORITE CHILD:D
|-resisted|p1b: FAVORITE CHILD:D
|-damage|p1b: FAVORITE CHILD:D|67/100
|
|t:|1750750241
|switch|p2b: Zamazenta|Zamazenta-Crowned, L50|100/100|[from] Volt Switch
|-ability|p2b: Zamazenta|Dauntless Shield|boost
|-boost|p2b: Zamazenta|def|1
|move|p2a: Golduck|Flip Turn|p1a: 321.LET IT RIP!!!
|-damage|p1a: 321.LET IT RIP!!!|90/100
|-enditem|p1a: 321.LET IT RIP!!!|Eject Button
|
|t:|1750750249
|switch|p1a: ITS NOT A PHASE!|Gothitelle, L50, F|65/100
|
|-weather|none
|-heal|p1b: FAVORITE CHILD:D|73/100|[from] item: Leftovers
|-start|p1b: FAVORITE CHILD:D|perish3
|-start|p2a: Golduck|perish3
|-fieldend|move: Electric Terrain
|upkeep
|turn|6
|
|t:|1750750264
|switch|p1b: YOUR REQUIM;)|Flutter Mane, L50, shiny|1/100
|move|p1a: ITS NOT A PHASE!|Fake Out|p2a: Golduck
|-damage|p2a: Golduck|92/100
|move|p2b: Zamazenta|Iron Defense|p2b: Zamazenta
|-boost|p2b: Zamazenta|def|2
|cant|p2a: Golduck|flinch
|
|-start|p2a: Golduck|perish2
|upkeep
|turn|7
|
|t:|1750750282
|-end|p1b: YOUR REQUIM;)|Protosynthesis|[silent]
|switch|p1b: 321.LET IT RIP!!!|Hitmontop, L50, M, shiny|90/100
|-ability|p1b: 321.LET IT RIP!!!|Intimidate|boost
|-unboost|p2a: Golduck|atk|1
|-unboost|p2b: Zamazenta|atk|1
|move|p1a: ITS NOT A PHASE!|Protect|p1a: ITS NOT A PHASE!
|-singleturn|p1a: ITS NOT A PHASE!|Protect
|move|p2b: Zamazenta|Heavy Slam|p1a: ITS NOT A PHASE!
|-activate|p1a: ITS NOT A PHASE!|move: Protect
|move|p2a: Golduck|Flip Turn|p1b: 321.LET IT RIP!!!
|-damage|p1b: 321.LET IT RIP!!!|83/100
|
|t:|1750750293
|switch|p2a: Miraidon|Miraidon, L50|94/100|[from] Flip Turn
|-fieldstart|move: Electric Terrain|[from] ability: Hadron Engine|[of] p2a: Miraidon
|
|-fieldend|move: Trick Room
|upkeep
|turn|8
|inactive|NewAccount12346 has 30 seconds left.
|
|t:|1750750320
|switch|p1b: YOUR REQUIM;)|Flutter Mane, L50, shiny|1/100
|move|p1a: ITS NOT A PHASE!|Fake Out||[still]
|-hint|Fake Out only works on your first turn out.
|-fail|p1a: ITS NOT A PHASE!
|move|p2a: Miraidon|Volt Switch|p1a: ITS NOT A PHASE!
|-damage|p1a: ITS NOT A PHASE!|0 fnt
|faint|p1a: ITS NOT A PHASE!
|
|t:|1750750328
|switch|p2a: Golduck|Golduck, L50, M|92/100|[from] Volt Switch
|-ability|p2a: Golduck|Cloud Nine
|move|p2b: Zamazenta|Heavy Slam|p1b: YOUR REQUIM;)
|-supereffective|p1b: YOUR REQUIM;)
|-damage|p1b: YOUR REQUIM;)|0 fnt
|faint|p1b: YOUR REQUIM;)
|-end|p1b: YOUR REQUIM;)|Protosynthesis|[silent]
|
|upkeep
|-message|Troll con perish forfeited.
|
|win|NewAccount12346
|raw|Troll con perish's rating: 1148 &rarr; <strong>1120</strong><br />(-28 for losing)
|raw|NewAccount12346's rating: 1112 &rarr; <strong>1140</strong><br />(+28 for winning)
|l|☆Troll con perish
|player|p1|
|l|☆NewAccount12346
|player|p2|
