|j|☆entei enthusiast
|j|☆1shing1
|t:|1750825026
|gametype|doubles
|player|p1|entei enthusiast|brycen|1425
|player|p2|1shing1|265|1364
|teamsize|p1|6
|teamsize|p2|6
|gen|9
|tier|[Gen 9] VGC 2025 Reg I
|rated|
|rule|Species Clause: Limit one of each Pokémon
|rule|Item Clause: Limit 1 of each item
|clearpoke
|poke|p1|Calyrex-Ice, L50|
|poke|p1|Miraidon, L50|
|poke|p1|Ursaluna-Bloodmoon, L50, M|
|poke|p1|Grimmsnarl, L50, M|
|poke|p1|Volcarona, L50, F|
|poke|p1|Incineroar, L50, M|
|poke|p2|Lunala, L50|
|poke|p2|Ho-Oh, L50|
|poke|p2|Rillaboom, L50, M|
|poke|p2|Amoonguss, L50, M|
|poke|p2|Zoroark-Hisui, L50, M|
|poke|p2|Swampert, L50, M|
|teampreview|4
|
|t:|1750825061
|start
|switch|p1a: Calyrex|Calyrex-Ice, L50|100/100
|switch|p1b: Miraidon|Miraidon, L50|100/100
|switch|p2a: Lunala|Lunala, L50|100/100
|switch|p2b: Rillaboom|Rillaboom, L50, M|100/100
|-ability|p1a: Calyrex|As One
|-ability|p1a: Calyrex|Unnerve
|-fieldstart|move: Electric Terrain|[from] ability: Hadron Engine|[of] p1b: Miraidon
|-enditem|p1a: Calyrex|Electric Seed
|-boost|p1a: Calyrex|def|1|[from] item: Electric Seed
|-fieldstart|move: Grassy Terrain|[from] ability: Grassy Surge|[of] p2b: Rillaboom
|turn|1
|
|t:|1750825083
|switch|p1b: Grimmsnarl|Grimmsnarl, L50, M|100/100
|-terastallize|p1a: Calyrex|Fire
|move|p2b: Rillaboom|Fake Out|p1b: Grimmsnarl
|-damage|p1b: Grimmsnarl|89/100
|move|p2a: Lunala|Calm Mind|p2a: Lunala
|-boost|p2a: Lunala|spa|1
|-boost|p2a: Lunala|spd|1
|move|p1a: Calyrex|Leech Seed|p2a: Lunala|[miss]
|-miss|p1a: Calyrex|p2a: Lunala
|
|-heal|p1b: Grimmsnarl|95/100|[from] Grassy Terrain
|upkeep
|turn|2
|
|t:|1750825097
|move|p1b: Grimmsnarl|Light Screen|p1b: Grimmsnarl
|-sidestart|p1: entei enthusiast|move: Light Screen
|move|p2b: Rillaboom|U-turn|p1b: Grimmsnarl
|-damage|p1b: Grimmsnarl|77/100
|
|t:|1750825101
|switch|p2b: Ho-Oh|Ho-Oh, L50|100/100|[from] U-turn
|move|p2a: Lunala|Dazzling Gleam|p1a: Calyrex|[spread] p1a,p1b
|-resisted|p1a: Calyrex
|-supereffective|p1b: Grimmsnarl
|-damage|p1a: Calyrex|93/100
|-damage|p1b: Grimmsnarl|36/100
|move|p1a: Calyrex|Glacial Lance|p2b: Ho-Oh|[spread] p2a,p2b
|-damage|p2a: Lunala|75/100
|-damage|p2b: Ho-Oh|62/100
|
|-heal|p2a: Lunala|81/100|[from] Grassy Terrain
|-heal|p2a: Lunala|87/100|[from] item: Leftovers
|-heal|p1b: Grimmsnarl|42/100|[from] Grassy Terrain
|-heal|p1a: Calyrex|99/100|[from] Grassy Terrain
|upkeep
|turn|3
|
|t:|1750825124
|move|p2a: Lunala|Protect|p2a: Lunala
|-singleturn|p2a: Lunala|Protect
|move|p1b: Grimmsnarl|Reflect|p1b: Grimmsnarl
|-sidestart|p1: entei enthusiast|Reflect
|move|p2b: Ho-Oh|Sacred Fire|p1b: Grimmsnarl
|-damage|p1b: Grimmsnarl|13/100
|move|p1a: Calyrex|Leech Seed|p2a: Lunala
|-activate|p2a: Lunala|move: Protect
|
|-heal|p2a: Lunala|93/100|[from] Grassy Terrain
|-heal|p2a: Lunala|99/100|[from] item: Leftovers
|-heal|p1b: Grimmsnarl|19/100|[from] Grassy Terrain
|-heal|p1a: Calyrex|100/100|[from] Grassy Terrain
|upkeep
|turn|4
|
|t:|1750825139
|move|p1b: Grimmsnarl|Thunder Wave|p2a: Lunala
|-status|p2a: Lunala|par
|move|p2b: Ho-Oh|Sacred Fire|p1b: Grimmsnarl
|-damage|p1b: Grimmsnarl|0 fnt
|faint|p1b: Grimmsnarl
|move|p1a: Calyrex|Glacial Lance|p2b: Ho-Oh|[spread] p2a,p2b
|-damage|p2a: Lunala|54/100 par
|-damage|p2b: Ho-Oh|24/100
|move|p2a: Lunala|Moongeist Beam|p1a: Calyrex
|-damage|p1a: Calyrex|67/100
|
|-heal|p1a: Calyrex|72/100|[from] Grassy Terrain
|-heal|p2a: Lunala|61/100 par|[from] Grassy Terrain
|-heal|p2a: Lunala|67/100 par|[from] item: Leftovers
|upkeep
|
|t:|1750825150
|switch|p1b: Ursaluna|Ursaluna-Bloodmoon, L50, M|100/100
|turn|5
|
|t:|1750825163
|switch|p2b: Swampert|Swampert, L50, M|100/100
|move|p2a: Lunala|Protect|p2a: Lunala
|-singleturn|p2a: Lunala|Protect
|move|p1a: Calyrex|Leech Seed|p2a: Lunala
|-activate|p2a: Lunala|move: Protect
|move|p1b: Ursaluna|Blood Moon|p2b: Swampert
|-damage|p2b: Swampert|24/100
|
|-heal|p2b: Swampert|29/100|[from] Grassy Terrain
|-heal|p1a: Calyrex|78/100|[from] Grassy Terrain
|-heal|p2a: Lunala|73/100 par|[from] Grassy Terrain
|-heal|p2a: Lunala|79/100 par|[from] item: Leftovers
|-fieldend|move: Grassy Terrain
|upkeep
|turn|6
|
|t:|1750825192
|move|p2b: Swampert|Flip Turn|p1a: Calyrex
|-supereffective|p1a: Calyrex
|-damage|p1a: Calyrex|52/100
|
|t:|1750825199
|switch|p2b: Rillaboom|Rillaboom, L50, M|100/100|[from] Flip Turn
|-fieldstart|move: Grassy Terrain|[from] ability: Grassy Surge|[of] p2b: Rillaboom
|move|p1a: Calyrex|Glacial Lance|p2b: Rillaboom|[spread] p2a,p2b
|-supereffective|p2b: Rillaboom
|-damage|p2a: Lunala|31/100 par
|-damage|p2b: Rillaboom|0 fnt
|faint|p2b: Rillaboom
|-ability|p1a: Calyrex|Chilling Neigh|boost
|-boost|p1a: Calyrex|atk|1
|move|p2a: Lunala|Moongeist Beam|p1a: Calyrex
|-damage|p1a: Calyrex|17/100
|move|p1b: Ursaluna|Earth Power|p2a: Lunala
|-damage|p2a: Lunala|4/100 par
|
|-heal|p1a: Calyrex|23/100|[from] Grassy Terrain
|-heal|p2a: Lunala|10/100 par|[from] Grassy Terrain
|-heal|p2a: Lunala|17/100 par|[from] item: Leftovers
|upkeep
|
|t:|1750825224
|switch|p2b: Ho-Oh|Ho-Oh, L50|57/100
|turn|7
|
|t:|1750825237
|move|p1a: Calyrex|Protect|p1a: Calyrex
|-singleturn|p1a: Calyrex|Protect
|move|p2b: Ho-Oh|Tailwind|p2b: Ho-Oh
|-sidestart|p2: 1shing1|move: Tailwind
|move|p2a: Lunala|Moongeist Beam|p1a: Calyrex
|-activate|p1a: Calyrex|move: Protect
|move|p1b: Ursaluna|Blood Moon|p2b: Ho-Oh
|-damage|p2b: Ho-Oh|8/100
|
|-heal|p2a: Lunala|23/100 par|[from] Grassy Terrain
|-heal|p2a: Lunala|29/100 par|[from] item: Leftovers
|-heal|p1a: Calyrex|29/100|[from] Grassy Terrain
|upkeep
|turn|8
|
|t:|1750825266
|move|p2b: Ho-Oh|Life Dew|p2b: Ho-Oh|[spread] p2a,p2b
|-heal|p2a: Lunala|54/100 par
|-heal|p2b: Ho-Oh|32/100
|move|p2a: Lunala|Moongeist Beam|p1a: Calyrex
|-damage|p1a: Calyrex|0 fnt
|faint|p1a: Calyrex
|move|p1b: Ursaluna|Hyper Voice|p2a: Lunala|[spread] p2a,p2b
|-damage|p2a: Lunala|37/100 par
|-damage|p2b: Ho-Oh|11/100
|
|-heal|p2a: Lunala|43/100 par|[from] Grassy Terrain
|-heal|p2a: Lunala|49/100 par|[from] item: Leftovers
|upkeep
|
|t:|1750825273
|switch|p1a: Miraidon|Miraidon, L50|100/100
|-fieldstart|move: Electric Terrain|[from] ability: Hadron Engine|[of] p1a: Miraidon
|turn|9
|
|t:|1750825289
|-terastallize|p2a: Lunala|Fairy
|move|p2b: Ho-Oh|Brave Bird|p1b: Ursaluna
|-damage|p1b: Ursaluna|72/100
|-damage|p2b: Ho-Oh|2/100|[from] Recoil
|move|p1a: Miraidon|Discharge|p2b: Ho-Oh|[spread] p2a,p2b
|-immune|p1b: Ursaluna
|-supereffective|p2b: Ho-Oh
|-damage|p2a: Lunala|6/100 par
|-damage|p2b: Ho-Oh|0 fnt
|faint|p2b: Ho-Oh
|move|p2a: Lunala|Dazzling Gleam|p1b: Ursaluna|[spread] p1a,p1b
|-supereffective|p1a: Miraidon
|-damage|p1a: Miraidon|51/100
|-damage|p1b: Ursaluna|49/100
|move|p1b: Ursaluna|Blood Moon|p2a: Lunala
|-damage|p2a: Lunala|0 fnt
|faint|p2a: Lunala
|
|-sideend|p1: entei enthusiast|move: Light Screen
|upkeep
|
|t:|1750825302
|switch|p2a: Swampert|Swampert, L50, M|29/100
|turn|10
|
|t:|1750825322
|move|p2a: Swampert|Flip Turn|p1b: Ursaluna
|-supereffective|p1b: Ursaluna
|-damage|p1b: Ursaluna|9/100
|move|p1a: Miraidon|Discharge|p2a: Swampert|[spread] 
|-immune|p1b: Ursaluna
|-immune|p2a: Swampert
|move|p1b: Ursaluna|Earth Power|p2a: Swampert
|-damage|p2a: Swampert|0 fnt
|faint|p2a: Swampert
|
|win|entei enthusiast
|raw|entei enthusiast's rating: 1425 &rarr; <strong>1442</strong><br />(+17 for winning)
|raw|1shing1's rating: 1364 &rarr; <strong>1347</strong><br />(-17 for losing)
