|j|☆Nanotyrannus716
|j|☆purplekisses
|t:|1750830217
|gametype|doubles
|player|p1|Nanotyrannus716|170|1110
|player|p2|purplekisses|2|1157
|teamsize|p1|6
|teamsize|p2|6
|gen|9
|tier|[Gen 9] VGC 2025 Reg I
|rated|
|rule|Species Clause: Limit one of each Pokémon
|rule|Item Clause: Limit 1 of each item
|clearpoke
|poke|p1|Archaludon, L50, F|
|poke|p1|Pelipper, L50, M|
|poke|p1|Murkrow, L50, M|
|poke|p1|Dragonite, L50, M|
|poke|p1|Kingambit, L50, M|
|poke|p1|Ursaluna-Bloodmoon, L50, M|
|poke|p2|Kyogre, L50|
|poke|p2|Moltres-Galar, L50|
|poke|p2|Raichu, L50, M|
|poke|p2|Amoonguss, L50, F|
|poke|p2|Zacian-*, L50|
|poke|p2|Urshifu-*, L50, F|
|teampreview|4
|inactive|Battle timer is ON: inactive players will automatically lose when time's up. (requested by Nanotyrannus716)
|
|t:|1750830247
|start
|switch|p1a: Archaludon|Archaludon, L50, F|100/100
|switch|p1b: Murkrow|Murkrow, L50, M|100/100
|switch|p2a: Moltres|Moltres-Galar, L50|100/100
|switch|p2b: Raichu|Raichu, L50, M|100/100
|turn|1
|
|t:|1750830267
|move|p1b: Murkrow|Tailwind|p1b: Murkrow
|-sidestart|p1: Nanotyrannus716|move: Tailwind
|move|p1a: Archaludon|Body Press|p2a: Moltres
|-damage|p2a: Moltres|78/100
|move|p2b: Raichu|Nuzzle|p1a: Archaludon
|-resisted|p1a: Archaludon
|-damage|p1a: Archaludon|97/100
|-status|p1a: Archaludon|par
|-ability|p1a: Archaludon|Stamina|boost
|-boost|p1a: Archaludon|def|1
|move|p2a: Moltres|Tailwind|p2a: Moltres
|-sidestart|p2: purplekisses|move: Tailwind
|
|upkeep
|turn|2
|
|t:|1750830290
|move|p2b: Raichu|Nuzzle|p1b: Murkrow
|-supereffective|p1b: Murkrow
|-damage|p1b: Murkrow|63/100
|move|p1b: Murkrow|Icy Wind|p2b: Raichu|[spread] p2a,p2b
|-supereffective|p2a: Moltres
|-damage|p2a: Moltres|66/100
|-damage|p2b: Raichu|86/100
|-unboost|p2a: Moltres|spe|1
|-unboost|p2b: Raichu|spe|1
|move|p2a: Moltres|Fiery Wrath|p1b: Murkrow|[spread] p1a,p1b
|-resisted|p1b: Murkrow
|-damage|p1a: Archaludon|82/100 par
|-damage|p1b: Murkrow|35/100
|-ability|p1a: Archaludon|Stamina|boost
|-boost|p1a: Archaludon|def|1
|move|p1a: Archaludon|Body Press|p2b: Raichu
|-damage|p2b: Raichu|0 fnt
|faint|p2b: Raichu
|
|upkeep
|
|t:|1750830309
|switch|p2b: Kyogre|Kyogre, L50|100/100
|-weather|RainDance|[from] ability: Drizzle|[of] p2b: Kyogre
|turn|3
|
|t:|1750830320
|-terastallize|p2b: Kyogre|Grass
|move|p2a: Moltres|Protect|p2a: Moltres
|-singleturn|p2a: Moltres|Protect
|move|p1b: Murkrow|Icy Wind|p2b: Kyogre|[spread] p2b
|-activate|p2a: Moltres|move: Protect
|-supereffective|p2b: Kyogre
|-damage|p2b: Kyogre|88/100
|-unboost|p2b: Kyogre|spe|1
|move|p2b: Kyogre|Water Spout|p1b: Murkrow|[spread] p1a,p1b
|-resisted|p1a: Archaludon
|-damage|p1a: Archaludon|51/100 par
|-damage|p1b: Murkrow|0 fnt
|-ability|p1a: Archaludon|Stamina|boost
|-boost|p1a: Archaludon|def|1
|faint|p1b: Murkrow
|move|p1a: Archaludon|Electro Shot||[still]
|-prepare|p1a: Archaludon|Electro Shot
|-boost|p1a: Archaludon|spa|1
|-anim|p1a: Archaludon|Electro Shot|p2b: Kyogre
|-resisted|p2b: Kyogre
|-damage|p2b: Kyogre|68/100
|
|-weather|RainDance|[upkeep]
|upkeep
|inactive|Nanotyrannus716 has 30 seconds left.
|
|t:|1750830348
|switch|p1b: Kingambit|Kingambit, L50, M|100/100
|turn|4
|
|t:|1750830367
|move|p2a: Moltres|Foul Play|p1b: Kingambit
|-resisted|p1b: Kingambit
|-damage|p1b: Kingambit|77/100
|move|p2b: Kyogre|Water Spout|p1b: Kingambit|[spread] p1a,p1b
|-resisted|p1a: Archaludon
|-damage|p1a: Archaludon|28/100 par
|-damage|p1b: Kingambit|0 fnt
|-ability|p1a: Archaludon|Stamina|boost
|-boost|p1a: Archaludon|def|1
|faint|p1b: Kingambit
|move|p1a: Archaludon|Body Press|p2b: Kyogre
|-damage|p2b: Kyogre|6/100
|
|-weather|RainDance|[upkeep]
|-sideend|p1: Nanotyrannus716|move: Tailwind
|-sideend|p2: purplekisses|move: Tailwind
|upkeep
|
|t:|1750830379
|switch|p1b: Dragonite|Dragonite, L50, M|100/100
|turn|5
|
|t:|1750830393
|-terastallize|p1b: Dragonite|Normal
|move|p1b: Dragonite|Extreme Speed|p2b: Kyogre
|-damage|p2b: Kyogre|0 fnt
|faint|p2b: Kyogre
|move|p2a: Moltres|Foul Play|p1b: Dragonite
|-damage|p1b: Dragonite|26/100
|move|p1a: Archaludon|Electro Shot||[still]
|-prepare|p1a: Archaludon|Electro Shot
|-boost|p1a: Archaludon|spa|1
|-anim|p1a: Archaludon|Electro Shot|p2a: Moltres
|-supereffective|p2a: Moltres
|-damage|p2a: Moltres|0 fnt
|faint|p2a: Moltres
|
|-weather|RainDance|[upkeep]
|upkeep
|
|t:|1750830402
|switch|p2b: Urshifu|Urshifu-Rapid-Strike, L50, F|100/100
|turn|6
|
|t:|1750830412
|move|p1b: Dragonite|Extreme Speed|p2b: Urshifu
|-crit|p2b: Urshifu
|-damage|p2b: Urshifu|7/100
|move|p2b: Urshifu|Surging Strikes|p1b: Dragonite
|-crit|p1b: Dragonite
|-damage|p1b: Dragonite|0 fnt
|faint|p1b: Dragonite
|-hitcount|p1: Dragonite|1
|cant|p1a: Archaludon|par
|
|-weather|RainDance|[upkeep]
|upkeep
|turn|7
|
|t:|1750830425
|move|p2b: Urshifu|Close Combat|p1a: Archaludon
|-supereffective|p1a: Archaludon
|-damage|p1a: Archaludon|0 fnt
|-unboost|p2b: Urshifu|def|1
|-unboost|p2b: Urshifu|spd|1
|faint|p1a: Archaludon
|
|win|purplekisses
|raw|Nanotyrannus716's rating: 1110 &rarr; <strong>1088</strong><br />(-22 for losing)
|raw|purplekisses's rating: 1157 &rarr; <strong>1179</strong><br />(+22 for winning)
|l|☆Nanotyrannus716
|player|p1|
|c|☆purplekisses|Ez
|l|☆purplekisses
|player|p2|
