|j|☆shuijun3烈空坐侠
|j|☆ruimiao
|t:|1750739634
|gametype|doubles
|player|p1|shuijun3烈空坐侠|iono|1516
|player|p2|ruimiao|caitlin|1534
|teamsize|p1|6
|teamsize|p2|6
|gen|9
|tier|[Gen 9] VGC 2025 Reg I
|rated|
|rule|Species Clause: Limit one of each Pokémon
|rule|Item Clause: Limit 1 of each item
|clearpoke
|poke|p1|Zamazenta-*, L50|
|poke|p1|Kyogre, L50|
|poke|p1|Cresselia, L50, F|
|poke|p1|Incineroar, L50, M|
|poke|p1|Dragonite, L50, M|
|poke|p1|Ursaluna, L50, M|
|poke|p2|Calyrex-Shadow, L50|
|poke|p2|Koraidon, L50|
|poke|p2|Chi-Yu, L50|
|poke|p2|Indeedee-F, L50, F|
|poke|p2|Brute Bonnet, L50|
|poke|p2|Whimsicott, L50, M|
|teampreview|4
|
|t:|1750739669
|start
|switch|p1a: Ursaluna|Ursaluna, L50, M|100/100
|switch|p1b: Dragonite|Dragonite, L50, M|100/100
|switch|p2a: Brute Bonnet|Brute Bonnet, L50|100/100
|switch|p2b: Calyrex|Calyrex-Shadow, L50|100/100
|-ability|p2b: Calyrex|As One
|-ability|p2b: Calyrex|Unnerve
|turn|1
|l|☆ruimiao
|player|p2|
|j|☆ruimiao
|player|p2|ruimiao|caitlin|
|
|t:|1750739713
|switch|p2b: Indeedee|Indeedee-F, L50, F|100/100
|-fieldstart|move: Psychic Terrain|[from] ability: Psychic Surge|[of] p2b: Indeedee
|-enditem|p2b: Indeedee|Psychic Seed
|-boost|p2b: Indeedee|spd|1|[from] item: Psychic Seed
|move|p1a: Ursaluna|Protect|p1a: Ursaluna
|-singleturn|p1a: Ursaluna|Protect
|move|p1b: Dragonite|Scale Shot|p2b: Indeedee
|-damage|p2b: Indeedee|85/100
|-damage|p2b: Indeedee|71/100
|-damage|p2b: Indeedee|58/100
|-damage|p2b: Indeedee|42/100
|-hitcount|p2b: Indeedee|4
|-unboost|p1b: Dragonite|def|1
|-boost|p1b: Dragonite|spe|1
|move|p2a: Brute Bonnet|Spore|p1b: Dragonite
|-status|p1b: Dragonite|slp|[from] move: Spore
|
|-status|p1a: Ursaluna|brn|[from] item: Flame Orb
|upkeep
|turn|2
|
|t:|1750739740
|switch|p2b: Calyrex|Calyrex-Shadow, L50|100/100
|-ability|p2b: Calyrex|As One
|-ability|p2b: Calyrex|Unnerve
|cant|p1b: Dragonite|slp
|move|p2a: Brute Bonnet|Seed Bomb|p1a: Ursaluna
|-supereffective|p1a: Ursaluna
|-damage|p1a: Ursaluna|49/100 brn
|move|p1a: Ursaluna|Earthquake|p2b: Calyrex|[spread] p2a,p2b
|-immune|p1b: Dragonite
|-resisted|p2a: Brute Bonnet
|-damage|p2a: Brute Bonnet|78/100
|-damage|p2b: Calyrex|26/100
|
|-damage|p1a: Ursaluna|43/100 brn|[from] brn
|upkeep
|turn|3
|
|t:|1750739762
|move|p1a: Ursaluna|Protect|p1a: Ursaluna
|-singleturn|p1a: Ursaluna|Protect
|move|p2b: Calyrex|Expanding Force|p1a: Ursaluna|[spread] p1b
|-activate|p1a: Ursaluna|move: Protect
|-damage|p1b: Dragonite|64/100 slp
|-damage|p2b: Calyrex|16/100|[from] item: Life Orb
|cant|p1b: Dragonite|slp
|move|p2a: Brute Bonnet|Seed Bomb|p1a: Ursaluna
|-activate|p1a: Ursaluna|move: Protect
|
|-damage|p1a: Ursaluna|37/100 brn|[from] brn
|upkeep
|turn|4
|
|t:|1750739781
|switch|p1a: Incineroar|Incineroar, L50, M|100/100
|-ability|p1a: Incineroar|Intimidate|boost
|-unboost|p2a: Brute Bonnet|atk|1
|-unboost|p2b: Calyrex|atk|1
|move|p2b: Calyrex|Expanding Force|p1b: Dragonite|[spread] p1b
|-immune|p1a: Incineroar
|-damage|p1b: Dragonite|0 fnt
|faint|p1b: Dragonite
|-ability|p2b: Calyrex|Grim Neigh|boost
|-boost|p2b: Calyrex|spa|1
|-damage|p2b: Calyrex|7/100|[from] item: Life Orb
|move|p2a: Brute Bonnet|Seed Bomb|p1a: Incineroar
|-resisted|p1a: Incineroar
|-damage|p1a: Incineroar|93/100
|
|upkeep
|
|t:|1750739791
|switch|p1b: Zamazenta|Zamazenta-Crowned, L50|100/100
|-ability|p1b: Zamazenta|Dauntless Shield|boost
|-boost|p1b: Zamazenta|def|1
|turn|5
|
|t:|1750739812
|move|p2b: Calyrex|Protect|p2b: Calyrex
|-singleturn|p2b: Calyrex|Protect
|move|p1b: Zamazenta|Wide Guard|p1b: Zamazenta
|-singleturn|p1b: Zamazenta|Wide Guard
|move|p1a: Incineroar|U-turn|p2a: Brute Bonnet
|-supereffective|p2a: Brute Bonnet
|-damage|p2a: Brute Bonnet|30/100
|
|t:|1750739820
|switch|p1a: Ursaluna|Ursaluna, L50, M|37/100 brn|[from] U-turn
|move|p2a: Brute Bonnet|Spore|p1b: Zamazenta
|-status|p1b: Zamazenta|slp|[from] move: Spore
|
|-damage|p1a: Ursaluna|31/100 brn|[from] brn
|-fieldend|move: Psychic Terrain
|upkeep
|turn|6
|
|t:|1750739851
|-end|p2a: Brute Bonnet|Protosynthesis|[silent]
|switch|p2a: Indeedee|Indeedee-F, L50, F|42/100
|-fieldstart|move: Psychic Terrain|[from] ability: Psychic Surge|[of] p2a: Indeedee
|cant|p1b: Zamazenta|slp
|move|p2b: Calyrex|Expanding Force|p1b: Zamazenta|[spread] p1a,p1b
|-damage|p1a: Ursaluna|0 fnt
|-damage|p1b: Zamazenta|6/100 slp
|faint|p1a: Ursaluna
|-ability|p2b: Calyrex|Grim Neigh|boost
|-boost|p2b: Calyrex|spa|1
|-damage|p2b: Calyrex|0 fnt|[from] item: Life Orb
|faint|p2b: Calyrex
|
|upkeep
|
|t:|1750739868
|switch|p2b: Koraidon|Koraidon, L50|100/100
|switch|p1a: Incineroar|Incineroar, L50, M|93/100
|-weather|SunnyDay|[from] ability: Orichalcum Pulse|[of] p2b: Koraidon
|-activate|p2b: Koraidon|Orichalcum Pulse|[source]
|-ability|p1a: Incineroar|Intimidate|boost
|-unboost|p2a: Indeedee|atk|1
|-fail|p2b: Koraidon|unboost|[from] item: Clear Amulet|[of] p2b: Koraidon
|turn|7
|
|t:|1750739880
|-terastallize|p1a: Incineroar|Bug
|move|p2b: Koraidon|Collision Course|p1a: Incineroar
|-resisted|p1a: Incineroar
|-damage|p1a: Incineroar|66/100
|cant|p1b: Zamazenta|slp
|move|p2a: Indeedee|Psychic|p1b: Zamazenta
|-damage|p1b: Zamazenta|0 fnt
|faint|p1b: Zamazenta
|move|p1a: Incineroar|Knock Off|p2b: Koraidon
|-resisted|p2b: Koraidon
|-damage|p2b: Koraidon|87/100
|-enditem|p2b: Koraidon|Clear Amulet|[from] move: Knock Off|[of] p1a: Incineroar
|
|-weather|SunnyDay|[upkeep]
|upkeep
|turn|8
|-message|shuijun3烈空坐侠 forfeited.
|
|win|ruimiao
|raw|shuijun3烈空坐侠's rating: 1516 &rarr; <strong>1497</strong><br />(-19 for losing)
|raw|ruimiao's rating: 1534 &rarr; <strong>1553</strong><br />(+19 for winning)
|l|☆shuijun3烈空坐侠
|player|p1|
|l|☆ruimiao
|player|p2|
