|j|☆Crocalors
|j|☆alecfromkanto
|t:|1750779542
|gametype|doubles
|player|p1|Crocalors|youngster-gen4|1384
|player|p2|alecfromkanto|cynthia|1367
|teamsize|p1|6
|teamsize|p2|6
|gen|9
|tier|[Gen 9] VGC 2025 Reg I
|rated|
|rule|Species Clause: Limit one of each Pokémon
|rule|Item Clause: Limit 1 of each item
|clearpoke
|poke|p1|Koraidon, L50|
|poke|p1|Raging Bolt, L50|
|poke|p1|Chien-Pao, L50|
|poke|p1|Zamazenta-*, L50|
|poke|p1|Incineroar, L50, M|
|poke|p1|Scream Tail, L50|
|poke|p2|Miraidon, L50|
|poke|p2|Incineroar, L50, F|
|poke|p2|Grimmsnarl, L50, M|
|poke|p2|Flutter Mane, L50|
|poke|p2|Groudon, L50|
|poke|p2|Iron Hands, L50|
|teampreview|4
|inactive|Battle timer is ON: inactive players will automatically lose when time's up. (requested by alecfromkanto)
Crocalors has agreed to open team sheets.
|inactive|alecfromkanto has 60 seconds left.
|
|t:|1750779582
|start
|switch|p1a: Koraidon|Koraidon, L50|100/100
|switch|p1b: Incineroar|Incineroar, L50, M|100/100
|switch|p2a: Incineroar|Incineroar, L50, F, shiny|100/100
|switch|p2b: Groudon|Groudon, L50, shiny|100/100
|-weather|SunnyDay|[from] ability: Orichalcum Pulse|[of] p1a: Koraidon
|-activate|p1a: Koraidon|Orichalcum Pulse|[source]
|-ability|p1b: Incineroar|Intimidate|boost
|-unboost|p2a: Incineroar|atk|1
|-fail|p2b: Groudon|unboost|[from] item: Clear Amulet|[of] p2b: Groudon
|-ability|p2a: Incineroar|Intimidate|boost
|-unboost|p1a: Koraidon|atk|1
|-unboost|p1b: Incineroar|atk|1
|turn|1
|inactive|alecfromkanto has 30 seconds left.
|
|t:|1750779612
|switch|p2a: Grimmsnarl|Grimmsnarl, L50, M, shiny|100/100
|-terastallize|p1b: Incineroar|Bug
|move|p1a: Koraidon|Protect|p1a: Koraidon
|-singleturn|p1a: Koraidon|Protect
|move|p2b: Groudon|Protect|p2b: Groudon
|-singleturn|p2b: Groudon|Protect
|move|p1b: Incineroar|Knock Off|p2b: Groudon
|-activate|p2b: Groudon|move: Protect
|
|-weather|SunnyDay|[upkeep]
|upkeep
|turn|2
|
|t:|1750779634
|move|p2a: Grimmsnarl|Reflect|p2a: Grimmsnarl
|-sidestart|p2: alecfromkanto|Reflect
|move|p1a: Koraidon|Flare Blitz|p2a: Grimmsnarl
|-damage|p2a: Grimmsnarl|52/100
|-damage|p1a: Koraidon|82/100|[from] Recoil
|-damage|p1a: Koraidon|73/100|[from] item: Life Orb
|move|p2b: Groudon|Fire Punch|p1b: Incineroar
|-supereffective|p1b: Incineroar
|-damage|p1b: Incineroar|15/100
|move|p1b: Incineroar|Knock Off|p2b: Groudon
|-damage|p2b: Groudon|86/100
|-enditem|p2b: Groudon|Clear Amulet|[from] move: Knock Off|[of] p1b: Incineroar
|
|-weather|SunnyDay|[upkeep]
|upkeep
|turn|3
|
|t:|1750779654
|switch|p1b: Chien-Pao|Chien-Pao, L50|100/100
|-ability|p1b: Chien-Pao|Sword of Ruin
|move|p2a: Grimmsnarl|Thunder Wave|p1a: Koraidon
|-status|p1a: Koraidon|par
|move|p2b: Groudon|Precipice Blades|p1a: Koraidon|[spread] p1a,p1b
|-damage|p1a: Koraidon|9/100 par
|-damage|p1b: Chien-Pao|19/100
|move|p1a: Koraidon|Close Combat|p2a: Grimmsnarl
|-damage|p2a: Grimmsnarl|0 fnt
|-unboost|p1a: Koraidon|def|1
|-unboost|p1a: Koraidon|spd|1
|faint|p2a: Grimmsnarl
|-damage|p1a: Koraidon|0 fnt|[from] item: Life Orb
|faint|p1a: Koraidon
|
|-weather|SunnyDay|[upkeep]
|upkeep
|
|t:|1750779667
|switch|p1a: Incineroar|Incineroar, L50, M, tera:Bug|15/100
|switch|p2a: Incineroar|Incineroar, L50, F, shiny|100/100
|-ability|p1a: Incineroar|Intimidate|boost
|-unboost|p2a: Incineroar|atk|1
|-unboost|p2b: Groudon|atk|1
|-ability|p2a: Incineroar|Intimidate|boost
|-unboost|p1a: Incineroar|atk|1
|-unboost|p1b: Chien-Pao|atk|1
|turn|4
|
|t:|1750779690
|switch|p1b: Zamazenta|Zamazenta-Crowned, L50|100/100
|-ability|p1b: Zamazenta|Dauntless Shield|boost
|-boost|p1b: Zamazenta|def|1
|move|p1a: Incineroar|Fake Out|p2b: Groudon
|-damage|p2b: Groudon|83/100
|cant|p2b: Groudon|flinch
|move|p2a: Incineroar|U-turn|p1b: Zamazenta
|-resisted|p1b: Zamazenta
|-damage|p1b: Zamazenta|99/100
|
|t:|1750779698
|switch|p2a: Miraidon|Miraidon, L50|100/100|[from] U-turn
|-fieldstart|move: Electric Terrain|[from] ability: Hadron Engine|[of] p2a: Miraidon
|
|-weather|SunnyDay|[upkeep]
|upkeep
|turn|5
|
|t:|1750779719
|-terastallize|p2a: Miraidon|Electric
|move|p1b: Zamazenta|Protect|p1b: Zamazenta
|-singleturn|p1b: Zamazenta|Protect
|move|p2a: Miraidon|Electro Drift|p1b: Zamazenta
|-activate|p1b: Zamazenta|move: Protect
|move|p2b: Groudon|Precipice Blades|p1a: Incineroar|[spread] p1a
|-activate|p1b: Zamazenta|move: Protect
|-resisted|p1a: Incineroar
|-damage|p1a: Incineroar|0 fnt
|faint|p1a: Incineroar
|
|-weather|none
|upkeep
|
|t:|1750779731
|switch|p1a: Chien-Pao|Chien-Pao, L50|19/100
|-ability|p1a: Chien-Pao|Sword of Ruin
|turn|6
|
|t:|1750779736
|switch|p2b: Incineroar|Incineroar, L50, F, shiny|100/100
|-ability|p2b: Incineroar|Intimidate|boost
|-unboost|p1a: Chien-Pao|atk|1
|-unboost|p1b: Zamazenta|atk|1
|move|p2a: Miraidon|Electro Drift|p1b: Zamazenta
|-damage|p1b: Zamazenta|8/100
|move|p1a: Chien-Pao|Ice Spinner|p2b: Incineroar
|-resisted|p2b: Incineroar
|-damage|p2b: Incineroar|92/100
|-fieldend|move: Electric Terrain
|move|p1b: Zamazenta|Body Press|p2a: Miraidon
|-crit|p2a: Miraidon
|-damage|p2a: Miraidon|0 fnt
|faint|p2a: Miraidon
|
|upkeep
|
|t:|1750779748
|switch|p2a: Groudon|Groudon, L50, shiny|83/100
|-weather|SunnyDay|[from] ability: Drought|[of] p2a: Groudon
|turn|7
|
|t:|1750779757
|move|p1a: Chien-Pao|Protect|p1a: Chien-Pao
|-singleturn|p1a: Chien-Pao|Protect
|move|p1b: Zamazenta|Protect|p1b: Zamazenta
|-singleturn|p1b: Zamazenta|Protect
|move|p2b: Incineroar|Fake Out|p1a: Chien-Pao
|-activate|p1a: Chien-Pao|move: Protect
|move|p2a: Groudon|Precipice Blades|p1a: Chien-Pao|[spread] 
|-activate|p1a: Chien-Pao|move: Protect
|-activate|p1b: Zamazenta|move: Protect
|
|-weather|SunnyDay|[upkeep]
|upkeep
|turn|8
|inactive|alecfromkanto has 30 seconds left.
|inactive|alecfromkanto has 20 seconds left.
|inactive|alecfromkanto has 15 seconds left.
|
|t:|1750779800
|move|p1a: Chien-Pao|Ice Spinner|p2a: Groudon
|-supereffective|p2a: Groudon
|-damage|p2a: Groudon|53/100
|move|p1b: Zamazenta|Body Press|p2b: Incineroar
|-supereffective|p2b: Incineroar
|-damage|p2b: Incineroar|0 fnt
|faint|p2b: Incineroar
|move|p2a: Groudon|Precipice Blades|p1b: Zamazenta|[spread] p1a
|-miss|p2a: Groudon|p1b: Zamazenta
|-damage|p1a: Chien-Pao|0 fnt
|faint|p1a: Chien-Pao
|
|-weather|SunnyDay|[upkeep]
|upkeep
|turn|9
|
|t:|1750779817
|move|p1b: Zamazenta|Protect|p1b: Zamazenta
|-singleturn|p1b: Zamazenta|Protect
|move|p2a: Groudon|Fire Punch|p1b: Zamazenta
|-activate|p1b: Zamazenta|move: Protect
|
|-weather|SunnyDay|[upkeep]
|-sideend|p2: alecfromkanto|Reflect
|upkeep
|turn|10
|
|t:|1750779821
|move|p1b: Zamazenta|Body Press|p2a: Groudon
|-damage|p2a: Groudon|4/100
|move|p2a: Groudon|Fire Punch|p1b: Zamazenta
|-supereffective|p1b: Zamazenta
|-damage|p1b: Zamazenta|0 fnt
|faint|p1b: Zamazenta
|
|win|alecfromkanto
|raw|Crocalors's rating: 1384 &rarr; <strong>1363</strong><br />(-21 for losing)
|raw|alecfromkanto's rating: 1367 &rarr; <strong>1388</strong><br />(+21 for winning)
