|j|☆heero vgc
|j|☆unbecomingduck
|html|<table width="100%"><tr><td align="left">heero vgc</td><td align="right">unbecomingduck</tr><tr><td align="left"><i class="fa fa-circle-o"></i> <i class="fa fa-circle-o"></i> </td><td align="right"><i class="fa fa-circle-o"></i> <i class="fa fa-circle"></i> </tr></table>
|uhtml|bestof|<h2><strong>Game 2</strong> of <a href="/game-bestof3-gen9vgc2025regi-2390609278">a best-of-3</a></h2>
|t:|1750736107
|gametype|doubles
|player|p1|heero vgc|blue|
|player|p2|unbecomingduck|266|
|teamsize|p1|6
|teamsize|p2|6
|gen|9
|tier|[Gen 9] VGC 2025 Reg I
|rule|Species Clause: Limit one of each Pokémon
|rule|Item Clause: Limit 1 of each item
|raw|<div class="infobox"><details class="readmore" open><summary><strong>1 custom rule:</strong></summary> Best of = 3</details></div>
|clearpoke
|poke|p1|Koraidon, L50|
|poke|p1|Reshiram, L50|
|poke|p1|Clefable, L50, M|
|poke|p1|Dudunsparce-*, L50, M|
|poke|p1|Cresselia, L50, F|
|poke|p1|Victreebel, L50, F|
|poke|p2|Lunala, L50|
|poke|p2|Dialga, L50|
|poke|p2|Great Tusk, L50|
|poke|p2|Incineroar, L50, F|
|poke|p2|Cyclizar, L50, F|
|poke|p2|Cloyster, L50, M|
|teampreview|4
heero vgc has agreed to open team sheets.
unbecomingduck has agreed to open team sheets.
|showteam|p1|Koraidon||ChoiceBand|OrichalcumPulse|CloseCombat,FlareBlitz,Uturn,ShadowClaw||||||50|,,,,,Fire]Reshiram||ChoiceSpecs|Turboblaze|BlueFlare,HeatWave,DracoMeteor,EarthPower||||||50|,,,,,Fire]Clefable||SitrusBerry|MagicGuard|Moonblast,FollowMe,ThunderWave,Protect|||M|||50|,,,,,Water]Dudunsparce||Leftovers|SereneGrace|Boomburst,ShadowBall,CalmMind,Roost|||M|||50|,,,,,Fairy]Cresselia||KasibBerry|Levitate|Psychic,IcyWind,ThunderWave,Protect|||F|||50|,,,,,Fairy]Victreebel||FocusSash|Chlorophyll|SolarBeam,SludgeBomb,TeraBlast,SleepPowder|||F|||50|,,,,,Ground
|showteam|p2|Lunala||PowerHerb|ShadowShield|Moonlight,MeteorBeam,TrickRoom,MoongeistBeam||||||50|,,,,,Ghost]Dialga||ChopleBerry|Telepathy|DracoMeteor,TrickRoom,Protect,IceBeam||||||50|,,,,,Water]Great Tusk||ChoiceBand|Protosynthesis|CloseCombat,HeadlongRush,IceSpinner,RockSlide||||||50|,,,,,Ground]Incineroar||SafetyGoggles|Intimidate|FakeOut,KnockOff,FlareBlitz,PartingShot|||F|||50|,,,,,Steel]Cyclizar||ChoiceScarf|Regenerator|ShedTail,BreakingSwipe,TeraBlast,IceSpinner|||F|||50|,,,,,Fairy]Cloyster||WideLens|SkillLink|IcicleSpear,RockBlast,ShellSmash,Protect|||M|||50|,,,,,Rock
|
|t:|1750736155
|start
|switch|p1a: Koraidon|Koraidon, L50|100/100
|switch|p1b: Reshiram|Reshiram, L50|100/100
|switch|p2a: Cyclizar|Cyclizar, L50, F|100/100
|switch|p2b: Incineroar|Incineroar, L50, F|100/100
|-weather|SunnyDay|[from] ability: Orichalcum Pulse|[of] p1a: Koraidon
|-activate|p1a: Koraidon|Orichalcum Pulse|[source]
|-ability|p1b: Reshiram|Turboblaze
|-ability|p2b: Incineroar|Intimidate|boost
|-unboost|p1a: Koraidon|atk|1
|-unboost|p1b: Reshiram|atk|1
|turn|1
|
|t:|1750736226
|switch|p1a: Cresselia|Cresselia, L50, F|100/100
|-terastallize|p2a: Cyclizar|Fairy
|-terastallize|p1b: Reshiram|Fire
|move|p2b: Incineroar|Fake Out|p1b: Reshiram
|-damage|p1b: Reshiram|89/100
|move|p2a: Cyclizar|Tera Blast|p1a: Cresselia|[anim] Tera Blast Fairy
|-damage|p1a: Cresselia|80/100
|cant|p1b: Reshiram|flinch
|
|-weather|SunnyDay|[upkeep]
|upkeep
|turn|2
|
|t:|1750736241
|switch|p2a: Cloyster|Cloyster, L50, M|100/100
|move|p1b: Reshiram|Blue Flare|p2b: Incineroar
|-resisted|p2b: Incineroar
|-damage|p2b: Incineroar|0 fnt
|faint|p2b: Incineroar
|move|p1a: Cresselia|Thunder Wave|p2a: Cloyster
|-status|p2a: Cloyster|par
|
|-weather|SunnyDay|[upkeep]
|upkeep
|
|t:|1750736249
|switch|p2b: Cyclizar|Cyclizar, L50, F, tera:Fairy|100/100
|turn|3
|
|t:|1750736258
|move|p2b: Cyclizar|Shed Tail|p2b: Cyclizar
|-start|p2b: Cyclizar|Substitute|[from] move: Shed Tail
|-damage|p2b: Cyclizar|50/100
|
|t:|1750736263
|switch|p2b: Lunala|Lunala, L50|100/100|[from] Shed Tail
|move|p1b: Reshiram|Blue Flare|p2a: Cloyster
|-damage|p2a: Cloyster|0 fnt
|faint|p2a: Cloyster
|move|p1a: Cresselia|Icy Wind|p2b: Lunala
|-activate|p2b: Lunala|move: Substitute|[damage]
|
|-weather|SunnyDay|[upkeep]
|upkeep
|
|t:|1750736265
|switch|p2a: Cyclizar|Cyclizar, L50, F, tera:Fairy|83/100
|turn|4
|
|t:|1750736278
|switch|p1b: Koraidon|Koraidon, L50|100/100
|-activate|p1b: Koraidon|ability: Orichalcum Pulse
|move|p1a: Cresselia|Protect|p1a: Cresselia
|-singleturn|p1a: Cresselia|Protect
|move|p2a: Cyclizar|Breaking Swipe|p1b: Koraidon|[spread] p1b
|-activate|p1a: Cresselia|move: Protect
|-supereffective|p1b: Koraidon
|-damage|p1b: Koraidon|70/100
|-unboost|p1b: Koraidon|atk|1
|move|p2b: Lunala|Trick Room|p2b: Lunala
|-fieldstart|move: Trick Room|[of] p2b: Lunala
|
|-weather|SunnyDay|[upkeep]
|upkeep
|turn|5
|
|t:|1750736300
|switch|p1b: Dudunsparce|Dudunsparce, L50, M|100/100
|move|p2b: Lunala|Moongeist Beam|p1b: Dudunsparce
|-immune|p1b: Dudunsparce
|move|p1a: Cresselia|Psychic|p2b: Lunala
|-resisted|p2b: Lunala
|-activate|p2b: Lunala|move: Substitute|[damage]
|move|p2a: Cyclizar|Breaking Swipe|p1a: Cresselia|[spread] p1a,p1b
|-damage|p1a: Cresselia|68/100
|-damage|p1b: Dudunsparce|90/100
|-unboost|p1a: Cresselia|atk|1
|-unboost|p1b: Dudunsparce|atk|1
|
|-weather|none
|-heal|p1b: Dudunsparce|96/100|[from] item: Leftovers
|upkeep
|turn|6
|
|t:|1750736316
|move|p1b: Dudunsparce|Calm Mind|p1b: Dudunsparce
|-boost|p1b: Dudunsparce|spa|1
|-boost|p1b: Dudunsparce|spd|1
|move|p2b: Lunala|Meteor Beam||[still]
|-prepare|p2b: Lunala|Meteor Beam
|-boost|p2b: Lunala|spa|1
|-enditem|p2b: Lunala|Power Herb
|-anim|p2b: Lunala|Meteor Beam|p1a: Cresselia
|-damage|p1a: Cresselia|39/100
|move|p1a: Cresselia|Icy Wind|p2a: Cyclizar|[spread] p2a,p2b
|-activate|p2b: Lunala|move: Substitute|[damage]
|-damage|p2a: Cyclizar|73/100
|-unboost|p2a: Cyclizar|spe|1
|move|p2a: Cyclizar|Breaking Swipe|p1b: Dudunsparce|[spread] p1a,p1b
|-damage|p1a: Cresselia|27/100
|-damage|p1b: Dudunsparce|83/100
|-unboost|p1a: Cresselia|atk|1
|-unboost|p1b: Dudunsparce|atk|1
|
|-heal|p1b: Dudunsparce|89/100|[from] item: Leftovers
|upkeep
|turn|7
|
|t:|1750736333
|move|p1a: Cresselia|Protect|p1a: Cresselia
|-singleturn|p1a: Cresselia|Protect
|move|p1b: Dudunsparce|Boomburst|p2b: Lunala|[spread] p2a
|-activate|p1a: Cresselia|move: Protect
|-immune|p2b: Lunala
|-damage|p2a: Cyclizar|6/100
|move|p2b: Lunala|Moongeist Beam|p1a: Cresselia
|-activate|p1a: Cresselia|move: Protect
|move|p2a: Cyclizar|Breaking Swipe|p1b: Dudunsparce|[spread] p1b
|-activate|p1a: Cresselia|move: Protect
|-damage|p1b: Dudunsparce|78/100
|-unboost|p1b: Dudunsparce|atk|1
|
|-heal|p1b: Dudunsparce|84/100|[from] item: Leftovers
|upkeep
|turn|8
|
|t:|1750736348
|move|p1b: Dudunsparce|Shadow Ball|p2b: Lunala
|-supereffective|p2b: Lunala
|-end|p2b: Lunala|Substitute
|move|p2b: Lunala|Meteor Beam||[still]
|-prepare|p2b: Lunala|Meteor Beam
|-boost|p2b: Lunala|spa|1
|move|p1a: Cresselia|Icy Wind|p2b: Lunala|[spread] p2a
|-miss|p1a: Cresselia|p2b: Lunala
|-damage|p2a: Cyclizar|0 fnt
|faint|p2a: Cyclizar
|
|-heal|p1b: Dudunsparce|90/100|[from] item: Leftovers
|-fieldend|move: Trick Room
|upkeep
|turn|9
|
|t:|1750736364
|move|p1a: Cresselia|Protect|p1a: Cresselia
|-singleturn|p1a: Cresselia|Protect
|move|p2b: Lunala|Meteor Beam|p1b: Dudunsparce|[from] lockedmove
|-damage|p1b: Dudunsparce|44/100
|move|p1b: Dudunsparce|Roost|p1b: Dudunsparce
|-heal|p1b: Dudunsparce|94/100
|-singleturn|p1b: Dudunsparce|move: Roost
|
|-heal|p1b: Dudunsparce|99/100|[from] item: Leftovers
|upkeep
|turn|10
|
|t:|1750736375
|move|p1a: Cresselia|Thunder Wave|p2b: Lunala
|-status|p2b: Lunala|par
|move|p1b: Dudunsparce|Shadow Ball|p2b: Lunala
|-supereffective|p2b: Lunala
|-damage|p2b: Lunala|74/100 par
|-unboost|p2b: Lunala|spd|1
|move|p2b: Lunala|Trick Room|p2b: Lunala
|-fieldstart|move: Trick Room|[of] p2b: Lunala
|
|-heal|p1b: Dudunsparce|100/100|[from] item: Leftovers
|upkeep
|turn|11
|
|t:|1750736385
|move|p1a: Cresselia|Protect|p1a: Cresselia
|-singleturn|p1a: Cresselia|Protect
|move|p2b: Lunala|Moongeist Beam|p1a: Cresselia
|-activate|p1a: Cresselia|move: Protect
|move|p1b: Dudunsparce|Shadow Ball|p2b: Lunala
|-supereffective|p2b: Lunala
|-damage|p2b: Lunala|0 fnt
|faint|p2b: Lunala
|
|win|heero vgc
|c|☆unbecomingduck|gg
||unbecomingduck is ready for game 3.
||heero vgc is ready for game 3.
|uhtml|next|Next: <a href="/battle-gen9vgc2025regi-2390613432"><strong>Game 3 of 3</strong></a>
|l|☆unbecomingduck
|player|p2|
|j|☆unbecomingduck
|player|p2|unbecomingduck|266|
