|j|☆smario1705
|j|☆Ementily
|t:|1750800463
|gametype|doubles
|player|p1|smario1705|alder|1211
|player|p2|Ementily|2|1108
|teamsize|p1|6
|teamsize|p2|6
|gen|9
|tier|[Gen 9] VGC 2025 Reg I
|rated|
|rule|Species Clause: Limit one of each Pokémon
|rule|Item Clause: Limit 1 of each item
|clearpoke
|poke|p1|Koraidon, L50|
|poke|p1|Lunala, L50|
|poke|p1|Incineroar, L50, F|
|poke|p1|Amoonguss, L50, M|
|poke|p1|Grimmsnarl, L50, M|
|poke|p1|Chien-Pao, L50|
|poke|p2|Beartic, L50, F|
|poke|p2|Kyogre, L50|
|poke|p2|Farigiraf, L50, F|
|poke|p2|Palkia, L50|
|poke|p2|Amoonguss, L50, M|
|poke|p2|Incineroar, L50, F|
|teampreview|4
|inactive|Battle timer is ON: inactive players will automatically lose when time's up. (requested by Ementily)
|
|t:|1750800507
|start
|switch|p1a: Lunala|Lunala, L50|100/100
|switch|p1b: Incineroar|Incineroar, L50, F|100/100
|switch|p2a: Kyogre|Kyogre, L50|100/100
|switch|p2b: Incineroar|Incineroar, L50, F|100/100
|-weather|RainDance|[from] ability: Drizzle|[of] p2a: Kyogre
|-ability|p1b: Incineroar|Intimidate|boost
|-unboost|p2a: Kyogre|atk|1
|-unboost|p2b: Incineroar|atk|1
|-ability|p2b: Incineroar|Intimidate|boost
|-unboost|p1a: Lunala|atk|1
|-unboost|p1b: Incineroar|atk|1
|turn|1
|inactive|Ementily has 30 seconds left.
|
|t:|1750800536
|switch|p1b: Koraidon|Koraidon, L50|100/100
|-weather|SunnyDay|[from] ability: Orichalcum Pulse|[of] p1b: Koraidon
|-activate|p1b: Koraidon|Orichalcum Pulse|[source]
|move|p2b: Incineroar|Fake Out|p1a: Lunala
|-immune|p1a: Lunala
|move|p2a: Kyogre|Water Spout|p1a: Lunala|[spread] p1a,p1b
|-resisted|p1b: Koraidon
|-damage|p1a: Lunala|86/100
|-damage|p1b: Koraidon|81/100
|move|p1a: Lunala|Meteor Beam||[still]
|-prepare|p1a: Lunala|Meteor Beam
|-boost|p1a: Lunala|spa|1
|-enditem|p1a: Lunala|Power Herb
|-anim|p1a: Lunala|Meteor Beam|p2b: Incineroar
|-supereffective|p2b: Incineroar
|-damage|p2b: Incineroar|0 fnt
|faint|p2b: Incineroar
|
|-weather|SunnyDay|[upkeep]
|upkeep
|
|t:|1750800553
|switch|p2b: Amoonguss|Amoonguss, L50, M|100/100
|turn|2
|inactive|smario1705 has 30 seconds left.
|
|t:|1750800585
|switch|p2a: Beartic|Beartic, L50, F|100/100
|move|p2b: Amoonguss|Rage Powder|p2b: Amoonguss
|-singleturn|p2b: Amoonguss|move: Rage Powder
|move|p1b: Koraidon|Flare Blitz|p2b: Amoonguss
|-supereffective|p2b: Amoonguss
|-damage|p2b: Amoonguss|0 fnt
|-damage|p1b: Koraidon|65/100|[from] item: Rocky Helmet|[of] p2b: Amoonguss
|faint|p2b: Amoonguss
|-damage|p1b: Koraidon|23/100|[from] Recoil
|-damage|p1b: Koraidon|14/100|[from] item: Life Orb
|move|p1a: Lunala|Dazzling Gleam|p2a: Beartic
|-damage|p2a: Beartic|39/100
|
|-weather|SunnyDay|[upkeep]
|upkeep
|
|t:|1750800599
|switch|p2b: Kyogre|Kyogre, L50|100/100
|-weather|RainDance|[from] ability: Drizzle|[of] p2b: Kyogre
|turn|3
|inactive|smario1705 has 30 seconds left.
|inactive|smario1705 has 20 seconds left.
|inactive|smario1705 has 15 seconds left.
|inactive|smario1705 has 10 seconds left.
|inactive|smario1705 has 5 seconds left.
|
|t:|1750800652
|switch|p1b: Incineroar|Incineroar, L50, F|100/100
|-ability|p1b: Incineroar|Intimidate|boost
|-unboost|p2a: Beartic|atk|1
|-unboost|p2b: Kyogre|atk|1
|-terastallize|p2a: Beartic|Fighting
|move|p2a: Beartic|Throat Chop|p1a: Lunala
|-supereffective|p1a: Lunala
|-damage|p1a: Lunala|7/100
|-start|p1a: Lunala|Throat Chop|[silent]
|-damage|p2a: Beartic|29/100|[from] item: Life Orb
|move|p2b: Kyogre|Water Spout|p1a: Lunala|[spread] p1a,p1b
|-supereffective|p1b: Incineroar
|-damage|p1a: Lunala|0 fnt
|-damage|p1b: Incineroar|0 fnt
|faint|p1a: Lunala
|faint|p1b: Incineroar
|
|-weather|RainDance|[upkeep]
|upkeep
|
|t:|1750800671
|switch|p1a: Grimmsnarl|Grimmsnarl, L50, M|100/100
|switch|p1b: Koraidon|Koraidon, L50|14/100
|-weather|SunnyDay|[from] ability: Orichalcum Pulse|[of] p1b: Koraidon
|-activate|p1b: Koraidon|Orichalcum Pulse|[source]
|turn|4
|inactive|smario1705 has 30 seconds left.
|inactive|smario1705 has 20 seconds left.
|inactive|smario1705 has 15 seconds left.
|inactive|smario1705 has 10 seconds left.
|
|t:|1750800717
|-terastallize|p1a: Grimmsnarl|Ghost
|move|p2a: Beartic|Protect|p2a: Beartic
|-singleturn|p2a: Beartic|Protect
|move|p1b: Koraidon|Close Combat|p2b: Kyogre
|-damage|p2b: Kyogre|0 fnt
|-unboost|p1b: Koraidon|def|1
|-unboost|p1b: Koraidon|spd|1
|faint|p2b: Kyogre
|-damage|p1b: Koraidon|4/100|[from] item: Life Orb
|move|p1a: Grimmsnarl|Spirit Break|p2a: Beartic
|-activate|p2a: Beartic|move: Protect
|
|-weather|SunnyDay|[upkeep]
|upkeep
|turn|5
|
|t:|1750800741
|move|p1b: Koraidon|Protect|p1b: Koraidon
|-singleturn|p1b: Koraidon|Protect
|move|p1a: Grimmsnarl|Thunder Wave|p2a: Beartic
|-status|p2a: Beartic|par
|move|p2a: Beartic|Throat Chop|p1a: Grimmsnarl
|-supereffective|p1a: Grimmsnarl
|-damage|p1a: Grimmsnarl|40/100
|-start|p1a: Grimmsnarl|Throat Chop|[silent]
|-damage|p2a: Beartic|19/100 par|[from] item: Life Orb
|
|-weather|SunnyDay|[upkeep]
|upkeep
|turn|6
|
|t:|1750800759
|cant|p2a: Beartic|par
|move|p1b: Koraidon|Flare Blitz|p2a: Beartic
|-damage|p2a: Beartic|0 fnt
|faint|p2a: Beartic
|-damage|p1b: Koraidon|0 fnt|[from] Recoil
|faint|p1b: Koraidon
|
|win|smario1705
|raw|smario1705's rating: 1211 &rarr; <strong>1229</strong><br />(+18 for winning)
|raw|Ementily's rating: 1108 &rarr; <strong>1090</strong><br />(-18 for losing)
