|j|☆alexeido
|j|☆thander11
|t:|1750796520
|gametype|doubles
|player|p1|alexeido|colress|
|player|p2|thander11|ethan|
|teamsize|p1|6
|teamsize|p2|6
|gen|9
|tier|[Gen 9] VGC 2025 Reg I
|rule|Species Clause: Limit one of each Pokémon
|rule|Item Clause: Limit 1 of each item
|clearpoke
|poke|p1|Lanturn, L50, F|
|poke|p1|Palafin, L50, M|
|poke|p1|Urshifu-*, L50, F|
|poke|p1|Dondozo, L50, F|
|poke|p1|Tatsugiri, L50, M|
|poke|p1|Toxapex, L50, M|
|poke|p2|Flutter Mane, L50|
|poke|p2|Gengar, L50, M|
|poke|p2|Dragapult, L50, M|
|poke|p2|Annihilape, L50, M|
|poke|p2|Sableye, L50, M|
|poke|p2|Ceruledge, L50, M|
|teampreview|4
|j| okkito
|j| MultiZapdos
|
|t:|1750796581
|start
|switch|p1a: Dondozo|Dondozo, L50, F|100/100
|switch|p1b: Lanturn|Lanturn, L50, F, shiny|100/100
|switch|p2a: Dragapult|Dragapult, L50, M, shiny|100/100
|switch|p2b: Annihilape|Annihilape, L50, M, shiny|100/100
|turn|1
|
|t:|1750796635
|switch|p1b: Tatsugiri|Tatsugiri, L50, M|100/100
|-activate|p1b: Tatsugiri|ability: Commander|[of] p1a: Dondozo
|-boost|p1a: Dondozo|atk|2
|-boost|p1a: Dondozo|spa|2
|-boost|p1a: Dondozo|spe|2
|-boost|p1a: Dondozo|def|2
|-boost|p1a: Dondozo|spd|2
|move|p2a: Dragapult|Sucker Punch||[still]
|-fail|p2a: Dragapult
|move|p1a: Dondozo|Order Up|p2a: Dragapult
|-supereffective|p2a: Dragapult
|-crit|p2a: Dragapult
|-damage|p2a: Dragapult|0 fnt
|faint|p2a: Dragapult
|-boost|p1a: Dondozo|atk|1
|move|p2b: Annihilape|Bulk Up|p2b: Annihilape
|-boost|p2b: Annihilape|atk|1
|-boost|p2b: Annihilape|def|1
|
|upkeep
|
|t:|1750796700
|switch|p2a: Gengar|Gengar, L50, M|100/100
|turn|2
|
|t:|1750796730
|move|p2a: Gengar|Shadow Ball|p1a: Dondozo
|-damage|p1a: Dondozo|86/100
|move|p2b: Annihilape|Bulk Up|p2b: Annihilape
|-boost|p2b: Annihilape|atk|1
|-boost|p2b: Annihilape|def|1
|move|p1a: Dondozo|Earthquake|p2a: Gengar|[spread] p2a,p2b
|-miss|p1a: Dondozo|p1b: Tatsugiri
|-supereffective|p2a: Gengar
|-enditem|p2a: Gengar|Focus Sash
|-damage|p2a: Gengar|1/100
|-damage|p2b: Annihilape|46/100
|-start|p1a: Dondozo|Disable|Earthquake|[from] ability: Cursed Body|[of] p2a: Gengar
|
|-heal|p2b: Annihilape|52/100|[from] item: Leftovers
|upkeep
|turn|3
|
|t:|1750796779
|move|p2a: Gengar|Shadow Ball|p1a: Dondozo
|-damage|p1a: Dondozo|72/100
|move|p2b: Annihilape|Drain Punch|p1a: Dondozo
|-damage|p1a: Dondozo|60/100
|-heal|p2b: Annihilape|59/100|[from] drain|[of] p1a: Dondozo
|move|p1a: Dondozo|Rock Slide|p2b: Annihilape|[spread] p2a,p2b
|-resisted|p2b: Annihilape
|-damage|p2a: Gengar|0 fnt
|-damage|p2b: Annihilape|37/100
|faint|p2a: Gengar
|
|-heal|p2b: Annihilape|43/100|[from] item: Leftovers
|upkeep
|
|t:|1750796791
|switch|p2a: Flutter Mane|Flutter Mane, L50|100/100
|-enditem|p2a: Flutter Mane|Booster Energy
|-activate|p2a: Flutter Mane|ability: Protosynthesis|[fromitem]
|-start|p2a: Flutter Mane|protosynthesisspe
|turn|4
|
|t:|1750796806
|move|p2b: Annihilape|Protect|p2b: Annihilape
|-singleturn|p2b: Annihilape|Protect
|move|p2a: Flutter Mane|Moonblast|p1b: Tatsugiri|[miss]
|-miss|p2a: Flutter Mane|p1b: Tatsugiri
|move|p1a: Dondozo|Wave Crash|p2b: Annihilape
|-activate|p2b: Annihilape|move: Protect
|
|-heal|p2b: Annihilape|49/100|[from] item: Leftovers
|upkeep
|turn|5
|
|t:|1750796858
|-terastallize|p2b: Annihilape|Water
|move|p2a: Flutter Mane|Moonblast|p1b: Tatsugiri|[miss]
|-miss|p2a: Flutter Mane|p1b: Tatsugiri
|move|p2b: Annihilape|Drain Punch|p1b: Tatsugiri|[miss]
|-miss|p2b: Annihilape|p1b: Tatsugiri
|move|p1a: Dondozo|Wave Crash|p2b: Annihilape
|-resisted|p2b: Annihilape
|-damage|p2b: Annihilape|0 fnt
|faint|p2b: Annihilape
|-damage|p1a: Dondozo|47/100|[from] Recoil
|
|-end|p1a: Dondozo|Disable
|upkeep
|turn|6
|
|t:|1750796883
|move|p2a: Flutter Mane|Shadow Ball|p1a: Dondozo
|-damage|p1a: Dondozo|32/100
|move|p1a: Dondozo|Order Up|p2a: Flutter Mane
|-immune|p2a: Flutter Mane
|
|upkeep
|turn|7
|
|t:|1750796897
|move|p2a: Flutter Mane|Shadow Ball|p1a: Dondozo
|-damage|p1a: Dondozo|20/100
|move|p1a: Dondozo|Wave Crash|p2a: Flutter Mane
|-damage|p2a: Flutter Mane|0 fnt
|faint|p2a: Flutter Mane
|-end|p2a: Flutter Mane|Protosynthesis|[silent]
|-damage|p1a: Dondozo|3/100|[from] Recoil
|
|win|alexeido
