|j|☆Aabraao
|j|☆kob137
|t:|1750777743
|gametype|doubles
|player|p1|Aabraao|hilbert|1529
|player|p2|kob137|170|1499
|teamsize|p1|6
|teamsize|p2|6
|gen|9
|tier|[Gen 9] VGC 2025 Reg I
|rated|
|rule|Species Clause: Limit one of each Pokémon
|rule|Item Clause: Limit 1 of each item
|clearpoke
|poke|p1|Lunala, L50|
|poke|p1|Calyrex-Ice, L50|
|poke|p1|Incineroar, L50, F|
|poke|p1|Kingambit, L50, F|
|poke|p1|Ogerpon-Cornerstone, L50, F|
|poke|p1|Torkoal, L50, M|
|poke|p2|Calyrex-Ice, L50|
|poke|p2|Miraidon, L50|
|poke|p2|Grimmsnarl, L50, M|
|poke|p2|Urshifu-*, L50, M|
|poke|p2|Incineroar, L50, M|
|poke|p2|Landorus, L50, M|
|teampreview|4
|inactive|Battle timer is ON: inactive players will automatically lose when time's up. (requested by Aabraao)
kob137 rejected open team sheets.
|
|t:|1750777760
|start
|switch|p1a: Calyrex|Calyrex-Ice, L50|100/100
|switch|p1b: Ogerpon|Ogerpon-Cornerstone, L50, F|100/100
|switch|p2a: Miraidon|Miraidon, L50|100/100
|switch|p2b: Grimmsnarl|Grimmsnarl, L50, M|100/100
|-ability|p1a: Calyrex|As One
|-ability|p1a: Calyrex|Unnerve
|-fieldstart|move: Electric Terrain|[from] ability: Hadron Engine|[of] p2a: Miraidon
|turn|1
|
|t:|1750777774
|-terastallize|p1a: Calyrex|Ground
|move|p1b: Ogerpon|Spiky Shield|p1b: Ogerpon
|-singleturn|p1b: Ogerpon|move: Protect
|move|p2b: Grimmsnarl|Reflect|p2b: Grimmsnarl
|-sidestart|p2: kob137|Reflect
|move|p2a: Miraidon|Volt Switch|p1a: Calyrex
|-immune|p1a: Calyrex
|move|p1a: Calyrex|Glacial Lance|p2a: Miraidon|[spread] p2a,p2b
|-supereffective|p2a: Miraidon
|-damage|p2a: Miraidon|32/100
|-damage|p2b: Grimmsnarl|58/100
|
|upkeep
|turn|2
|inactive|Aabraao has 30 seconds left.
|
|t:|1750777809
|switch|p2a: Incineroar|Incineroar, L50, M|100/100
|-ability|p2a: Incineroar|Intimidate|boost
|-fail|p1a: Calyrex|unboost|[from] item: Clear Amulet|[of] p1a: Calyrex
|-unboost|p1b: Ogerpon|atk|1
|move|p2b: Grimmsnarl|Light Screen|p2b: Grimmsnarl
|-sidestart|p2: kob137|move: Light Screen
|move|p1b: Ogerpon|Ivy Cudgel|p2a: Incineroar|[anim] Ivy Cudgel Rock
|-supereffective|p2a: Incineroar
|-damage|p2a: Incineroar|47/100
|move|p1a: Calyrex|Glacial Lance|p2a: Incineroar|[spread] p2a,p2b
|-resisted|p2a: Incineroar
|-damage|p2a: Incineroar|30/100
|-damage|p2b: Grimmsnarl|15/100
|
|upkeep
|turn|3
|
|t:|1750777832
|switch|p1b: Lunala|Lunala, L50|100/100
|move|p2b: Grimmsnarl|Thunder Wave|p1b: Lunala
|-status|p1b: Lunala|par
|move|p2a: Incineroar|U-turn|p1b: Lunala
|-crit|p1b: Lunala
|-damage|p1b: Lunala|90/100 par
|
|t:|1750777839
|switch|p2a: Calyrex|Calyrex-Ice, L50|100/100|[from] U-turn
|-ability|p2a: Calyrex|As One
|-ability|p2a: Calyrex|Unnerve
|move|p1a: Calyrex|Glacial Lance|p2a: Calyrex|[spread] p2a,p2b
|-resisted|p2a: Calyrex
|-damage|p2a: Calyrex|88/100
|-damage|p2b: Grimmsnarl|0 fnt
|faint|p2b: Grimmsnarl
|-ability|p1a: Calyrex|Chilling Neigh|boost
|-boost|p1a: Calyrex|atk|1
|
|-heal|p2a: Calyrex|94/100|[from] item: Leftovers
|-heal|p1b: Lunala|96/100 par|[from] item: Leftovers
|upkeep
|
|t:|1750777852
|switch|p2b: Incineroar|Incineroar, L50, M|30/100
|-ability|p2b: Incineroar|Intimidate|boost
|-fail|p1a: Calyrex|unboost|[from] item: Clear Amulet|[of] p1a: Calyrex
|-unboost|p1b: Lunala|atk|1
|turn|4
|inactive|Aabraao has 30 seconds left.
|inactive|Aabraao has 20 seconds left.
|
|t:|1750777888
|-terastallize|p2a: Calyrex|Water
|move|p2b: Incineroar|Fake Out|p1a: Calyrex
|-damage|p1a: Calyrex|94/100
|move|p2a: Calyrex|Glacial Lance|p1a: Calyrex|[spread] p1a,p1b
|-supereffective|p1a: Calyrex
|-damage|p1a: Calyrex|24/100
|-damage|p1b: Lunala|53/100 par
|move|p1b: Lunala|Moongeist Beam|p2a: Calyrex
|-damage|p2a: Calyrex|72/100
|cant|p1a: Calyrex|flinch
|
|-heal|p2a: Calyrex|78/100|[from] item: Leftovers
|-heal|p1b: Lunala|59/100 par|[from] item: Leftovers
|upkeep
|turn|5
|
|t:|1750777908
|move|p1a: Calyrex|Protect|p1a: Calyrex
|-singleturn|p1a: Calyrex|Protect
|move|p2b: Incineroar|Knock Off|p1b: Lunala
|-supereffective|p1b: Lunala
|-damage|p1b: Lunala|0 fnt
|-enditem|p1b: Lunala|Leftovers|[from] move: Knock Off|[of] p2b: Incineroar
|faint|p1b: Lunala
|move|p2a: Calyrex|Glacial Lance|p1a: Calyrex
|-activate|p1a: Calyrex|move: Protect
|
|-heal|p2a: Calyrex|84/100|[from] item: Leftovers
|-fieldend|move: Electric Terrain
|upkeep
|
|t:|1750777911
|switch|p1b: Torkoal|Torkoal, L50, M|100/100
|-weather|SunnyDay|[from] ability: Drought|[of] p1b: Torkoal
|turn|6
|
|t:|1750777923
|move|p2b: Incineroar|Flare Blitz|p1b: Torkoal
|-resisted|p1b: Torkoal
|-damage|p1b: Torkoal|73/100
|-damage|p2b: Incineroar|21/100|[from] Recoil
|move|p2a: Calyrex|Glacial Lance|p1a: Calyrex|[spread] p1a,p1b
|-supereffective|p1a: Calyrex
|-resisted|p1b: Torkoal
|-damage|p1a: Calyrex|0 fnt
|-damage|p1b: Torkoal|51/100
|faint|p1a: Calyrex
|-ability|p2a: Calyrex|Chilling Neigh|boost
|-boost|p2a: Calyrex|atk|1
|move|p1b: Torkoal|Earth Power|p2b: Incineroar
|-supereffective|p2b: Incineroar
|-damage|p2b: Incineroar|0 fnt
|faint|p2b: Incineroar
|
|-weather|SunnyDay|[upkeep]
|-heal|p2a: Calyrex|89/100|[from] item: Leftovers
|upkeep
|
|t:|1750777938
|switch|p2b: Miraidon|Miraidon, L50|32/100
|switch|p1a: Ogerpon|Ogerpon-Cornerstone, L50, F|100/100
|-fieldstart|move: Electric Terrain|[from] ability: Hadron Engine|[of] p2b: Miraidon
|turn|7
|
|t:|1750777952
|move|p1a: Ogerpon|Spiky Shield|p1a: Ogerpon
|-singleturn|p1a: Ogerpon|move: Protect
|move|p2a: Calyrex|Protect|p2a: Calyrex
|-singleturn|p2a: Calyrex|Protect
|move|p1b: Torkoal|Protect|p1b: Torkoal
|-singleturn|p1b: Torkoal|Protect
|move|p2b: Miraidon|Electro Drift|p1a: Ogerpon
|-activate|p1a: Ogerpon|move: Protect
|-damage|p2b: Miraidon|20/100|[from] Spiky Shield|[of] p1a: Ogerpon
|
|-weather|SunnyDay|[upkeep]
|-heal|p2a: Calyrex|95/100|[from] item: Leftovers
|upkeep
|turn|8
|
|t:|1750777966
|move|p2b: Miraidon|Electro Drift|p1a: Ogerpon
|-resisted|p1a: Ogerpon
|-damage|p1a: Ogerpon|20/100
|move|p1a: Ogerpon|Horn Leech|p2a: Calyrex
|-supereffective|p2a: Calyrex
|-damage|p2a: Calyrex|53/100
|-heal|p1a: Ogerpon|49/100|[from] drain|[of] p2a: Calyrex
|move|p2a: Calyrex|Glacial Lance|p1b: Torkoal|[spread] p1a,p1b
|-supereffective|p1a: Ogerpon
|-resisted|p1b: Torkoal
|-crit|p1b: Torkoal
|-damage|p1a: Ogerpon|0 fnt
|-damage|p1b: Torkoal|3/100
|faint|p1a: Ogerpon
|-ability|p2a: Calyrex|Chilling Neigh|boost
|-boost|p2a: Calyrex|atk|1
|move|p1b: Torkoal|Earth Power|p2b: Miraidon
|-supereffective|p2b: Miraidon
|-damage|p2b: Miraidon|0 fnt
|faint|p2b: Miraidon
|
|-weather|SunnyDay|[upkeep]
|-heal|p2a: Calyrex|58/100|[from] item: Leftovers
|-sideend|p2: kob137|Reflect
|upkeep
|turn|9
|-message|Aabraao forfeited.
|
|win|kob137
|raw|Aabraao's rating: 1529 &rarr; <strong>1507</strong><br />(-22 for losing)
|raw|kob137's rating: 1499 &rarr; <strong>1521</strong><br />(+22 for winning)
|l|☆Aabraao
|player|p1|
|l|☆kob137
|player|p2|
