|j|☆Shagrathisbeast
|j|☆testing_cha
|t:|1750730034
|gametype|doubles
|player|p1|Shagrathisbeast|steven|1535
|player|p2|testing_cha|parasollady|1565
|teamsize|p1|6
|teamsize|p2|6
|gen|9
|tier|[Gen 9] VGC 2025 Reg I
|rated|
|rule|Species Clause: Limit one of each Pokémon
|rule|Item Clause: Limit 1 of each item
|clearpoke
|poke|p1|Groudon, L50|
|poke|p1|Farigiraf, L50, F|
|poke|p1|Miraidon, L50|
|poke|p1|Volcarona, L50, M|
|poke|p1|Iron Valiant, L50|
|poke|p1|Flutter Mane, L50|
|poke|p2|Kyurem-White, L50|
|poke|p2|Ninetales-Alola, L50, F|
|poke|p2|Rillaboom, L50, M|
|poke|p2|Farigiraf, L50, M|
|poke|p2|Lunala, L50|
|poke|p2|Volcarona, L50, M|
|teampreview|4
|inactive|Battle timer is ON: inactive players will automatically lose when time's up. (requested by testing_cha)
|inactive|Shagrathisbeast has 60 seconds left.
|
|t:|1750730081
|start
|switch|p1a: Iron Valiant|Iron Valiant, L50, shiny|100/100
|switch|p1b: Miraidon|Miraidon, L50|100/100
|switch|p2a: Farigiraf|Farigiraf, L50, M|100/100
|switch|p2b: Kyurem|Kyurem-White, L50|100/100
|-fieldstart|move: Electric Terrain|[from] ability: Hadron Engine|[of] p1b: Miraidon
|-activate|p1a: Iron Valiant|ability: Quark Drive
|-start|p1a: Iron Valiant|quarkdrivespe
|-ability|p2b: Kyurem|Turboblaze
|turn|1
|inactive|Shagrathisbeast has 30 seconds left.
|inactive|testing_cha has 30 seconds left.
|j| l554312336
|
|t:|1750730113
|-terastallize|p2b: Kyurem|Fairy
|move|p1a: Iron Valiant|Spirit Break|p2b: Kyurem
|-damage|p2b: Kyurem|73/100
|-unboost|p2b: Kyurem|spa|1
|move|p1b: Miraidon|Volt Switch|p2b: Kyurem
|-damage|p2b: Kyurem|21/100
|
|t:|1750730124
|switch|p1b: Volcarona|Volcarona, L50, M, shiny|100/100|[from] Volt Switch
|move|p2b: Kyurem|Freeze-Dry|p1a: Iron Valiant
|-damage|p1a: Iron Valiant|57/100
|move|p2a: Farigiraf|Trick Room|p2a: Farigiraf
|-fieldstart|move: Trick Room|[of] p2a: Farigiraf
|
|upkeep
|turn|2
|inactive|Shagrathisbeast has 30 seconds left.
|inactive|testing_cha has 30 seconds left.
|inactive|Shagrathisbeast has 20 seconds left.
|inactive|Shagrathisbeast has 15 seconds left.
|inactive|Shagrathisbeast has 10 seconds left.
|
|t:|1750730173
|move|p2a: Farigiraf|Psychic Noise|p1a: Iron Valiant
|-supereffective|p1a: Iron Valiant
|-damage|p1a: Iron Valiant|0 fnt
|faint|p1a: Iron Valiant
|-end|p1a: Iron Valiant|Quark Drive|[silent]
|move|p2b: Kyurem|Fusion Flare|p1b: Volcarona
|-damage|p1b: Volcarona|73/100
|move|p1b: Volcarona|Struggle Bug|p2a: Farigiraf|[spread] p2a,p2b
|-supereffective|p2a: Farigiraf
|-resisted|p2b: Kyurem
|-damage|p2a: Farigiraf|71/100
|-damage|p2b: Kyurem|17/100
|-unboost|p2a: Farigiraf|spa|1
|-unboost|p2b: Kyurem|spa|1
|
|upkeep
|
|t:|1750730180
|switch|p1a: Groudon|Groudon, L50, shiny|100/100
|-weather|SunnyDay|[from] ability: Drought|[of] p1a: Groudon
|turn|3
|
|t:|1750730195
|switch|p2a: Ninetales|Ninetales-Alola, L50, F|100/100
|-weather|Snowscape|[from] ability: Snow Warning|[of] p2a: Ninetales
|-terastallize|p1a: Groudon|Water
|move|p2b: Kyurem|Blizzard|p1a: Groudon|[spread] p1a,p1b
|-resisted|p1a: Groudon
|-resisted|p1b: Volcarona
|-damage|p1a: Groudon|92/100
|-damage|p1b: Volcarona|61/100
|move|p1b: Volcarona|Fiery Dance|p2a: Ninetales
|-supereffective|p2a: Ninetales
|-damage|p2a: Ninetales|34/100
|-boost|p1b: Volcarona|spa|1
|move|p1a: Groudon|Crunch|p2a: Ninetales
|-resisted|p2a: Ninetales
|-damage|p2a: Ninetales|20/100
|
|-weather|Snowscape|[upkeep]
|upkeep
|turn|4
|inactive|Shagrathisbeast has 30 seconds left.
|inactive|Shagrathisbeast has 20 seconds left.
|
|t:|1750730232
|move|p2b: Kyurem|Freeze-Dry|p1a: Groudon
|-supereffective|p1a: Groudon
|-damage|p1a: Groudon|60/100
|move|p1b: Volcarona|Fiery Dance|p2b: Kyurem
|-damage|p2b: Kyurem|0 fnt
|faint|p2b: Kyurem
|move|p1a: Groudon|Precipice Blades|p2a: Ninetales
|-damage|p2a: Ninetales|0 fnt
|faint|p2a: Ninetales
|
|-weather|Snowscape|[upkeep]
|upkeep
|
|t:|1750730236
|switch|p2b: Lunala|Lunala, L50|100/100
|switch|p2a: Farigiraf|Farigiraf, L50, M|71/100
|turn|5
|
|t:|1750730250
|move|p2b: Lunala|Protect|p2b: Lunala
|-singleturn|p2b: Lunala|Protect
|move|p2a: Farigiraf|Foul Play|p1a: Groudon
|-damage|p1a: Groudon|36/100
|move|p1b: Volcarona|Struggle Bug|p2b: Lunala|[spread] p2a
|-activate|p2b: Lunala|move: Protect
|-supereffective|p2a: Farigiraf
|-damage|p2a: Farigiraf|27/100
|-unboost|p2a: Farigiraf|spa|1
|-enditem|p2a: Farigiraf|Sitrus Berry|[eat]
|-heal|p2a: Farigiraf|52/100|[from] item: Sitrus Berry
|move|p1a: Groudon|Crunch|p2b: Lunala
|-activate|p2b: Lunala|move: Protect
|
|-weather|Snowscape|[upkeep]
|-fieldend|move: Trick Room
|-fieldend|move: Electric Terrain
|upkeep
|turn|6
|
|t:|1750730271
|move|p1a: Groudon|Crunch|p2b: Lunala
|-supereffective|p2b: Lunala
|-damage|p2b: Lunala|54/100
|move|p1b: Volcarona|Struggle Bug|p2a: Farigiraf|[spread] p2a,p2b
|-supereffective|p2a: Farigiraf
|-damage|p2a: Farigiraf|7/100
|-damage|p2b: Lunala|35/100
|-unboost|p2a: Farigiraf|spa|1
|-unboost|p2b: Lunala|spa|1
|move|p2b: Lunala|Moongeist Beam|p1a: Groudon
|-damage|p1a: Groudon|11/100
|move|p2a: Farigiraf|Psychic Noise|p1a: Groudon
|-damage|p1a: Groudon|2/100
|-start|p1a: Groudon|move: Heal Block
|
|-weather|Snowscape|[upkeep]
|-heal|p2b: Lunala|41/100|[from] item: Leftovers
|upkeep
|turn|7
|-message|testing_cha forfeited.
|
|win|Shagrathisbeast
|raw|Shagrathisbeast's rating: 1535 &rarr; <strong>1557</strong><br />(+22 for winning)
|raw|testing_cha's rating: 1565 &rarr; <strong>1543</strong><br />(-22 for losing)
|l|☆testing_cha
|player|p2|
|l|☆Shagrathisbeast
|player|p1|
