|j|☆bambam420
|j|☆Zakmancho
|t:|1750779282
|gametype|doubles
|player|p1|bambam420|janitor|1655
|player|p2|Zakmancho|2|1616
|teamsize|p1|6
|teamsize|p2|6
|gen|9
|tier|[Gen 9] VGC 2025 Reg I
|rated|
|rule|Species Clause: Limit one of each Pokémon
|rule|Item Clause: Limit 1 of each item
|clearpoke
|poke|p1|Amoonguss, L50, F|
|poke|p1|Calyrex-Ice, L50|
|poke|p1|Kyogre, L50|
|poke|p1|Grimmsnarl, L50, M|
|poke|p1|Flutter Mane, L50|
|poke|p1|Basculegion, L50, M|
|poke|p2|Calyrex-Ice, L50|
|poke|p2|Miraidon, L50|
|poke|p2|Grimmsnarl, L50, M|
|poke|p2|Urshifu-*, L50, F|
|poke|p2|Incineroar, L50, M|
|poke|p2|Landorus, L50, M|
|teampreview|4
|inactive|Battle timer is ON: inactive players will automatically lose when time's up. (requested by Zakmancho)
|inactive|Zakmancho has 60 seconds left.
|
|t:|1750779314
|start
|switch|p1a: Flutter Mane|Flutter Mane, L50|100/100
|switch|p1b: Kyogre|Kyogre, L50|100/100
|switch|p2a: Incineroar|Incineroar, L50, M|100/100
|switch|p2b: Urshifu|Urshifu-Rapid-Strike, L50, F|100/100
|-weather|RainDance|[from] ability: Drizzle|[of] p1b: Kyogre
|-ability|p2a: Incineroar|Intimidate|boost
|-unboost|p1a: Flutter Mane|atk|1
|-unboost|p1b: Kyogre|atk|1
|turn|1
|inactive|Zakmancho has 30 seconds left.
|
|t:|1750779339
|-terastallize|p1a: Flutter Mane|Fairy
|-terastallize|p2b: Urshifu|Ghost
|move|p1b: Kyogre|Protect|p1b: Kyogre
|-singleturn|p1b: Kyogre|Protect
|move|p2a: Incineroar|Fake Out|p1b: Kyogre
|-activate|p1b: Kyogre|move: Protect
|move|p1a: Flutter Mane|Moonblast|p2b: Urshifu
|-damage|p2b: Urshifu|25/100
|move|p2b: Urshifu|Surging Strikes|p1b: Kyogre
|-resisted|p1b: Kyogre
|-crit|p1b: Kyogre
|-damage|p1b: Kyogre|74/100
|-resisted|p1b: Kyogre
|-crit|p1b: Kyogre
|-damage|p1b: Kyogre|51/100
|-resisted|p1b: Kyogre
|-crit|p1b: Kyogre
|-damage|p1b: Kyogre|26/100
|-hitcount|p1b: Kyogre|3
|
|-weather|RainDance|[upkeep]
|upkeep
|turn|2
|inactive|Zakmancho has 30 seconds left.
|
|t:|1750779367
|switch|p2a: Miraidon|Miraidon, L50|100/100
|-fieldstart|move: Electric Terrain|[from] ability: Hadron Engine|[of] p2a: Miraidon
|move|p1a: Flutter Mane|Icy Wind|p2a: Miraidon|[spread] p2a,p2b
|-supereffective|p2a: Miraidon
|-damage|p2a: Miraidon|79/100
|-damage|p2b: Urshifu|8/100
|-unboost|p2b: Urshifu|spe|1
|move|p1b: Kyogre|Origin Pulse|p2b: Urshifu|[spread] p2a,p2b
|-resisted|p2a: Miraidon
|-damage|p2a: Miraidon|47/100
|-damage|p2b: Urshifu|0 fnt
|faint|p2b: Urshifu
|
|-weather|RainDance|[upkeep]
|upkeep
|
|t:|1750779381
|switch|p2b: Incineroar|Incineroar, L50, M|100/100
|-ability|p2b: Incineroar|Intimidate|boost
|-unboost|p1a: Flutter Mane|atk|1
|-unboost|p1b: Kyogre|atk|1
|turn|3
|j| Feeling Fantastic
|
|t:|1750779399
|-end|p1a: Flutter Mane|Protosynthesis|[silent]
|switch|p1a: Calyrex|Calyrex-Ice, L50|100/100
|-ability|p1a: Calyrex|As One
|-ability|p1a: Calyrex|Unnerve
|switch|p2a: Calyrex|Calyrex-Ice, L50|100/100
|-ability|p2a: Calyrex|As One
|-ability|p2a: Calyrex|Unnerve
|move|p1b: Kyogre|Protect|p1b: Kyogre
|-singleturn|p1b: Kyogre|Protect
|move|p2b: Incineroar|Fake Out|p1b: Kyogre
|-activate|p1b: Kyogre|move: Protect
|
|-weather|RainDance|[upkeep]
|upkeep
|turn|4
|
|t:|1750779418
|move|p1b: Kyogre|Origin Pulse|p2b: Incineroar|[spread] p2a
|-miss|p1b: Kyogre|p2b: Incineroar
|-damage|p2a: Calyrex|40/100
|move|p2b: Incineroar|Knock Off|p1a: Calyrex
|-supereffective|p1a: Calyrex
|-damage|p1a: Calyrex|62/100
|-enditem|p1a: Calyrex|Leftovers|[from] move: Knock Off|[of] p2b: Incineroar
|move|p2a: Calyrex|Leech Seed|p1b: Kyogre
|-start|p1b: Kyogre|move: Leech Seed
|move|p1a: Calyrex|Leech Seed|p2a: Calyrex
|-start|p2a: Calyrex|move: Leech Seed
|
|-weather|RainDance|[upkeep]
|-heal|p2a: Calyrex|45/100|[from] item: Leftovers
|-damage|p1b: Kyogre|14/100|[from] Leech Seed|[of] p2a: Calyrex
|-heal|p2a: Calyrex|56/100|[silent]
|-damage|p2a: Calyrex|44/100|[from] Leech Seed|[of] p1a: Calyrex
|-heal|p1a: Calyrex|74/100|[silent]
|upkeep
|turn|5
|
|t:|1750779442
|switch|p1b: Basculegion|Basculegion, L50, M|100/100
|move|p2b: Incineroar|U-turn|p1b: Basculegion
|-resisted|p1b: Basculegion
|-damage|p1b: Basculegion|90/100
|
|t:|1750779447
|switch|p2b: Miraidon|Miraidon, L50|47/100|[from] U-turn
|-activate|p2b: Miraidon|ability: Hadron Engine
|move|p2a: Calyrex|Leech Seed|p1a: Calyrex
|-start|p1a: Calyrex|move: Leech Seed
|move|p1a: Calyrex|Glacial Lance|p2b: Miraidon|[spread] p2a,p2b
|-resisted|p2a: Calyrex
|-supereffective|p2b: Miraidon
|-damage|p2a: Calyrex|30/100
|-damage|p2b: Miraidon|0 fnt
|faint|p2b: Miraidon
|-ability|p1a: Calyrex|Chilling Neigh|boost
|-boost|p1a: Calyrex|atk|1
|
|-weather|none
|-heal|p2a: Calyrex|36/100|[from] item: Leftovers
|-damage|p2a: Calyrex|24/100|[from] Leech Seed|[of] p1a: Calyrex
|-heal|p1a: Calyrex|86/100|[silent]
|-damage|p1a: Calyrex|74/100|[from] Leech Seed|[of] p2a: Calyrex
|-heal|p2a: Calyrex|36/100|[silent]
|upkeep
|
|t:|1750779456
|switch|p2b: Incineroar|Incineroar, L50, M|100/100
|-ability|p2b: Incineroar|Intimidate|boost
|-unboost|p1a: Calyrex|atk|1
|-unboost|p1b: Basculegion|atk|1
|turn|6
|
|t:|1750779474
|switch|p1b: Kyogre|Kyogre, L50|14/100
|-weather|RainDance|[from] ability: Drizzle|[of] p1b: Kyogre
|move|p1a: Calyrex|Protect|p1a: Calyrex
|-singleturn|p1a: Calyrex|Protect
|move|p2b: Incineroar|Knock Off|p1b: Kyogre
|-damage|p1b: Kyogre|0 fnt
|-enditem|p1b: Kyogre|Mystic Water|[from] move: Knock Off|[of] p2b: Incineroar
|faint|p1b: Kyogre
|move|p2a: Calyrex|Trick Room|p2a: Calyrex
|-fieldstart|move: Trick Room|[of] p2a: Calyrex
|
|-weather|RainDance|[upkeep]
|-heal|p2a: Calyrex|42/100|[from] item: Leftovers
|-damage|p1a: Calyrex|62/100|[from] Leech Seed|[of] p2a: Calyrex
|-heal|p2a: Calyrex|54/100|[silent]
|-damage|p2a: Calyrex|42/100|[from] Leech Seed|[of] p1a: Calyrex
|-heal|p1a: Calyrex|74/100|[silent]
|-fieldend|move: Electric Terrain
|upkeep
|
|t:|1750779490
|switch|p1b: Basculegion|Basculegion, L50, M|90/100
|turn|7
|
|t:|1750779497
|move|p1b: Basculegion|Aqua Jet|p2b: Incineroar
|-supereffective|p2b: Incineroar
|-damage|p2b: Incineroar|21/100
|-damage|p1b: Basculegion|81/100|[from] item: Life Orb
|move|p1a: Calyrex|Glacial Lance|p2a: Calyrex|[spread] p2a,p2b
|-resisted|p2a: Calyrex
|-resisted|p2b: Incineroar
|-damage|p2a: Calyrex|27/100
|-damage|p2b: Incineroar|0 fnt
|faint|p2b: Incineroar
|-ability|p1a: Calyrex|Chilling Neigh|boost
|-boost|p1a: Calyrex|atk|1
|move|p2a: Calyrex|Glacial Lance|p1a: Calyrex|[spread] p1a,p1b
|-resisted|p1a: Calyrex
|-resisted|p1b: Basculegion
|-damage|p1a: Calyrex|60/100
|-damage|p1b: Basculegion|49/100
|
|-weather|RainDance|[upkeep]
|-heal|p2a: Calyrex|32/100|[from] item: Leftovers
|-damage|p1a: Calyrex|48/100|[from] Leech Seed|[of] p2a: Calyrex
|-heal|p2a: Calyrex|44/100|[silent]
|-damage|p2a: Calyrex|32/100|[from] Leech Seed|[of] p1a: Calyrex
|-heal|p1a: Calyrex|60/100|[silent]
|upkeep
|turn|8
|
|t:|1750779521
|move|p1a: Calyrex|Glacial Lance|p2a: Calyrex
|-resisted|p2a: Calyrex
|-damage|p2a: Calyrex|1/100
|move|p2a: Calyrex|Leech Seed|p1b: Basculegion|[miss]
|-miss|p2a: Calyrex|p1b: Basculegion
|move|p1b: Basculegion|Last Respects|p2a: Calyrex
|-supereffective|p2a: Calyrex
|-damage|p2a: Calyrex|0 fnt
|faint|p2a: Calyrex
|-damage|p1b: Basculegion|39/100|[from] item: Life Orb
|
|win|bambam420
|raw|bambam420's rating: 1655 &rarr; <strong>1673</strong><br />(+18 for winning)
|raw|Zakmancho's rating: 1616 &rarr; <strong>1598</strong><br />(-18 for losing)
|l|☆Zakmancho
|player|p2|
|l| Feeling Fantastic
|l|☆bambam420
|player|p1|
