|j|☆Cloud Uwu
|j|☆agrant
|t:|1750871743
|gametype|doubles
|player|p1|Cloud Uwu|parasollady|1311
|player|p2|agrant|170|1346
|teamsize|p1|6
|teamsize|p2|6
|gen|9
|tier|[Gen 9] VGC 2025 Reg I
|rated|
|rule|Species Clause: Limit one of each Pokémon
|rule|Item Clause: Limit 1 of each item
|clearpoke
|poke|p1|Terapagos, L50, M|
|poke|p1|Kyogre, L50|
|poke|p1|Tsareena, L50, F|
|poke|p1|Talonflame, L50, F|
|poke|p1|Clefairy, L50, F|
|poke|p1|Smeargle, L50, F|
|poke|p2|Tyranitar, L50, F|
|poke|p2|Zamazenta-*, L50|
|poke|p2|Rillaboom, L50, M|
|poke|p2|Calyrex-Shadow, L50|
|poke|p2|Tornadus, L50, M|
|poke|p2|Urshifu-*, L50, M|
|teampreview|4
|inactive|Battle timer is ON: inactive players will automatically lose when time's up. (requested by Cloud Uwu)
Cloud Uwu rejected open team sheets.
|
|t:|1750871796
|start
|switch|p1a: Paige|Terapagos, L50, M|100/100
|switch|p1b: Frida|Smeargle, L50, F, shiny|100/100
|switch|p2a: Zamazenta|Zamazenta-Crowned, L50|100/100
|switch|p2b: Calyrex|Calyrex-Shadow, L50|100/100
|-activate|p1a: Paige|ability: Tera Shift
|detailschange|p1a: Paige|Terapagos-Terastal, L50, M
|-heal|p1a: Paige|100/100|[silent]
|-ability|p2b: Calyrex|As One
|-ability|p2b: Calyrex|Unnerve
|-ability|p2a: Zamazenta|Dauntless Shield|boost
|-boost|p2a: Zamazenta|def|1
|turn|1
|
|t:|1750871820
|move|p1b: Frida|Fake Out|p2a: Zamazenta
|-resisted|p2a: Zamazenta
|-damage|p2a: Zamazenta|99/100
|move|p2b: Calyrex|Psychic|p1a: Paige
|-activate|p1a: Paige|ability: Tera Shell
|-resisted|p1a: Paige
|-damage|p1a: Paige|78/100
|cant|p2a: Zamazenta|flinch
|move|p1a: Paige|Calm Mind|p1a: Paige
|-boost|p1a: Paige|spa|1
|-boost|p1a: Paige|spd|1
|
|-heal|p1a: Paige|84/100|[from] item: Leftovers
|upkeep
|turn|2
|inactive|agrant has 30 seconds left.
|
|t:|1750871849
|move|p1a: Paige|Protect|p1a: Paige
|-singleturn|p1a: Paige|Protect
|move|p2b: Calyrex|Psychic|p1b: Frida
|-enditem|p1b: Frida|Focus Sash
|-damage|p1b: Frida|1/100
|move|p2a: Zamazenta|Body Press|p1a: Paige
|-activate|p1a: Paige|move: Protect
|move|p1b: Frida|Spore|p2a: Zamazenta
|-status|p2a: Zamazenta|slp|[from] move: Spore
|
|-heal|p1a: Paige|90/100|[from] item: Leftovers
|upkeep
|turn|3
|inactive|agrant has 30 seconds left.
|
|t:|1750871876
|-terastallize|p1a: Paige|Stellar
|detailschange|p1a: Paige|Terapagos-Stellar, L50, M, tera:Stellar
|-heal|p1a: Paige|92/100|[silent]
|move|p2b: Calyrex|Psychic|p1b: Frida
|-damage|p1b: Frida|0 fnt
|faint|p1b: Frida
|-ability|p2b: Calyrex|Grim Neigh|boost
|-boost|p2b: Calyrex|spa|1
|cant|p2a: Zamazenta|slp
|move|p1a: Paige|Earth Power|p2a: Zamazenta
|-supereffective|p2a: Zamazenta
|-damage|p2a: Zamazenta|10/100 slp
|
|-heal|p1a: Paige|98/100|[from] item: Leftovers
|upkeep
|
|t:|1750871892
|switch|p1b: Submotherine|Kyogre, L50|100/100
|-weather|RainDance|[from] ability: Drizzle|[of] p1b: Submotherine
|turn|4
|
|t:|1750871908
|move|p2b: Calyrex|Astral Barrage|p1a: Paige|[spread] p1b
|-immune|p1a: Paige
|-damage|p1b: Submotherine|40/100
|cant|p2a: Zamazenta|slp
|move|p1b: Submotherine|Origin Pulse|p2b: Calyrex|[spread] p2a,p2b
|-damage|p2a: Zamazenta|0 fnt
|-damage|p2b: Calyrex|16/100
|faint|p2a: Zamazenta
|move|p1a: Paige|Tera Starstorm|p2b: Calyrex
|-damage|p2b: Calyrex|0 fnt
|faint|p2b: Calyrex
|
|-weather|RainDance|[upkeep]
|-heal|p1a: Paige|100/100|[from] item: Leftovers
|upkeep
|
|t:|1750871919
|switch|p2b: Urshifu|Urshifu-Rapid-Strike, L50, M|100/100
|switch|p2a: Rillaboom|Rillaboom, L50, M|100/100
|-fieldstart|move: Grassy Terrain|[from] ability: Grassy Surge|[of] p2a: Rillaboom
|turn|5
|
|t:|1750871935
|move|p1b: Submotherine|Protect|p1b: Submotherine
|-singleturn|p1b: Submotherine|Protect
|move|p2a: Rillaboom|Fake Out|p1a: Paige
|-damage|p1a: Paige|93/100
|move|p2b: Urshifu|Close Combat|p1a: Paige
|-supereffective|p1a: Paige
|-damage|p1a: Paige|9/100
|-unboost|p2b: Urshifu|def|1
|-unboost|p2b: Urshifu|spd|1
|cant|p1a: Paige|flinch
|
|-weather|RainDance|[upkeep]
|-heal|p1b: Submotherine|46/100|[from] Grassy Terrain
|-heal|p1a: Paige|15/100|[from] Grassy Terrain
|-heal|p1a: Paige|21/100|[from] item: Leftovers
|upkeep
|turn|6
|
|t:|1750871953
|switch|p1a: Reneé|Tsareena, L50, F, shiny|100/100
|move|p2a: Rillaboom|Grassy Glide||[still]
|cant|p1a: Reneé|ability: Queenly Majesty|Grassy Glide|[of] p2a: Rillaboom
|move|p2b: Urshifu|Close Combat|p1a: Reneé
|-damage|p1a: Reneé|24/100
|-unboost|p2b: Urshifu|def|1
|-unboost|p2b: Urshifu|spd|1
|move|p1b: Submotherine|Ice Beam|p2a: Rillaboom
|-supereffective|p2a: Rillaboom
|-damage|p2a: Rillaboom|57/100
|
|-weather|RainDance|[upkeep]
|-heal|p1b: Submotherine|51/100|[from] Grassy Terrain
|-heal|p1a: Reneé|30/100|[from] Grassy Terrain
|-heal|p2a: Rillaboom|63/100|[from] Grassy Terrain
|upkeep
|turn|7
|inactive|agrant has 30 seconds left.
|inactive|agrant has 20 seconds left.
|inactive|agrant has 15 seconds left.
|inactive|agrant has 10 seconds left.
|
|t:|1750871998
|move|p2b: Urshifu|Close Combat|p1a: Reneé
|-damage|p1a: Reneé|0 fnt
|-unboost|p2b: Urshifu|def|1
|-unboost|p2b: Urshifu|spd|1
|faint|p1a: Reneé
|move|p1b: Submotherine|Ice Beam|p2a: Rillaboom
|-supereffective|p2a: Rillaboom
|-damage|p2a: Rillaboom|22/100
|move|p2a: Rillaboom|Wood Hammer|p1b: Submotherine
|-supereffective|p1b: Submotherine
|-damage|p1b: Submotherine|0 fnt
|faint|p1b: Submotherine
|-damage|p2a: Rillaboom|8/100|[from] Recoil
|
|-weather|RainDance|[upkeep]
|-heal|p2a: Rillaboom|14/100|[from] Grassy Terrain
|upkeep
|
|t:|1750872004
|switch|p1a: Paige|Terapagos-Stellar, L50, M, tera:Stellar|21/100
|turn|8
|
|t:|1750872013
|move|p2b: Urshifu|Close Combat|p1a: Paige
|-supereffective|p1a: Paige
|-damage|p1a: Paige|0 fnt
|-unboost|p2b: Urshifu|def|1
|-unboost|p2b: Urshifu|spd|1
|faint|p1a: Paige
|detailschange|p1: Paige|Terapagos, L50, M|[silent]
|
|win|agrant
|raw|Cloud Uwu's rating: 1311 &rarr; <strong>1293</strong><br />(-18 for losing)
|raw|agrant's rating: 1346 &rarr; <strong>1364</strong><br />(+18 for winning)
|c|☆agrant|gg
|l|☆agrant
|player|p2|
|c|☆Cloud Uwu|gg
