|j|☆Yugi wit da hoodie
|j|☆AlejoB7
|t:|1750796586
|gametype|doubles
|player|p1|Yugi wit da hoodie|1|1504
|player|p2|AlejoB7|ethan|1514
|teamsize|p1|6
|teamsize|p2|6
|gen|9
|tier|[Gen 9] VGC 2025 Reg I
|rated|
|rule|Species Clause: Limit one of each Pokémon
|rule|Item Clause: Limit 1 of each item
|clearpoke
|poke|p1|Rayquaza, L50|
|poke|p1|Urshifu-*, L50, F|
|poke|p1|Chien-Pao, L50|
|poke|p1|Rillaboom, L50, M|
|poke|p1|Eternatus, L50|
|poke|p1|Flutter Mane, L50|
|poke|p2|Miraidon, L50|
|poke|p2|Volcarona, L50, M|
|poke|p2|Zamazenta-*, L50|
|poke|p2|Chien-Pao, L50|
|poke|p2|Rillaboom, L50, F|
|poke|p2|Grimmsnarl, L50, M|
|teampreview|4
|inactive|Battle timer is ON: inactive players will automatically lose when time's up. (requested by AlejoB7)
|inactive|AlejoB7 has 60 seconds left.
|inactive|AlejoB7 has 30 seconds left.
|
|t:|1750796657
|start
|switch|p1a: Rayquaza|Rayquaza, L50|100/100
|switch|p1b: Chien-Pao|Chien-Pao, L50|100/100
|switch|p2a: Volcarona|Volcarona, L50, M|100/100
|switch|p2b: Grimmsnarl|Grimmsnarl, L50, M|100/100
|-ability|p1b: Chien-Pao|Sword of Ruin
|-ability|p1a: Rayquaza|Air Lock
|turn|1
|inactive|Yugi wit da hoodie has 30 seconds left.
|
|t:|1750796686
|move|p1b: Chien-Pao|Protect|p1b: Chien-Pao
|-singleturn|p1b: Chien-Pao|Protect
|move|p2b: Grimmsnarl|Taunt|p1a: Rayquaza
|-start|p1a: Rayquaza|move: Taunt
|move|p2a: Volcarona|Quiver Dance|p2a: Volcarona
|-boost|p2a: Volcarona|spa|1
|-boost|p2a: Volcarona|spd|1
|-boost|p2a: Volcarona|spe|1
|move|p1a: Rayquaza|Dragon Ascent|p2a: Volcarona
|-supereffective|p2a: Volcarona
|-damage|p2a: Volcarona|0 fnt
|-unboost|p1a: Rayquaza|def|1
|-unboost|p1a: Rayquaza|spd|1
|-status|p1a: Rayquaza|brn|[from] ability: Flame Body|[of] p2a: Volcarona
|faint|p2a: Volcarona
|-damage|p1a: Rayquaza|91/100 brn|[from] item: Life Orb
|
|-damage|p1a: Rayquaza|85/100 brn|[from] brn
|upkeep
|
|t:|1750796706
|switch|p2a: Miraidon|Miraidon, L50|100/100
|-fieldstart|move: Electric Terrain|[from] ability: Hadron Engine|[of] p2a: Miraidon
|turn|2
|
|t:|1750796725
|-terastallize|p2a: Miraidon|Electric
|move|p2a: Miraidon|Volt Switch|p1b: Chien-Pao
|-enditem|p1b: Chien-Pao|Focus Sash
|-damage|p1b: Chien-Pao|1/100
|
|t:|1750796730
|switch|p2a: Zamazenta|Zamazenta-Crowned, L50|100/100|[from] Volt Switch
|-ability|p2a: Zamazenta|Dauntless Shield|boost
|-boost|p2a: Zamazenta|def|1
|move|p1b: Chien-Pao|Icicle Crash|p2a: Zamazenta
|-resisted|p2a: Zamazenta
|-damage|p2a: Zamazenta|91/100
|move|p1a: Rayquaza|Dragon Ascent|p2b: Grimmsnarl
|-damage|p2b: Grimmsnarl|30/100
|-unboost|p1a: Rayquaza|def|1
|-unboost|p1a: Rayquaza|spd|1
|-damage|p1a: Rayquaza|75/100 brn|[from] item: Life Orb
|move|p2b: Grimmsnarl|Foul Play|p1b: Chien-Pao
|-resisted|p1b: Chien-Pao
|-damage|p1b: Chien-Pao|0 fnt
|faint|p1b: Chien-Pao
|
|-damage|p1a: Rayquaza|69/100 brn|[from] brn
|upkeep
|
|t:|1750796752
|switch|p1b: Eternatus|Eternatus, L50|100/100
|-ability|p1b: Eternatus|Pressure
|turn|3
|
|t:|1750796774
|move|p2b: Grimmsnarl|Taunt|p1b: Eternatus
|-start|p1b: Eternatus|move: Taunt
|move|p1b: Eternatus|Flamethrower|p2a: Zamazenta
|-supereffective|p2a: Zamazenta
|-damage|p2a: Zamazenta|34/100
|move|p2a: Zamazenta|Body Press|p1a: Rayquaza
|-resisted|p1a: Rayquaza
|-damage|p1a: Rayquaza|0 fnt
|faint|p1a: Rayquaza
|
|upkeep
|
|t:|1750796785
|switch|p1a: Flutter Mane|Flutter Mane, L50|100/100
|-enditem|p1a: Flutter Mane|Booster Energy
|-activate|p1a: Flutter Mane|ability: Protosynthesis|[fromitem]
|-start|p1a: Flutter Mane|protosynthesisspe
|turn|4
|
|t:|1750796807
|move|p2a: Zamazenta|Protect|p2a: Zamazenta
|-singleturn|p2a: Zamazenta|Protect
|move|p2b: Grimmsnarl|Light Screen|p2b: Grimmsnarl
|-sidestart|p2: AlejoB7|move: Light Screen
|move|p1a: Flutter Mane|Moonblast|p2b: Grimmsnarl
|-supereffective|p2b: Grimmsnarl
|-damage|p2b: Grimmsnarl|0 fnt
|faint|p2b: Grimmsnarl
|move|p1b: Eternatus|Flamethrower|p2a: Zamazenta
|-activate|p2a: Zamazenta|move: Protect
|
|upkeep
|
|t:|1750796817
|switch|p2b: Miraidon|Miraidon, L50, tera:Electric|100/100
|-activate|p2b: Miraidon|ability: Hadron Engine
|turn|5
|inactive|Yugi wit da hoodie has 30 seconds left.
|inactive|AlejoB7 has 30 seconds left.
|inactive|Yugi wit da hoodie has 20 seconds left.
|inactive|AlejoB7 has 20 seconds left.
|inactive|AlejoB7 has 15 seconds left.
|inactive|Yugi wit da hoodie has 15 seconds left.
|inactive|Yugi wit da hoodie has 10 seconds left.
|
|t:|1750796871
|-terastallize|p1b: Eternatus|Poison
|move|p2a: Zamazenta|Protect||[still]
|-fail|p2a: Zamazenta
|move|p1a: Flutter Mane|Moonblast|p2a: Zamazenta
|-damage|p2a: Zamazenta|14/100
|move|p2b: Miraidon|Electro Drift|p1a: Flutter Mane
|-damage|p1a: Flutter Mane|0 fnt
|faint|p1a: Flutter Mane
|-end|p1a: Flutter Mane|Protosynthesis|[silent]
|move|p1b: Eternatus|Sludge Bomb|p2b: Miraidon
|-damage|p2b: Miraidon|57/100
|-status|p2b: Miraidon|psn
|
|-damage|p2b: Miraidon|44/100 psn|[from] psn
|-end|p1b: Eternatus|move: Taunt
|upkeep
|turn|6
|
|t:|1750796894
|move|p1b: Eternatus|Protect|p1b: Eternatus
|-singleturn|p1b: Eternatus|Protect
|move|p2b: Miraidon|Electro Drift|p1b: Eternatus
|-activate|p1b: Eternatus|move: Protect
|move|p2a: Zamazenta|Body Press|p1b: Eternatus
|-activate|p1b: Eternatus|move: Protect
|
|-damage|p2b: Miraidon|32/100 psn|[from] psn
|-fieldend|move: Electric Terrain
|upkeep
|turn|7
|inactive|Yugi wit da hoodie has 30 seconds left.
|
|t:|1750796920
|move|p2b: Miraidon|Electro Drift|p1b: Eternatus
|-damage|p1b: Eternatus|31/100
|move|p1b: Eternatus|Sludge Bomb|p2b: Miraidon
|-damage|p2b: Miraidon|0 fnt
|faint|p2b: Miraidon
|move|p2a: Zamazenta|Body Press|p1b: Eternatus
|-resisted|p1b: Eternatus
|-damage|p1b: Eternatus|1/100
|
|upkeep
|turn|8
|inactive|AlejoB7 has 30 seconds left.
|c|☆AlejoB7|gg, the poison was so hard
|
|t:|1750796954
|move|p1b: Eternatus|Flamethrower|p2a: Zamazenta
|-supereffective|p2a: Zamazenta
|-damage|p2a: Zamazenta|0 fnt
|faint|p2a: Zamazenta
|
|win|Yugi wit da hoodie
|raw|Yugi wit da hoodie's rating: 1504 &rarr; <strong>1525</strong><br />(+21 for winning)
|raw|AlejoB7's rating: 1514 &rarr; <strong>1493</strong><br />(-21 for losing)
|c|☆AlejoB7|you playe god tho
|c|☆Yugi wit da hoodie|Ya thats tough
|c|☆Yugi wit da hoodie|Gg
|l|☆Yugi wit da hoodie
|player|p1|
|l|☆AlejoB7
|player|p2|
