|j|☆navinsachump
|j|☆gundi8
|t:|1750852726
|gametype|doubles
|player|p1|navinsachump|2|1488
|player|p2|gundi8|ethan-gen2|1521
|teamsize|p1|6
|teamsize|p2|6
|gen|9
|tier|[Gen 9] VGC 2025 Reg I
|rated|
|rule|Species Clause: Limit one of each Pokémon
|rule|Item Clause: Limit 1 of each item
|clearpoke
|poke|p1|Miraidon, L50|
|poke|p1|Lunala, L50|
|poke|p1|Whimsicott, L50, M|
|poke|p1|Chi-Yu, L50|
|poke|p1|Urshifu-*, L50, F|
|poke|p1|Iron Hands, L50|
|poke|p2|Miraidon, L50|
|poke|p2|Zamazenta-*, L50|
|poke|p2|Volcarona, L50, M|
|poke|p2|Chien-Pao, L50|
|poke|p2|Rillaboom, L50, F|
|poke|p2|Ogerpon, L50, F|
|teampreview|4
|inactive|Battle timer is ON: inactive players will automatically lose when time's up. (requested by gundi8)
|inactive|navinsachump has 60 seconds left.
|inactive|gundi8 has 60 seconds left.
|inactive|gundi8 has 30 seconds left.
|inactive|gundi8 has 20 seconds left.
|inactive|gundi8 has 15 seconds left.
|inactive|gundi8 has 10 seconds left.
|
|t:|1750852810
|start
|switch|p1a: Chi-Yu|Chi-Yu, L50|100/100
|switch|p1b: Lunala|Lunala, L50|100/100
|switch|p2a: Chien-Pao|Chien-Pao, L50|100/100
|switch|p2b: Ogerpon|Ogerpon, L50, F|100/100
|-ability|p1a: Chi-Yu|Beads of Ruin
|-ability|p2a: Chien-Pao|Sword of Ruin
|turn|1
|inactive|navinsachump has 30 seconds left.
|
|t:|1750852841
|switch|p2b: Miraidon|Miraidon, L50|100/100
|-fieldstart|move: Electric Terrain|[from] ability: Hadron Engine|[of] p2b: Miraidon
|-enditem|p1b: Lunala|Electric Seed
|-boost|p1b: Lunala|def|1|[from] item: Electric Seed
|-terastallize|p1b: Lunala|Water
|move|p1a: Chi-Yu|Heat Wave|p2b: Miraidon|[spread] p2a,p2b
|-supereffective|p2a: Chien-Pao
|-resisted|p2b: Miraidon
|-enditem|p2a: Chien-Pao|Focus Sash
|-damage|p2a: Chien-Pao|1/100
|-damage|p2b: Miraidon|74/100
|move|p2a: Chien-Pao|Crunch|p1b: Lunala
|-damage|p1b: Lunala|86/100
|move|p1b: Lunala|Moongeist Beam|p2a: Chien-Pao
|-resisted|p2a: Chien-Pao
|-damage|p2a: Chien-Pao|0 fnt
|faint|p2a: Chien-Pao
|
|upkeep
|
|t:|1750852850
|switch|p2a: Zamazenta|Zamazenta-Crowned, L50|100/100
|-ability|p2a: Zamazenta|Dauntless Shield|boost
|-boost|p2a: Zamazenta|def|1
|turn|2
|
|t:|1750852866
|switch|p1b: Miraidon|Miraidon, L50|100/100
|-activate|p1b: Miraidon|ability: Hadron Engine
|-terastallize|p2b: Miraidon|Electric
|move|p2a: Zamazenta|Wide Guard|p2a: Zamazenta
|-singleturn|p2a: Zamazenta|Wide Guard
|move|p2b: Miraidon|Electro Drift|p1b: Miraidon
|-resisted|p1b: Miraidon
|-damage|p1b: Miraidon|65/100
|move|p1a: Chi-Yu|Heat Wave|p2a: Zamazenta|[spread] 
|-activate|p2a: Zamazenta|move: Wide Guard
|-activate|p2b: Miraidon|move: Wide Guard
|
|upkeep
|turn|3
|
|t:|1750852882
|move|p2a: Zamazenta|Wide Guard|p2a: Zamazenta
|-singleturn|p2a: Zamazenta|Wide Guard
|move|p2b: Miraidon|Electro Drift|p1b: Miraidon
|-resisted|p1b: Miraidon
|-damage|p1b: Miraidon|27/100
|move|p1a: Chi-Yu|Heat Wave|p2b: Miraidon|[spread] 
|-activate|p2a: Zamazenta|move: Wide Guard
|-activate|p2b: Miraidon|move: Wide Guard
|move|p1b: Miraidon|Electro Drift|p2a: Zamazenta
|-damage|p2a: Zamazenta|0 fnt
|faint|p2a: Zamazenta
|
|upkeep
|
|t:|1750852889
|switch|p2a: Ogerpon|Ogerpon, L50, F|100/100
|turn|4
|inactive|gundi8 has 30 seconds left.
|
|t:|1750852917
|move|p2a: Ogerpon|Spiky Shield|p2a: Ogerpon
|-singleturn|p2a: Ogerpon|move: Protect
|move|p2b: Miraidon|Electro Drift|p1b: Miraidon
|-resisted|p1b: Miraidon
|-crit|p1b: Miraidon
|-damage|p1b: Miraidon|0 fnt
|faint|p1b: Miraidon
|move|p1a: Chi-Yu|Heat Wave|p2b: Miraidon|[spread] p2b
|-activate|p2a: Ogerpon|move: Protect
|-damage|p2b: Miraidon|26/100
|
|upkeep
|
|t:|1750852925
|switch|p1b: Iron Hands|Iron Hands, L50|100/100
|-activate|p1b: Iron Hands|ability: Quark Drive
|-start|p1b: Iron Hands|quarkdriveatk
|turn|5
|c|☆navinsachump|gg
|
|t:|1750852934
|move|p1b: Iron Hands|Fake Out|p2b: Miraidon
|-damage|p2b: Miraidon|9/100
|cant|p2b: Miraidon|flinch
|move|p1a: Chi-Yu|Heat Wave|p2a: Ogerpon|[spread] p2a,p2b
|-supereffective|p2a: Ogerpon
|-damage|p2a: Ogerpon|0 fnt
|-damage|p2b: Miraidon|0 fnt
|faint|p2a: Ogerpon
|faint|p2b: Miraidon
|
|win|navinsachump
|raw|navinsachump's rating: 1488 &rarr; <strong>1510</strong><br />(+22 for winning)
|raw|gundi8's rating: 1521 &rarr; <strong>1499</strong><br />(-22 for losing)
|l|☆navinsachump
|player|p1|
|l|☆gundi8
|player|p2|
|j|☆gundi8
|player|p2|gundi8|ethan-gen2|
