|j|☆ranga bhai
|j|☆jaffro1738
|t:|1750775686
|gametype|doubles
|player|p1|ranga bhai|266|1358
|player|p2|jaffro1738|266|1360
|teamsize|p1|6
|teamsize|p2|6
|gen|9
|tier|[Gen 9] VGC 2025 Reg I
|rated|
|rule|Species Clause: Limit one of each Pokémon
|rule|Item Clause: Limit 1 of each item
|clearpoke
|poke|p1|Lunala, L50|
|poke|p1|Miraidon, L50|
|poke|p1|Incineroar, L50, M|
|poke|p1|Urshifu-*, L50, F|
|poke|p1|Ogerpon-Cornerstone, L50, F|
|poke|p1|Ursaluna, L50, F|
|poke|p2|Calyrex-Ice, L50|
|poke|p2|Regidrago, L50|
|poke|p2|Dusclops, L50, M|
|poke|p2|Oranguru, L50, M|
|poke|p2|Terapagos, L50, M|
|poke|p2|Chi-Yu, L50|
|teampreview|4
|inactive|Battle timer is ON: inactive players will automatically lose when time's up. (requested by ranga bhai)
jaffro1738 rejected open team sheets.
|
|t:|1750775707
|start
|switch|p1a: Lunala|Lunala, L50|100/100
|switch|p1b: Incineroar|Incineroar, L50, M, shiny|100/100
|switch|p2a: Oranguru|Oranguru, L50, M|100/100
|switch|p2b: Chi-Yu|Chi-Yu, L50|100/100
|-ability|p2b: Chi-Yu|Beads of Ruin
|-ability|p1b: Incineroar|Intimidate|boost
|-fail|p2a: Oranguru|unboost|Attack|[from] ability: Inner Focus|[of] p2a: Oranguru
|-unboost|p2b: Chi-Yu|atk|1
|turn|1
|
|t:|1750775730
|-terastallize|p2b: Chi-Yu|Ghost
|move|p1b: Incineroar|Fake Out|p2b: Chi-Yu
|-immune|p2b: Chi-Yu
|move|p2b: Chi-Yu|Dark Pulse|p1a: Lunala
|-supereffective|p1a: Lunala
|-damage|p1a: Lunala|26/100
|cant|p1a: Lunala|flinch
|move|p2a: Oranguru|Trick Room|p2a: Oranguru
|-fieldstart|move: Trick Room|[of] p2a: Oranguru
|
|upkeep
|turn|2
|
|t:|1750775747
|move|p2a: Oranguru|Instruct|p2b: Chi-Yu
|-singleturn|p2b: Chi-Yu|move: Instruct|[of] p2a: Oranguru
|move|p2b: Chi-Yu|Dark Pulse|p1a: Lunala
|-supereffective|p1a: Lunala
|-damage|p1a: Lunala|0 fnt
|faint|p1a: Lunala
|move|p1b: Incineroar|Knock Off|p2b: Chi-Yu
|-supereffective|p2b: Chi-Yu
|-damage|p2b: Chi-Yu|0 fnt
|-enditem|p2b: Chi-Yu|Choice Scarf|[from] move: Knock Off|[of] p1b: Incineroar
|faint|p2b: Chi-Yu
|
|upkeep
|
|t:|1750775760
|switch|p1a: Ursaluna|Ursaluna, L50, F|100/100
|switch|p2b: Regidrago|Regidrago, L50|100/100
|turn|3
|
|t:|1750775777
|move|p1a: Ursaluna|Protect|p1a: Ursaluna
|-singleturn|p1a: Ursaluna|Protect
|move|p2b: Regidrago|Dragon Energy|p1a: Ursaluna|[spread] p1b
|-activate|p1a: Ursaluna|move: Protect
|-damage|p1b: Incineroar|57/100
|move|p2a: Oranguru|Instruct|p2b: Regidrago
|-singleturn|p2b: Regidrago|move: Instruct|[of] p2a: Oranguru
|move|p2b: Regidrago|Dragon Energy|p1a: Ursaluna|[spread] p1b
|-activate|p1a: Ursaluna|move: Protect
|-damage|p1b: Incineroar|6/100
|move|p1b: Incineroar|Knock Off|p2b: Regidrago
|-damage|p2b: Regidrago|55/100
|-enditem|p2b: Regidrago|Power Anklet|[from] move: Knock Off|[of] p1b: Incineroar
|
|-status|p1a: Ursaluna|brn|[from] item: Flame Orb
|upkeep
|turn|4
|inactive|ranga bhai has 30 seconds left.
|
|t:|1750775808
|move|p2a: Oranguru|Instruct|p2b: Regidrago
|-singleturn|p2b: Regidrago|move: Instruct|[of] p2a: Oranguru
|move|p2b: Regidrago|Dragon Energy|p1a: Ursaluna|[spread] p1a,p1b
|-crit|p1a: Ursaluna
|-damage|p1a: Ursaluna|52/100 brn
|-damage|p1b: Incineroar|0 fnt
|faint|p1b: Incineroar
|move|p1a: Ursaluna|Facade|p2a: Oranguru
|-damage|p2a: Oranguru|0 fnt
|faint|p2a: Oranguru
|move|p2b: Regidrago|Dragon Energy|p1a: Ursaluna
|-damage|p1a: Ursaluna|7/100 brn
|
|-damage|p1a: Ursaluna|1/100 brn|[from] brn
|upkeep
|
|t:|1750775824
|switch|p2a: Calyrex|Calyrex-Ice, L50|100/100
|switch|p1b: Miraidon|Miraidon, L50|100/100
|-ability|p2a: Calyrex|As One
|-ability|p2a: Calyrex|Unnerve
|-fieldstart|move: Electric Terrain|[from] ability: Hadron Engine|[of] p1b: Miraidon
|turn|5
|
|t:|1750775837
|-terastallize|p1b: Miraidon|Fairy
|move|p2a: Calyrex|Glacial Lance|p1b: Miraidon|[spread] p1a,p1b
|-supereffective|p1a: Ursaluna
|-damage|p1a: Ursaluna|0 fnt
|-damage|p1b: Miraidon|54/100
|faint|p1a: Ursaluna
|-ability|p2a: Calyrex|Chilling Neigh|boost
|-boost|p2a: Calyrex|atk|1
|move|p2b: Regidrago|Earth Power|p1b: Miraidon
|-damage|p1b: Miraidon|29/100
|move|p1b: Miraidon|Dazzling Gleam|p2a: Calyrex|[spread] p2a,p2b
|-supereffective|p2b: Regidrago
|-damage|p2a: Calyrex|76/100
|-damage|p2b: Regidrago|0 fnt
|faint|p2b: Regidrago
|
|-fieldend|move: Trick Room
|upkeep
|turn|6
|
|t:|1750775851
|move|p1b: Miraidon|Dazzling Gleam|p2a: Calyrex
|-damage|p2a: Calyrex|45/100
|move|p2a: Calyrex|Smart Strike|p1b: Miraidon
|-supereffective|p1b: Miraidon
|-damage|p1b: Miraidon|0 fnt
|faint|p1b: Miraidon
|
|win|jaffro1738
|raw|ranga bhai's rating: 1358 &rarr; <strong>1338</strong><br />(-20 for losing)
|raw|jaffro1738's rating: 1360 &rarr; <strong>1380</strong><br />(+20 for winning)
|l|☆ranga bhai
|player|p1|
|l|☆jaffro1738
|player|p2|
