|j|☆Kellen1999
|j|☆franzulli
|t:|1750767973
|gametype|doubles
|player|p1|Kellen1999|cynthia-gen4|1535
|player|p2|franzulli|policeman-gen4|1457
|teamsize|p1|6
|teamsize|p2|6
|gen|9
|tier|[Gen 9] VGC 2025 Reg I
|rated|
|rule|Species Clause: Limit one of each Pokémon
|rule|Item Clause: Limit 1 of each item
|clearpoke
|poke|p1|Calyrex-Ice, L50|
|poke|p1|Smeargle, L50, F|
|poke|p1|Indeedee-F, L50, F|
|poke|p1|Lunala, L50|
|poke|p1|Incineroar, L50, F|
|poke|p1|Urshifu-*, L50, F|
|poke|p2|Eternatus, L50|
|poke|p2|Rillaboom, L50, M|
|poke|p2|Incineroar, L50, M|
|poke|p2|Ting-Lu, L50|
|poke|p2|Ho-Oh, L50|
|poke|p2|Primarina, L50, M|
|teampreview|4
|inactive|Battle timer is ON: inactive players will automatically lose when time's up. (requested by Kellen1999)
|inactive|franzulli has 60 seconds left.
|
|t:|1750768022
|start
|switch|p1a: Calyrex|Calyrex-Ice, L50|100/100
|switch|p1b: Smeargle|Smeargle, L50, F, shiny|100/100
|switch|p2a: Eternatus|Eternatus, L50|100/100
|switch|p2b: Incineroar|Incineroar, L50, M|100/100
|-ability|p1a: Calyrex|As One
|-ability|p1a: Calyrex|Unnerve
|-ability|p2a: Eternatus|Pressure
|-ability|p2b: Incineroar|Intimidate|boost
|-unboost|p1a: Calyrex|atk|1
|-unboost|p1b: Smeargle|atk|1
|-enditem|p1b: Smeargle|Eject Pack
|
|t:|1750768039
|switch|p1b: Urshifu|Urshifu-Rapid-Strike, L50, F|100/100
|turn|1
|
|t:|1750768056
|-terastallize|p2a: Eternatus|Fairy
|move|p2b: Incineroar|Fake Out|p1b: Urshifu
|-damage|p1b: Urshifu|89/100
|move|p2a: Eternatus|Cosmic Power|p2a: Eternatus
|-boost|p2a: Eternatus|def|1
|-boost|p2a: Eternatus|spd|1
|cant|p1b: Urshifu|flinch
|move|p1a: Calyrex|Leech Seed|p2a: Eternatus
|-start|p2a: Eternatus|move: Leech Seed
|
|-damage|p2a: Eternatus|88/100|[from] Leech Seed|[of] p1a: Calyrex
|upkeep
|turn|2
|inactive|Kellen1999 has 30 seconds left.
|inactive|Kellen1999 has 20 seconds left.
|
|t:|1750768094
|move|p2a: Eternatus|Sludge Bomb|p1a: Calyrex
|-damage|p1a: Calyrex|69/100
|-status|p1a: Calyrex|psn
|move|p1b: Urshifu|Taunt|p2b: Incineroar
|-start|p2b: Incineroar|move: Taunt
|cant|p2b: Incineroar|move: Taunt|Will-O-Wisp
|move|p1a: Calyrex|Leech Seed|p2b: Incineroar
|-start|p2b: Incineroar|move: Leech Seed
|
|-heal|p2a: Eternatus|94/100|[from] item: Leftovers
|-heal|p1a: Calyrex|74/100 psn|[from] item: Leftovers
|-damage|p2a: Eternatus|82/100|[from] Leech Seed|[of] p1a: Calyrex
|-heal|p1a: Calyrex|89/100 psn|[silent]
|-damage|p2b: Incineroar|88/100|[from] Leech Seed|[of] p1a: Calyrex
|-heal|p1a: Calyrex|100/100 psn|[silent]
|-damage|p1a: Calyrex|88/100 psn|[from] psn
|upkeep
|turn|3
|inactive|Kellen1999 has 30 seconds left.
|
|t:|1750768124
|switch|p1b: Smeargle|Smeargle, L50, F, shiny|100/100
|switch|p2b: Primarina|Primarina, L50, M|100/100
|move|p2a: Eternatus|Sludge Bomb|p1b: Smeargle
|-damage|p1b: Smeargle|18/100
|move|p1a: Calyrex|Leech Seed|p2b: Primarina
|-start|p2b: Primarina|move: Leech Seed
|
|-heal|p2a: Eternatus|88/100|[from] item: Leftovers
|-heal|p1a: Calyrex|94/100 psn|[from] item: Leftovers
|-damage|p2a: Eternatus|76/100|[from] Leech Seed|[of] p1a: Calyrex
|-heal|p1a: Calyrex|100/100 psn|[silent]
|-damage|p2b: Primarina|88/100|[from] Leech Seed|[of] p1a: Calyrex
|-damage|p1a: Calyrex|88/100 psn|[from] psn
|-ability|p1b: Smeargle|Moody|boost
|-boost|p1b: Smeargle|spd|2
|-unboost|p1b: Smeargle|spa|1
|upkeep
|turn|4
|inactive|Kellen1999 has 30 seconds left.
|inactive|franzulli has 30 seconds left.
|inactive|franzulli has 20 seconds left.
|
|t:|1750768159
|move|p2a: Eternatus|Cosmic Power|p2a: Eternatus
|-boost|p2a: Eternatus|def|1
|-boost|p2a: Eternatus|spd|1
|move|p1b: Smeargle|Decorate|p1a: Calyrex
|-boost|p1a: Calyrex|atk|2
|-boost|p1a: Calyrex|spa|2
|move|p2b: Primarina|Life Dew|p2b: Primarina|[spread] p2a,p2b
|-heal|p2a: Eternatus|100/100
|-heal|p2b: Primarina|100/100
|move|p1a: Calyrex|Glacial Lance|p2b: Primarina|[spread] p2a,p2b
|-resisted|p2b: Primarina
|-crit|p2b: Primarina
|-damage|p2a: Eternatus|69/100
|-damage|p2b: Primarina|36/100
|
|-heal|p2a: Eternatus|75/100|[from] item: Leftovers
|-heal|p1a: Calyrex|94/100 psn|[from] item: Leftovers
|-damage|p2a: Eternatus|62/100|[from] Leech Seed|[of] p1a: Calyrex
|-heal|p1a: Calyrex|100/100 psn|[silent]
|-damage|p2b: Primarina|24/100|[from] Leech Seed|[of] p1a: Calyrex
|-damage|p1a: Calyrex|88/100 psn|[from] psn
|-ability|p1b: Smeargle|Moody|boost
|-boost|p1b: Smeargle|spa|2
|-unboost|p1b: Smeargle|atk|1
|upkeep
|turn|5
|-message|franzulli forfeited.
|
|win|Kellen1999
|raw|Kellen1999's rating: 1535 &rarr; <strong>1551</strong><br />(+16 for winning)
|raw|franzulli's rating: 1457 &rarr; <strong>1441</strong><br />(-16 for losing)
|l|☆franzulli
|player|p2|
|l|☆Kellen1999
|player|p1|
