|j|☆BoshyBoshy
|j|☆bob the eaterrr
|t:|1750807552
|gametype|doubles
|player|p1|BoshyBoshy|1|1152
|player|p2|bob the eaterrr|wattson|1215
|teamsize|p1|6
|teamsize|p2|6
|gen|9
|tier|[Gen 9] VGC 2025 Reg I
|rated|
|rule|Species Clause: Limit one of each Pokémon
|rule|Item Clause: Limit 1 of each item
|clearpoke
|poke|p1|Ursaluna, L50, F|
|poke|p1|Sinistcha, L50|
|poke|p1|Lunala, L50|
|poke|p1|Azelf, L50|
|poke|p1|Zacian-*, L50|
|poke|p1|Torkoal, L50, M|
|poke|p2|Zamazenta-*, L50|
|poke|p2|Urshifu-*, L50, F|
|poke|p2|Calyrex-Shadow, L50|
|poke|p2|Whimsicott, L50, M|
|poke|p2|Incineroar, L50, M|
|poke|p2|Raging Bolt, L50|
|teampreview|4
|inactive|Battle timer is ON: inactive players will automatically lose when time's up. (requested by BoshyBoshy)
|
|t:|1750807577
|start
|switch|p1a: Lunala|Lunala, L50|100/100
|switch|p1b: Azelf|Azelf, L50|100/100
|switch|p2a: Whimsicott|Whimsicott, L50, M|100/100
|switch|p2b: Calyrex|Calyrex-Shadow, L50|100/100
|-ability|p2b: Calyrex|As One
|-ability|p2b: Calyrex|Unnerve
|turn|1
|c|☆BoshyBoshy|oops
|inactive|BoshyBoshy has 30 seconds left.
|c|☆BoshyBoshy|i made an error in teambuilder
|
|t:|1750807608
|-terastallize|p2b: Calyrex|Normal
|move|p1a: Lunala|Wide Guard|p1a: Lunala
|-singleturn|p1a: Lunala|Wide Guard
|move|p2b: Calyrex|Astral Barrage|p1b: Azelf|[spread] 
|-activate|p1a: Lunala|move: Wide Guard
|-activate|p1b: Azelf|move: Wide Guard
|move|p1b: Azelf|Knock Off|p2b: Calyrex
|-damage|p2b: Calyrex|68/100
|-enditem|p2b: Calyrex|Life Orb|[from] move: Knock Off|[of] p1b: Azelf
|move|p2a: Whimsicott|Trick Room|p2a: Whimsicott
|-fieldstart|move: Trick Room|[of] p2a: Whimsicott
|
|upkeep
|turn|2
|inactive|BoshyBoshy has 30 seconds left.
|inactive|bob the eaterrr has 30 seconds left.
|
|t:|1750807643
|switch|p2b: Incineroar|Incineroar, L50, M|100/100
|-ability|p2b: Incineroar|Intimidate|boost
|-unboost|p1a: Lunala|atk|1
|-unboost|p1b: Azelf|atk|1
|move|p1b: Azelf|Explosion|p2b: Incineroar|[spread] p2a,p2b
|-immune|p1a: Lunala
|-damage|p2a: Whimsicott|49/100
|-damage|p2b: Incineroar|74/100
|faint|p1b: Azelf
|move|p1a: Lunala|Moonblast|p2b: Incineroar
|-damage|p2b: Incineroar|38/100
|-unboost|p2b: Incineroar|spa|1
|move|p2a: Whimsicott|Trick Room|p2a: Whimsicott
|-fieldend|move: Trick Room
|
|upkeep
|
|t:|1750807667
|switch|p1b: Ursaluna|Ursaluna, L50, F|100/100
|turn|3
|
|t:|1750807681
|-terastallize|p1a: Lunala|Fairy
|move|p2a: Whimsicott|Tailwind|p2a: Whimsicott
|-sidestart|p2: bob the eaterrr|move: Tailwind
|move|p2b: Incineroar|Knock Off|p1b: Ursaluna
|-damage|p1b: Ursaluna|71/100
|-enditem|p1b: Ursaluna|Flame Orb|[from] move: Knock Off|[of] p2b: Incineroar
|move|p1b: Ursaluna|Facade|p2a: Whimsicott
|-damage|p2a: Whimsicott|0 fnt
|faint|p2a: Whimsicott
|move|p1a: Lunala|Trick Room|p1a: Lunala
|-fieldstart|move: Trick Room|[of] p1a: Lunala
|
|upkeep
|
|t:|1750807694
|switch|p2a: Zamazenta|Zamazenta-Crowned, L50|100/100
|-ability|p2a: Zamazenta|Dauntless Shield|boost
|-boost|p2a: Zamazenta|def|1
|turn|4
|
|t:|1750807702
|move|p2a: Zamazenta|Protect|p2a: Zamazenta
|-singleturn|p2a: Zamazenta|Protect
|move|p1b: Ursaluna|Headlong Rush|p2a: Zamazenta
|-activate|p2a: Zamazenta|move: Protect
|move|p1a: Lunala|Moongeist Beam|p2a: Zamazenta
|-activate|p2a: Zamazenta|move: Protect
|move|p2b: Incineroar|Parting Shot|p1b: Ursaluna
|-unboost|p1b: Ursaluna|atk|1
|-unboost|p1b: Ursaluna|spa|1
|
|t:|1750807714
|switch|p2b: Calyrex|Calyrex-Shadow, L50, tera:Normal|68/100|[from] Parting Shot
|-ability|p2b: Calyrex|As One
|-ability|p2b: Calyrex|Unnerve
|
|upkeep
|turn|5
|
|t:|1750807723
|move|p2b: Calyrex|Protect|p2b: Calyrex
|-singleturn|p2b: Calyrex|Protect
|move|p1b: Ursaluna|Headlong Rush|p2a: Zamazenta
|-supereffective|p2a: Zamazenta
|-damage|p2a: Zamazenta|57/100
|-unboost|p1b: Ursaluna|def|1
|-unboost|p1b: Ursaluna|spd|1
|move|p1a: Lunala|Moonblast|p2b: Calyrex
|-activate|p2b: Calyrex|move: Protect
|move|p2a: Zamazenta|Body Press|p1b: Ursaluna
|-supereffective|p1b: Ursaluna
|-damage|p1b: Ursaluna|0 fnt
|faint|p1b: Ursaluna
|
|upkeep
|
|t:|1750807728
|switch|p1b: Torkoal|Torkoal, L50, M|100/100
|-weather|SunnyDay|[from] ability: Drought|[of] p1b: Torkoal
|turn|6
|
|t:|1750807746
|move|p1b: Torkoal|Eruption|p2b: Calyrex|[spread] p2a,p2b
|-supereffective|p2a: Zamazenta
|-damage|p2a: Zamazenta|0 fnt
|-damage|p2b: Calyrex|0 fnt
|faint|p2a: Zamazenta
|faint|p2b: Calyrex
|move|p1a: Lunala|Moongeist Beam|p2: Zamazenta|[notarget]
|-fail|p1a: Lunala
|
|-weather|SunnyDay|[upkeep]
|-sideend|p2: bob the eaterrr|move: Tailwind
|upkeep
|
|t:|1750807755
|switch|p2b: Incineroar|Incineroar, L50, M|38/100
|-ability|p2b: Incineroar|Intimidate|boost
|-unboost|p1a: Lunala|atk|1
|-unboost|p1b: Torkoal|atk|1
|turn|7
|c|☆BoshyBoshy|gg
|
|t:|1750807765
|move|p2b: Incineroar|Fake Out|p1b: Torkoal
|-damage|p1b: Torkoal|92/100
|cant|p1b: Torkoal|flinch
|move|p1a: Lunala|Moonblast|p2b: Incineroar
|-damage|p2b: Incineroar|0 fnt
|faint|p2b: Incineroar
|
|win|BoshyBoshy
|raw|BoshyBoshy's rating: 1152 &rarr; <strong>1181</strong><br />(+29 for winning)
|raw|bob the eaterrr's rating: 1215 &rarr; <strong>1186</strong><br />(-29 for losing)
|l|☆bob the eaterrr
|player|p2|
|l|☆BoshyBoshy
|player|p1|
