|j|☆mono fairy (real)
|j|☆DBWaffles
|t:|1750713357
|gametype|doubles
|player|p1|mono fairy (real)|mira|1142
|player|p2|DBWaffles|102|1230
|teamsize|p1|6
|teamsize|p2|6
|gen|9
|tier|[Gen 9] VGC 2025 Reg I
|rated|
|rule|Species Clause: Limit one of each Pokémon
|rule|Item Clause: Limit 1 of each item
|clearpoke
|poke|p1|Whimsicott, L50, F|
|poke|p1|Enamorus, L50, F|
|poke|p1|Scream Tail, L50|
|poke|p1|Calyrex-Shadow, L50|
|poke|p1|Eternatus, L50|
|poke|p1|Tinkaton, L50, F|
|poke|p2|Masquerain, L50, M|
|poke|p2|Incineroar, L50, M|
|poke|p2|Miraidon, L50|
|poke|p2|Rillaboom, L50, M|
|poke|p2|Kyogre, L50|
|poke|p2|Urshifu-*, L50, M|
|teampreview|4
|inactive|Battle timer is ON: inactive players will automatically lose when time's up. (requested by DBWaffles)
|inactive|mono fairy (real) also wants the timer to be on.
|
|t:|1750713374
|start
|switch|p1a: Whimsicott|Whimsicott, L50, F|100/100
|switch|p1b: Enamorus|Enamorus, L50, F|100/100
|switch|p2a: Masquerain|Masquerain, L50, M|100/100
|switch|p2b: Incineroar|Incineroar, L50, M|100/100
|-ability|p2a: Masquerain|Intimidate|boost
|-unboost|p1a: Whimsicott|atk|1
|-boost|p1b: Enamorus|atk|1
|-ability|p2b: Incineroar|Intimidate|boost
|-unboost|p1a: Whimsicott|atk|1
|-boost|p1b: Enamorus|atk|1
|turn|1
|
|t:|1750713387
|move|p2b: Incineroar|Fake Out|p1b: Enamorus
|-damage|p1b: Enamorus|82/100
|move|p1a: Whimsicott|Tailwind|p1a: Whimsicott
|-sidestart|p1: mono fairy (real)|move: Tailwind
|cant|p1b: Enamorus|flinch
|move|p2a: Masquerain|Sticky Web|p1b: Enamorus
|-sidestart|p1: mono fairy (real)|move: Sticky Web
|
|upkeep
|turn|2
|
|t:|1750713405
|move|p1a: Whimsicott|Moonblast|p2b: Incineroar
|-damage|p2b: Incineroar|77/100
|-unboost|p2b: Incineroar|spa|1
|move|p1b: Enamorus|Misty Explosion|p2a: Masquerain|[spread] p1a,p2a,p2b
|-damage|p1a: Whimsicott|0 fnt
|-damage|p2a: Masquerain|41/100
|-damage|p2b: Incineroar|31/100
|faint|p1b: Enamorus
|faint|p1a: Whimsicott
|move|p2a: Masquerain|U-turn|p1: Whimsicott|[notarget]
|-fail|p2a: Masquerain
|move|p2b: Incineroar|Roar|p1: Whimsicott|[notarget]
|-fail|p2b: Incineroar
|
|upkeep
|
|t:|1750713408
|switch|p1a: Scream Tail|Scream Tail, L50|100/100
|switch|p1b: Calyrex|Calyrex-Shadow, L50|100/100
|-ability|p1b: Calyrex|As One
|-ability|p1b: Calyrex|Unnerve
|-activate|p1b: Calyrex|move: Sticky Web
|-unboost|p1b: Calyrex|spe|1
|-activate|p1a: Scream Tail|move: Sticky Web
|-unboost|p1a: Scream Tail|spe|1
|-enditem|p1a: Scream Tail|Booster Energy
|-activate|p1a: Scream Tail|ability: Protosynthesis|[fromitem]
|-start|p1a: Scream Tail|protosynthesisdef
|turn|3
|inactive|DBWaffles has 30 seconds left.
|
|t:|1750713435
|-terastallize|p1b: Calyrex|Fairy
|move|p2a: Masquerain|Protect|p2a: Masquerain
|-singleturn|p2a: Masquerain|Protect
|move|p1b: Calyrex|Astral Barrage|p2b: Incineroar|[spread] p2b
|-activate|p2a: Masquerain|move: Protect
|-resisted|p2b: Incineroar
|-damage|p2b: Incineroar|11/100
|move|p1a: Scream Tail|Gyro Ball|p1b: Calyrex
|-supereffective|p1b: Calyrex
|-damage|p1b: Calyrex|87/100
|-enditem|p1b: Calyrex|Weakness Policy
|-boost|p1b: Calyrex|atk|2|[from] item: Weakness Policy
|-boost|p1b: Calyrex|spa|2|[from] item: Weakness Policy
|move|p2b: Incineroar|Parting Shot|p1b: Calyrex
|-unboost|p1b: Calyrex|atk|1
|-unboost|p1b: Calyrex|spa|1
|
|t:|1750713453
|switch|p2b: Kyogre|Kyogre, L50|100/100|[from] Parting Shot
|-weather|RainDance|[from] ability: Drizzle|[of] p2b: Kyogre
|
|-weather|RainDance|[upkeep]
|upkeep
|turn|4
|
|t:|1750713476
|move|p2b: Kyogre|Protect|p2b: Kyogre
|-singleturn|p2b: Kyogre|Protect
|move|p1b: Calyrex|Astral Barrage|p2a: Masquerain|[spread] p2a
|-activate|p2b: Kyogre|move: Protect
|-damage|p2a: Masquerain|0 fnt
|faint|p2a: Masquerain
|-ability|p1b: Calyrex|Grim Neigh|boost
|-boost|p1b: Calyrex|spa|1
|move|p1a: Scream Tail|Thunder Wave|p2b: Kyogre
|-activate|p2b: Kyogre|move: Protect
|
|-weather|RainDance|[upkeep]
|-sideend|p1: mono fairy (real)|move: Tailwind
|upkeep
|
|t:|1750713489
|switch|p2a: Miraidon|Miraidon, L50|100/100
|-fieldstart|move: Electric Terrain|[from] ability: Hadron Engine|[of] p2a: Miraidon
|turn|5
|
|t:|1750713504
|move|p1b: Calyrex|Protect|p1b: Calyrex
|-singleturn|p1b: Calyrex|Protect
|move|p2a: Miraidon|Electro Drift|p1b: Calyrex
|-activate|p1b: Calyrex|move: Protect
|move|p2b: Kyogre|Water Spout|p1a: Scream Tail|[spread] p1a
|-activate|p1b: Calyrex|move: Protect
|-damage|p1a: Scream Tail|10/100
|move|p1a: Scream Tail|Disable|p2a: Miraidon
|-start|p2a: Miraidon|Disable|Electro Drift
|
|-weather|RainDance|[upkeep]
|upkeep
|turn|6
|
|t:|1750713515
|switch|p2a: Incineroar|Incineroar, L50, M|11/100
|-ability|p2a: Incineroar|Intimidate|boost
|-unboost|p1a: Scream Tail|atk|1
|-unboost|p1b: Calyrex|atk|1
|-terastallize|p2b: Kyogre|Water
|move|p2b: Kyogre|Water Spout|p1a: Scream Tail|[spread] p1a,p1b
|-damage|p1a: Scream Tail|0 fnt
|-damage|p1b: Calyrex|0 fnt
|faint|p1a: Scream Tail
|-end|p1a: Scream Tail|Protosynthesis|[silent]
|faint|p1b: Calyrex
|
|win|DBWaffles
|raw|mono fairy (real)'s rating: 1142 &rarr; <strong>1123</strong><br />(-19 for losing)
|raw|DBWaffles's rating: 1230 &rarr; <strong>1249</strong><br />(+19 for winning)
|l|☆mono fairy (real)
|player|p1|
|l|☆DBWaffles
|player|p2|
