|j|☆jatpark
|j|☆KenjiPT
|t:|1750800110
|gametype|doubles
|player|p1|jatpark|102|1316
|player|p2|KenjiPT|blackbelt-gen4dp|1273
|teamsize|p1|6
|teamsize|p2|6
|gen|9
|tier|[Gen 9] VGC 2025 Reg I
|rated|
|rule|Species Clause: Limit one of each Pokémon
|rule|Item Clause: Limit 1 of each item
|clearpoke
|poke|p1|Stonjourner, L50, M|
|poke|p1|Whimsicott, L50, F|
|poke|p1|Indeedee-F, L50, F|
|poke|p1|Calyrex-Shadow, L50|
|poke|p1|Groudon, L50|
|poke|p1|Pincurchin, L50, F|
|poke|p2|Indeedee-F, L50, F|
|poke|p2|Drifblim, L50, F|
|poke|p2|Eternatus, L50|
|poke|p2|Tatsugiri, L50, M|
|poke|p2|Dondozo, L50, M|
|poke|p2|Lugia, L50|
|teampreview|4
|inactive|Battle timer is ON: inactive players will automatically lose when time's up. (requested by KenjiPT)
KenjiPT rejected open team sheets.
|inactive|jatpark has 60 seconds left.
|
|t:|1750800153
|start
|switch|p1a: Whimsicott|Whimsicott, L50, F|100/100
|switch|p1b: Calyrex|Calyrex-Shadow, L50|100/100
|switch|p2a: Indeedee|Indeedee-F, L50, F, shiny|100/100
|switch|p2b: Drifblim|Drifblim, L50, F, shiny|100/100
|-ability|p1b: Calyrex|As One
|-ability|p1b: Calyrex|Unnerve
|-fieldstart|move: Psychic Terrain|[from] ability: Psychic Surge|[of] p2a: Indeedee
|-enditem|p2b: Drifblim|Psychic Seed
|-boost|p2b: Drifblim|spd|1|[from] item: Psychic Seed
|turn|1
|
|t:|1750800170
|-terastallize|p1b: Calyrex|Grass
|move|p2b: Drifblim|Protect|p2b: Drifblim
|-singleturn|p2b: Drifblim|Protect
|move|p1a: Whimsicott|Taunt|p2a: Indeedee
|-activate|p2a: Indeedee|move: Psychic Terrain
|move|p1b: Calyrex|Expanding Force|p2b: Drifblim|[spread] p2a
|-activate|p2b: Drifblim|move: Protect
|-resisted|p2a: Indeedee
|-damage|p2a: Indeedee|52/100
|move|p2a: Indeedee|Light Screen|p2a: Indeedee
|-sidestart|p2: KenjiPT|move: Light Screen
|
|upkeep
|turn|2
|
|t:|1750800192
|-terastallize|p2b: Drifblim|Dark
|move|p2a: Indeedee|Follow Me|p2a: Indeedee
|-singleturn|p2a: Indeedee|move: Follow Me
|move|p2b: Drifblim|Minimize|p2b: Drifblim
|-boost|p2b: Drifblim|evasion|2
|move|p1b: Calyrex|Expanding Force|p2a: Indeedee|[spread] p2a
|-immune|p2b: Drifblim
|-resisted|p2a: Indeedee
|-damage|p2a: Indeedee|16/100
|move|p1a: Whimsicott|Moonblast|p2a: Indeedee
|-damage|p2a: Indeedee|0 fnt
|faint|p2a: Indeedee
|
|upkeep
|
|t:|1750800205
|switch|p2a: Tatsugiri|Tatsugiri, L50, M, shiny|100/100
|turn|3
|
|t:|1750800217
|move|p2a: Tatsugiri|Protect|p2a: Tatsugiri
|-singleturn|p2a: Tatsugiri|Protect
|move|p2b: Drifblim|Minimize|p2b: Drifblim
|-boost|p2b: Drifblim|evasion|2
|move|p1b: Calyrex|Expanding Force|p2b: Drifblim|[spread] 
|-activate|p2a: Tatsugiri|move: Protect
|-immune|p2b: Drifblim
|move|p1a: Whimsicott|Grass Knot|p2b: Drifblim
|-damage|p2b: Drifblim|94/100
|
|upkeep
|turn|4
|
|t:|1750800236
|switch|p1b: Pincurchin|Pincurchin, L50, F|100/100
|move|p2b: Drifblim|Minimize|p2b: Drifblim
|-boost|p2b: Drifblim|evasion|2
|move|p1a: Whimsicott|Moonblast|p2a: Tatsugiri
|-supereffective|p2a: Tatsugiri
|-damage|p2a: Tatsugiri|45/100
|-unboost|p2a: Tatsugiri|spa|1
|move|p2a: Tatsugiri|Icy Wind|p1b: Pincurchin|[spread] p1a,p1b
|-supereffective|p1a: Whimsicott
|-damage|p1a: Whimsicott|73/100
|-damage|p1b: Pincurchin|90/100
|-unboost|p1b: Pincurchin|spe|1
|
|upkeep
|turn|5
|
|t:|1750800250
|move|p2a: Tatsugiri|Protect|p2a: Tatsugiri
|-singleturn|p2a: Tatsugiri|Protect
|move|p2b: Drifblim|Baton Pass|p2b: Drifblim
|
|t:|1750800254
|switch|p2b: Dondozo|Dondozo, L50, M, shiny|100/100|[from] Baton Pass
|-activate|p2a: Tatsugiri|ability: Commander|[of] p2b: Dondozo
|-boost|p2b: Dondozo|atk|2
|-boost|p2b: Dondozo|spa|2
|-boost|p2b: Dondozo|spe|2
|-boost|p2b: Dondozo|def|2
|-boost|p2b: Dondozo|spd|2
|move|p1a: Whimsicott|Moonblast|p2b: Dondozo|[miss]
|-miss|p1a: Whimsicott|p2b: Dondozo
|move|p1b: Pincurchin|Toxic Spikes|p2b: Dondozo
|-sidestart|p2: KenjiPT|move: Toxic Spikes
|
|-sideend|p2: KenjiPT|move: Light Screen
|-fieldend|move: Psychic Terrain
|upkeep
|turn|6
|
|t:|1750800271
|move|p1a: Whimsicott|Grass Knot|p2b: Dondozo|[miss]
|-miss|p1a: Whimsicott|p2b: Dondozo
|move|p2b: Dondozo|Substitute|p2b: Dondozo
|-start|p2b: Dondozo|Substitute
|-damage|p2b: Dondozo|76/100
|move|p1b: Pincurchin|Pain Split||[still]
|-fail|p1b: Pincurchin
|
|-heal|p2b: Dondozo|82/100|[from] item: Leftovers
|upkeep
|turn|7
|
|t:|1750800284
|move|p2b: Dondozo|Protect|p2b: Dondozo
|-singleturn|p2b: Dondozo|Protect
|move|p1a: Whimsicott|Grass Knot|p2b: Dondozo
|-activate|p2b: Dondozo|move: Protect
|move|p1b: Pincurchin|Pain Split|p2b: Dondozo
|-activate|p2b: Dondozo|move: Protect
|
|-heal|p2b: Dondozo|88/100|[from] item: Leftovers
|upkeep
|turn|8
|
|t:|1750800294
|move|p1a: Whimsicott|Moonblast|p2b: Dondozo
|-crit|p2b: Dondozo
|-end|p2b: Dondozo|Substitute
|move|p2b: Dondozo|Order Up|p1b: Pincurchin
|-damage|p1b: Pincurchin|20/100
|-boost|p2b: Dondozo|atk|1
|move|p1b: Pincurchin|Pain Split|p2b: Dondozo
|-sethp|p2b: Dondozo|50/100|[from] move: Pain Split|[silent]
|-sethp|p1b: Pincurchin|91/100|[from] move: Pain Split
|
|-heal|p2b: Dondozo|56/100|[from] item: Leftovers
|upkeep
|turn|9
|
|t:|1750800309
|move|p2b: Dondozo|Protect|p2b: Dondozo
|-singleturn|p2b: Dondozo|Protect
|move|p1a: Whimsicott|Grass Knot|p2b: Dondozo
|-activate|p2b: Dondozo|move: Protect
|move|p1b: Pincurchin|Pain Split|p2b: Dondozo
|-activate|p2b: Dondozo|move: Protect
|
|-heal|p2b: Dondozo|62/100|[from] item: Leftovers
|upkeep
|turn|10
|
|t:|1750800317
|move|p1a: Whimsicott|Grass Knot|p2b: Dondozo|[miss]
|-miss|p1a: Whimsicott|p2b: Dondozo
|move|p2b: Dondozo|Earthquake|p1a: Whimsicott|[spread] p1a,p1b
|-miss|p2b: Dondozo|p2a: Tatsugiri
|-resisted|p1a: Whimsicott
|-supereffective|p1b: Pincurchin
|-damage|p1a: Whimsicott|36/100
|-damage|p1b: Pincurchin|0 fnt
|faint|p1b: Pincurchin
|
|-heal|p2b: Dondozo|68/100|[from] item: Leftovers
|upkeep
|-message|jatpark forfeited.
|
|win|KenjiPT
|raw|jatpark's rating: 1316 &rarr; <strong>1294</strong><br />(-22 for losing)
|raw|KenjiPT's rating: 1273 &rarr; <strong>1301</strong><br />(+28 for winning)
|l|☆jatpark
|player|p1|
|l|☆KenjiPT
|player|p2|
