|j|☆What The Groudon
|j|☆Gibsteroni
|t:|1750743125
|gametype|doubles
|player|p1|What The Groudon|acerola-masters2|1410
|player|p2|Gibsteroni|101|1368
|teamsize|p1|6
|teamsize|p2|6
|gen|9
|tier|[Gen 9] VGC 2025 Reg I
|rated|
|rule|Species Clause: Limit one of each Pokémon
|rule|Item Clause: Limit 1 of each item
|clearpoke
|poke|p1|Groudon, L50|
|poke|p1|Miraidon, L50|
|poke|p1|Entei, L50|
|poke|p1|Whimsicott, L50, M|
|poke|p1|Urshifu-*, L50, F|
|poke|p1|Volcarona, L50, F|
|poke|p2|Dialga-Origin, L50|
|poke|p2|Miraidon, L50|
|poke|p2|Incineroar, L50, M|
|poke|p2|Ursaluna, L50, M|
|poke|p2|Pelipper, L50, M|
|poke|p2|Sinistcha, L50|
|teampreview|4
|inactive|Battle timer is ON: inactive players will automatically lose when time's up. (requested by What The Groudon)
|inactive|Gibsteroni has 60 seconds left.
|
|t:|1750743177
|start
|switch|p1a: Miraidon|Miraidon, L50|100/100
|switch|p1b: Whimsicott|Whimsicott, L50, M|100/100
|switch|p2a: Dialga|Dialga-Origin, L50|100/100
|switch|p2b: Incineroar|Incineroar, L50, M|100/100
|-fieldstart|move: Electric Terrain|[from] ability: Hadron Engine|[of] p1a: Miraidon
|-ability|p2b: Incineroar|Intimidate|boost
|-unboost|p1a: Miraidon|atk|1
|-unboost|p1b: Whimsicott|atk|1
|turn|1
|
|t:|1750743196
|-terastallize|p1a: Miraidon|Fairy
|move|p2b: Incineroar|Fake Out|p1a: Miraidon
|-damage|p1a: Miraidon|89/100
|move|p1b: Whimsicott|Light Screen|p1b: Whimsicott
|-sidestart|p1: What The Groudon|move: Light Screen
|cant|p1a: Miraidon|flinch
|move|p2a: Dialga|Flash Cannon|p1b: Whimsicott
|-supereffective|p1b: Whimsicott
|-damage|p1b: Whimsicott|6/100
|
|upkeep
|turn|2
|inactive|Gibsteroni has 30 seconds left.
|
|t:|1750743222
|switch|p2b: Ursaluna|Ursaluna, L50, M|100/100
|move|p1b: Whimsicott|Moonblast|p2a: Dialga
|-damage|p2a: Dialga|83/100
|move|p1a: Miraidon|Draco Meteor|p2a: Dialga
|-damage|p2a: Dialga|0 fnt
|-unboost|p1a: Miraidon|spa|2
|faint|p2a: Dialga
|
|-status|p2b: Ursaluna|brn|[from] item: Flame Orb
|upkeep
|
|t:|1750743239
|switch|p2a: Incineroar|Incineroar, L50, M|100/100
|-ability|p2a: Incineroar|Intimidate|boost
|-unboost|p1a: Miraidon|atk|1
|-unboost|p1b: Whimsicott|atk|1
|turn|3
|
|t:|1750743254
|move|p2a: Incineroar|Fake Out|p1a: Miraidon
|-damage|p1a: Miraidon|78/100
|move|p1b: Whimsicott|Tailwind|p1b: Whimsicott
|-sidestart|p1: What The Groudon|move: Tailwind
|cant|p1a: Miraidon|flinch
|move|p2b: Ursaluna|Facade|p1a: Miraidon
|-damage|p1a: Miraidon|0 fnt
|faint|p1a: Miraidon
|
|-damage|p2b: Ursaluna|95/100 brn|[from] brn
|upkeep
|
|t:|1750743262
|switch|p1a: Groudon|Groudon, L50|100/100
|-weather|SunnyDay|[from] ability: Drought|[of] p1a: Groudon
|turn|4
|
|t:|1750743283
|switch|p2a: Pelipper|Pelipper, L50, M|100/100
|-weather|RainDance|[from] ability: Drizzle|[of] p2a: Pelipper
|move|p1a: Groudon|Protect|p1a: Groudon
|-singleturn|p1a: Groudon|Protect
|move|p1b: Whimsicott|Moonblast|p2b: Ursaluna
|-damage|p2b: Ursaluna|73/100 brn
|move|p2b: Ursaluna|Facade|p1a: Groudon
|-activate|p1a: Groudon|move: Protect
|
|-weather|RainDance|[upkeep]
|-damage|p2b: Ursaluna|67/100 brn|[from] brn
|upkeep
|turn|5
|
|t:|1750743307
|switch|p1a: Entei|Entei, L50|100/100
|move|p1b: Whimsicott|Moonblast|p2a: Pelipper
|-damage|p2a: Pelipper|63/100
|move|p2a: Pelipper|Weather Ball|p1a: Entei
|-supereffective|p1a: Entei
|-damage|p1a: Entei|20/100
|move|p2b: Ursaluna|Facade|p1a: Entei
|-damage|p1a: Entei|0 fnt
|faint|p1a: Entei
|
|-weather|RainDance|[upkeep]
|-damage|p2b: Ursaluna|61/100 brn|[from] brn
|-sideend|p1: What The Groudon|move: Light Screen
|-fieldend|move: Electric Terrain
|upkeep
|
|t:|1750743311
|switch|p1a: Groudon|Groudon, L50|100/100
|-weather|SunnyDay|[from] ability: Drought|[of] p1a: Groudon
|turn|6
|inactive|Gibsteroni has 30 seconds left.
|inactive|Gibsteroni has 20 seconds left.
|
|t:|1750743350
|move|p2a: Pelipper|Wide Guard|p2a: Pelipper
|-singleturn|p2a: Pelipper|Wide Guard
|move|p1b: Whimsicott|Moonblast|p2b: Ursaluna
|-damage|p2b: Ursaluna|38/100 brn
|move|p1a: Groudon|Precipice Blades|p2a: Pelipper|[spread] 
|-activate|p2a: Pelipper|move: Wide Guard
|-activate|p2b: Ursaluna|move: Wide Guard
|move|p2b: Ursaluna|Earthquake|p1b: Whimsicott|[spread] p1a,p1b
|-activate|p2a: Pelipper|move: Wide Guard
|-resisted|p1b: Whimsicott
|-damage|p1a: Groudon|50/100
|-damage|p1b: Whimsicott|0 fnt
|faint|p1b: Whimsicott
|
|-weather|SunnyDay|[upkeep]
|-damage|p2b: Ursaluna|32/100 brn|[from] brn
|-sideend|p1: What The Groudon|move: Tailwind
|upkeep
|turn|7
|-message|What The Groudon forfeited.
|
|win|Gibsteroni
|raw|What The Groudon's rating: 1410 &rarr; <strong>1388</strong><br />(-22 for losing)
|raw|Gibsteroni's rating: 1368 &rarr; <strong>1390</strong><br />(+22 for winning)
|l|☆What The Groudon
|player|p1|
|l|☆Gibsteroni
|player|p2|
