|j|☆gr3glk
|j|☆Nitrusido
|t:|1750770657
|gametype|doubles
|player|p1|gr3glk|169|1226
|player|p2|Nitrusido|norman|1279
|teamsize|p1|6
|teamsize|p2|6
|gen|9
|tier|[Gen 9] VGC 2025 Reg I
|rated|
|rule|Species Clause: Limit one of each Pokémon
|rule|Item Clause: Limit 1 of each item
|clearpoke
|poke|p1|Roaring Moon, L50|
|poke|p1|Zacian-*, L50|
|poke|p1|Urshifu-*, L50, M|
|poke|p1|Kyogre, L50|
|poke|p1|Chien-Pao, L50|
|poke|p1|Amoonguss, L50, F|
|poke|p2|Calyrex-Ice, L50|
|poke|p2|Eternatus, L50|
|poke|p2|Weezing-Galar, L50, M|
|poke|p2|Flutter Mane, L50|
|poke|p2|Incineroar, L50, M|
|poke|p2|Slaking, L50, M|
|teampreview|4
|inactive|Battle timer is ON: inactive players will automatically lose when time's up. (requested by gr3glk)
|inactive|Nitrusido has 60 seconds left.
|inactive|gr3glk has 60 seconds left.
|
|t:|1750770704
|start
|switch|p1a: Zacian|Zacian-Crowned, L50|100/100
|switch|p1b: Urshifu|Urshifu-Rapid-Strike, L50, M|100/100
|switch|p2a: Weezing|Weezing-Galar, L50, M|100/100
|switch|p2b: Slaking|Slaking, L50, M|100/100
|-ability|p2a: Weezing|Neutralizing Gas
|turn|1
|
|t:|1750770723
|-terastallize|p2b: Slaking|Ghost
|move|p1a: Zacian|Protect|p1a: Zacian
|-singleturn|p1a: Zacian|Protect
|move|p1b: Urshifu|Detect|p1b: Urshifu
|-singleturn|p1b: Urshifu|Protect
|move|p2a: Weezing|Protect|p2a: Weezing
|-singleturn|p2a: Weezing|Protect
|move|p2b: Slaking|High Horsepower|p1a: Zacian
|-activate|p1a: Zacian|move: Protect
|
|upkeep
|turn|2
|
|t:|1750770741
|-end|p2a: Weezing|ability: Neutralizing Gas
|-ability|p1a: Zacian|Intrepid Sword|boost
|-boost|p1a: Zacian|atk|1
|switch|p2a: Incineroar|Incineroar, L50, M, shiny|100/100
|-ability|p2a: Incineroar|Intimidate|boost
|-unboost|p1a: Zacian|atk|1
|-unboost|p1b: Urshifu|atk|1
|move|p1a: Zacian|Behemoth Blade|p2a: Incineroar
|-resisted|p2a: Incineroar
|-damage|p2a: Incineroar|78/100
|move|p1b: Urshifu|Surging Strikes|p2b: Slaking
|-crit|p2b: Slaking
|-damage|p2b: Slaking|81/100
|-crit|p2b: Slaking
|-damage|p2b: Slaking|64/100
|-crit|p2b: Slaking
|-damage|p2b: Slaking|47/100
|-hitcount|p2b: Slaking|3
|move|p2b: Slaking|High Horsepower|p1a: Zacian
|-supereffective|p1a: Zacian
|-damage|p1a: Zacian|28/100
|
|upkeep
|turn|3
|inactive|Nitrusido has 30 seconds left.
|inactive|Nitrusido has 20 seconds left.
|inactive|Nitrusido has 15 seconds left.
|
|t:|1750770781
|switch|p2b: Weezing|Weezing-Galar, L50, M|100/100
|-ability|p2b: Weezing|Neutralizing Gas
|-block|p2a: Incineroar|item: Ability Shield
|move|p1a: Zacian|Swords Dance|p1a: Zacian
|-boost|p1a: Zacian|atk|2
|move|p1b: Urshifu|Surging Strikes|p2a: Incineroar
|-supereffective|p2a: Incineroar
|-crit|p2a: Incineroar
|-damage|p2a: Incineroar|36/100
|-supereffective|p2a: Incineroar
|-crit|p2a: Incineroar
|-damage|p2a: Incineroar|0 fnt
|faint|p2a: Incineroar
|-hitcount|p2: Incineroar|2
|
|upkeep
|
|t:|1750770799
|switch|p2a: Flutter Mane|Flutter Mane, L50|100/100
|turn|4
|
|t:|1750770816
|move|p1b: Urshifu|Aqua Jet|p2a: Flutter Mane
|-damage|p2a: Flutter Mane|70/100
|move|p1a: Zacian|Behemoth Blade|p2a: Flutter Mane
|-supereffective|p2a: Flutter Mane
|-damage|p2a: Flutter Mane|0 fnt
|faint|p2a: Flutter Mane
|-end|p2a: Flutter Mane|Protosynthesis|[silent]
|move|p2b: Weezing|Dazzling Gleam|p1a: Zacian|[spread] p1a,p1b
|-resisted|p1a: Zacian
|-supereffective|p1b: Urshifu
|-damage|p1a: Zacian|19/100
|-damage|p1b: Urshifu|39/100
|
|upkeep
|
|t:|1750770823
|switch|p2a: Slaking|Slaking, L50, M, tera:Ghost|47/100
|turn|5
|
|t:|1750770841
|move|p1a: Zacian|Behemoth Blade|p2a: Slaking
|-damage|p2a: Slaking|0 fnt
|faint|p2a: Slaking
|move|p1b: Urshifu|Surging Strikes|p2b: Weezing
|-crit|p2b: Weezing
|-damage|p2b: Weezing|79/100
|-crit|p2b: Weezing
|-damage|p2b: Weezing|60/100
|-crit|p2b: Weezing
|-damage|p2b: Weezing|42/100
|-enditem|p2b: Weezing|Sitrus Berry|[eat]
|-heal|p2b: Weezing|66/100|[from] item: Sitrus Berry
|-hitcount|p2b: Weezing|3
|move|p2b: Weezing|Dazzling Gleam|p1b: Urshifu|[spread] p1a,p1b
|-resisted|p1a: Zacian
|-supereffective|p1b: Urshifu
|-damage|p1a: Zacian|12/100
|-damage|p1b: Urshifu|0 fnt
|faint|p1b: Urshifu
|
|upkeep
|-message|Nitrusido forfeited.
|
|win|gr3glk
|raw|gr3glk's rating: 1226 &rarr; <strong>1255</strong><br />(+29 for winning)
|raw|Nitrusido's rating: 1279 &rarr; <strong>1250</strong><br />(-29 for losing)
|l|☆Nitrusido
|player|p2|
|l|☆gr3glk
|player|p1|
