|j|☆cepas14
|j|☆Dtb33
|t:|1750825669
|gametype|doubles
|player|p1|cepas14|169|1141
|player|p2|Dtb33|2|1208
|teamsize|p1|6
|teamsize|p2|6
|gen|9
|tier|[Gen 9] VGC 2025 Reg I
|rated|
|rule|Species Clause: Limit one of each Pokémon
|rule|Item Clause: Limit 1 of each item
|clearpoke
|poke|p1|Calyrex-Ice, L50|
|poke|p1|Miraidon, L50|
|poke|p1|Grimmsnarl, L50, M|
|poke|p1|Urshifu-*, L50, F|
|poke|p1|Incineroar, L50, F|
|poke|p1|Landorus, L50, M|
|poke|p2|Smeargle, L50, M|
|poke|p2|Calyrex-Ice, L50|
|poke|p2|Miraidon, L50|
|poke|p2|Sinistcha-Masterpiece, L50|
|poke|p2|Urshifu-*, L50, M|
|poke|p2|Regigigas, L50|
|teampreview|4
|inactive|Battle timer is ON: inactive players will automatically lose when time's up. (requested by Dtb33)
|inactive|cepas14 has 60 seconds left.
|
|t:|1750825701
|start
|switch|p1a: Incineroar|Incineroar, L50, F|100/100
|switch|p1b: Miraidon|Miraidon, L50|100/100
|switch|p2a: Smeargle|Smeargle, L50, M|100/100
|switch|p2b: Regigigas|Regigigas, L50|100/100
|-fieldstart|move: Electric Terrain|[from] ability: Hadron Engine|[of] p1b: Miraidon
|-ability|p1a: Incineroar|Intimidate|boost
|-unboost|p2a: Smeargle|atk|1
|-unboost|p2b: Regigigas|atk|1
|-start|p2b: Regigigas|ability: Slow Start
|turn|1
|inactive|Dtb33 has 30 seconds left.
|
|t:|1750825734
|move|p2b: Regigigas|Protect|p2b: Regigigas
|-singleturn|p2b: Regigigas|Protect
|move|p2a: Smeargle|Fake Out|p1b: Miraidon
|-damage|p1b: Miraidon|98/100
|move|p1a: Incineroar|Fake Out|p2a: Smeargle
|-damage|p2a: Smeargle|75/100
|cant|p1b: Miraidon|flinch
|
|-ability|p2a: Smeargle|Moody|boost
|-boost|p2a: Smeargle|spa|2
|-unboost|p2a: Smeargle|spe|1
|upkeep
|turn|2
|inactive|Dtb33 has 30 seconds left.
|inactive|cepas14 has 30 seconds left.
|
|t:|1750825768
|move|p1b: Miraidon|Volt Switch|p2a: Smeargle
|-damage|p2a: Smeargle|0 fnt
|faint|p2a: Smeargle
|
|t:|1750825774
|switch|p1b: Calyrex|Calyrex-Ice, L50|100/100|[from] Volt Switch
|-ability|p1b: Calyrex|As One
|-ability|p1b: Calyrex|Unnerve
|move|p1a: Incineroar|Knock Off|p2b: Regigigas
|-damage|p2b: Regigigas|70/100
|-enditem|p2b: Regigigas|Leftovers|[from] move: Knock Off|[of] p1a: Incineroar
|move|p2b: Regigigas|High Horsepower|p1b: Calyrex|[miss]
|-miss|p2b: Regigigas|p1b: Calyrex
|
|upkeep
|
|t:|1750825789
|switch|p2a: Miraidon|Miraidon, L50|100/100
|-activate|p2a: Miraidon|ability: Hadron Engine
|turn|3
|
|t:|1750825811
|switch|p1a: Landorus|Landorus, L50, M|100/100
|move|p1b: Calyrex|Protect|p1b: Calyrex
|-singleturn|p1b: Calyrex|Protect
|move|p2b: Regigigas|Protect|p2b: Regigigas
|-singleturn|p2b: Regigigas|Protect
|move|p2a: Miraidon|Snarl|p1a: Landorus|[spread] p1a
|-activate|p1b: Calyrex|move: Protect
|-damage|p1a: Landorus|80/100
|-unboost|p1a: Landorus|spa|1
|
|upkeep
|turn|4
|
|t:|1750825830
|move|p2a: Miraidon|Snarl|p1a: Landorus|[spread] p1a,p1b
|-supereffective|p1b: Calyrex
|-damage|p1a: Landorus|58/100
|-damage|p1b: Calyrex|74/100
|-unboost|p1a: Landorus|spa|1
|-unboost|p1b: Calyrex|spa|1
|move|p1a: Landorus|Earth Power|p2a: Miraidon
|-supereffective|p2a: Miraidon
|-damage|p2a: Miraidon|67/100
|move|p1b: Calyrex|Glacial Lance|p2a: Miraidon|[spread] p2a,p2b
|-supereffective|p2a: Miraidon
|-damage|p2a: Miraidon|0 fnt
|-damage|p2b: Regigigas|30/100
|faint|p2a: Miraidon
|-ability|p1b: Calyrex|Chilling Neigh|boost
|-boost|p1b: Calyrex|atk|1
|move|p2b: Regigigas|Knock Off|p1b: Calyrex
|-supereffective|p1b: Calyrex
|-damage|p1b: Calyrex|56/100
|-enditem|p1b: Calyrex|Leftovers|[from] move: Knock Off|[of] p2b: Regigigas
|
|upkeep
|
|t:|1750825849
|switch|p2a: Calyrex|Calyrex-Ice, L50|100/100
|-ability|p2a: Calyrex|As One
|-ability|p2a: Calyrex|Unnerve
|turn|5
|
|t:|1750825869
|move|p1a: Landorus|Taunt|p2a: Calyrex
|-start|p2a: Calyrex|move: Taunt
|move|p1b: Calyrex|Glacial Lance|p2a: Calyrex|[spread] p2a,p2b
|-resisted|p2a: Calyrex
|-damage|p2a: Calyrex|77/100
|-damage|p2b: Regigigas|0 fnt
|faint|p2b: Regigigas
|-end|p2b: Regigigas|Slow Start|[silent]
|-ability|p1b: Calyrex|Chilling Neigh|boost
|-boost|p1b: Calyrex|atk|1
|move|p2a: Calyrex|Glacial Lance|p1a: Landorus|[spread] p1a,p1b
|-supereffective|p1a: Landorus
|-resisted|p1b: Calyrex
|-damage|p1a: Landorus|0 fnt
|-damage|p1b: Calyrex|40/100
|faint|p1a: Landorus
|-ability|p2a: Calyrex|Chilling Neigh|boost
|-boost|p2a: Calyrex|atk|1
|
|-fieldend|move: Electric Terrain
|upkeep
|
|t:|1750825875
|switch|p1a: Incineroar|Incineroar, L50, F|100/100
|-ability|p1a: Incineroar|Intimidate|boost
|-fail|p2a: Calyrex|unboost|[from] item: Clear Amulet|[of] p2a: Calyrex
|turn|6
|
|t:|1750825892
|move|p1a: Incineroar|Fake Out|p2a: Calyrex
|-damage|p2a: Calyrex|71/100
|move|p1b: Calyrex|Leech Seed|p2a: Calyrex
|-start|p2a: Calyrex|move: Leech Seed
|cant|p2a: Calyrex|flinch
|
|-damage|p2a: Calyrex|59/100|[from] Leech Seed|[of] p1b: Calyrex
|-heal|p1b: Calyrex|52/100|[silent]
|upkeep
|turn|7
|
|t:|1750825903
|move|p1a: Incineroar|Knock Off|p2a: Calyrex
|-supereffective|p2a: Calyrex
|-damage|p2a: Calyrex|15/100
|-enditem|p2a: Calyrex|Clear Amulet|[from] move: Knock Off|[of] p1a: Incineroar
|move|p1b: Calyrex|Glacial Lance|p2a: Calyrex
|-resisted|p2a: Calyrex
|-damage|p2a: Calyrex|0 fnt
|faint|p2a: Calyrex
|
|win|cepas14
|raw|cepas14's rating: 1141 &rarr; <strong>1171</strong><br />(+30 for winning)
|raw|Dtb33's rating: 1208 &rarr; <strong>1178</strong><br />(-30 for losing)
|l|☆Dtb33
|player|p2|
|l|☆cepas14
|player|p1|
