|j|☆nuggs54
|j|☆TheWeepingDalek
|t:|1750741652
|gametype|doubles
|player|p1|nuggs54|266|1180
|player|p2|TheWeepingDalek|266|1174
|teamsize|p1|6
|teamsize|p2|6
|gen|9
|tier|[Gen 9] VGC 2025 Reg I
|rated|
|rule|Species Clause: Limit one of each Pokémon
|rule|Item Clause: Limit 1 of each item
|clearpoke
|poke|p1|Zekrom, L50|
|poke|p1|Calyrex-Ice, L50|
|poke|p1|Volcarona, L50, F|
|poke|p1|Porygon2, L50|
|poke|p1|Urshifu-*, L50, M|
|poke|p1|Landorus, L50, M|
|poke|p2|Giratina-Origin, L50|
|poke|p2|Zamazenta-*, L50|
|poke|p2|Chien-Pao, L50|
|poke|p2|Entei, L50|
|poke|p2|Urshifu-*, L50, F|
|poke|p2|Rillaboom, L50, F|
|teampreview|4
|
|t:|1750741683
|start
|switch|p1a: Porygon2|Porygon2, L50|100/100
|switch|p1b: Calyrex|Calyrex-Ice, L50|100/100
|switch|p2a: Giratina|Giratina-Origin, L50|100/100
|switch|p2b: Chien-Pao|Chien-Pao, L50|100/100
|-ability|p1b: Calyrex|As One
|-ability|p1b: Calyrex|Unnerve
|-ability|p2b: Chien-Pao|Sword of Ruin
|-ability|p1a: Porygon2|Download|boost
|-boost|p1a: Porygon2|spa|1
|turn|1
|
|t:|1750741717
|-terastallize|p1b: Calyrex|Water
|move|p2b: Chien-Pao|Crunch|p1a: Porygon2
|-damage|p1a: Porygon2|68/100
|move|p2a: Giratina|Poltergeist|p1b: Calyrex
|-activate|p1b: Calyrex|move: Poltergeist|Leftovers
|-damage|p1b: Calyrex|46/100
|move|p1a: Porygon2|Shadow Ball|p2a: Giratina
|-supereffective|p2a: Giratina
|-damage|p2a: Giratina|58/100
|-unboost|p2a: Giratina|spd|1
|move|p1b: Calyrex|Trick Room|p1b: Calyrex
|-fieldstart|move: Trick Room|[of] p1b: Calyrex
|
|-heal|p1b: Calyrex|52/100|[from] item: Leftovers
|upkeep
|turn|2
|
|t:|1750741754
|-terastallize|p2a: Giratina|Fire
|move|p2a: Giratina|Shadow Sneak|p1b: Calyrex
|-damage|p1b: Calyrex|31/100
|move|p2b: Chien-Pao|Sucker Punch||[still]
|-fail|p2b: Chien-Pao
|move|p1b: Calyrex|Leech Seed|p2a: Giratina
|-start|p2a: Giratina|move: Leech Seed
|move|p1a: Porygon2|Shadow Ball|p2a: Giratina
|-damage|p2a: Giratina|26/100
|-unboost|p2a: Giratina|spd|1
|
|-heal|p1b: Calyrex|37/100|[from] item: Leftovers
|-damage|p2a: Giratina|14/100|[from] Leech Seed|[of] p1b: Calyrex
|-heal|p1b: Calyrex|51/100|[silent]
|upkeep
|turn|3
|
|t:|1750741774
|switch|p2a: Entei|Entei, L50|100/100
|move|p1b: Calyrex|Protect|p1b: Calyrex
|-singleturn|p1b: Calyrex|Protect
|move|p2b: Chien-Pao|Sucker Punch||[still]
|-fail|p2b: Chien-Pao
|move|p1a: Porygon2|Shadow Ball|p2a: Entei
|-damage|p2a: Entei|65/100
|-unboost|p2a: Entei|spd|1
|
|-heal|p1b: Calyrex|57/100|[from] item: Leftovers
|upkeep
|turn|4
|
|t:|1750741800
|move|p2a: Entei|Extreme Speed|p1b: Calyrex
|-crit|p1b: Calyrex
|-damage|p1b: Calyrex|9/100
|-damage|p2a: Entei|56/100|[from] item: Life Orb
|move|p1b: Calyrex|Leech Seed|p2b: Chien-Pao
|-start|p2b: Chien-Pao|move: Leech Seed
|move|p1a: Porygon2|Shadow Ball|p2a: Entei
|-damage|p2a: Entei|9/100
|move|p2b: Chien-Pao|Crunch|p1a: Porygon2
|-damage|p1a: Porygon2|38/100
|-unboost|p1a: Porygon2|def|1
|
|-heal|p1b: Calyrex|15/100|[from] item: Leftovers
|-damage|p2b: Chien-Pao|88/100|[from] Leech Seed|[of] p1b: Calyrex
|-heal|p1b: Calyrex|24/100|[silent]
|upkeep
|turn|5
|
|t:|1750741827
|switch|p1b: Volcarona|Volcarona, L50, F|100/100
|move|p2a: Entei|Extreme Speed|p1a: Porygon2
|-damage|p1a: Porygon2|0 fnt
|faint|p1a: Porygon2
|-damage|p2a: Entei|0 fnt|[from] item: Life Orb
|faint|p2a: Entei
|move|p2b: Chien-Pao|Crunch|p1b: Volcarona
|-damage|p1b: Volcarona|55/100
|-damage|p2b: Chien-Pao|72/100|[from] item: Rocky Helmet|[of] p1b: Volcarona
|
|-damage|p2b: Chien-Pao|60/100|[from] Leech Seed|[of] p1b: Volcarona
|-heal|p1b: Volcarona|65/100|[silent]
|-fieldend|move: Trick Room
|upkeep
|
|t:|1750741840
|switch|p2a: Giratina|Giratina-Origin, L50, tera:Fire|14/100
|switch|p1a: Calyrex|Calyrex-Ice, L50, tera:Water|24/100
|-ability|p1a: Calyrex|As One
|-ability|p1a: Calyrex|Unnerve
|turn|6
|
|t:|1750741857
|move|p1b: Volcarona|Rage Powder|p1b: Volcarona
|-singleturn|p1b: Volcarona|move: Rage Powder
|move|p2b: Chien-Pao|Crunch|p1b: Volcarona
|-damage|p1b: Volcarona|13/100
|-damage|p2b: Chien-Pao|44/100|[from] item: Rocky Helmet|[of] p1b: Volcarona
|move|p2a: Giratina|Poltergeist|p1b: Volcarona
|-activate|p1b: Volcarona|move: Poltergeist|Rocky Helmet
|-damage|p1b: Volcarona|0 fnt
|faint|p1b: Volcarona
|move|p1a: Calyrex|Glacial Lance|p2a: Giratina|[spread] p2a,p2b
|-resisted|p2a: Giratina
|-resisted|p2b: Chien-Pao
|-damage|p2a: Giratina|0 fnt
|-damage|p2b: Chien-Pao|8/100
|faint|p2a: Giratina
|-ability|p1a: Calyrex|Chilling Neigh|boost
|-boost|p1a: Calyrex|atk|1
|
|-heal|p1a: Calyrex|29/100|[from] item: Leftovers
|upkeep
|
|t:|1750741865
|switch|p1b: Zekrom|Zekrom, L50|100/100
|switch|p2a: Zamazenta|Zamazenta-Crowned, L50|100/100
|-ability|p2a: Zamazenta|Dauntless Shield|boost
|-boost|p2a: Zamazenta|def|1
|-ability|p1b: Zekrom|Teravolt
|turn|7
|
|t:|1750741889
|move|p2b: Chien-Pao|Icicle Crash|p1b: Zekrom|[miss]
|-miss|p2b: Chien-Pao|p1b: Zekrom
|move|p2a: Zamazenta|Body Press|p1b: Zekrom
|-damage|p1b: Zekrom|15/100
|move|p1b: Zekrom|Dragon Dance|p1b: Zekrom
|-boost|p1b: Zekrom|atk|1
|-boost|p1b: Zekrom|spe|1
|move|p1a: Calyrex|Leech Seed|p2a: Zamazenta
|-start|p2a: Zamazenta|move: Leech Seed
|
|-heal|p1a: Calyrex|35/100|[from] item: Leftovers
|-damage|p2b: Chien-Pao|0 fnt|[from] Leech Seed|[of] p1b: Zekrom
|-heal|p1b: Zekrom|22/100|[silent]
|faint|p2b: Chien-Pao
|-damage|p2a: Zamazenta|88/100|[from] Leech Seed|[of] p1a: Calyrex
|-heal|p1a: Calyrex|46/100|[silent]
|upkeep
|turn|8
|
|t:|1750741928
|move|p1b: Zekrom|Fusion Bolt|p2a: Zamazenta
|-damage|p2a: Zamazenta|52/100
|move|p2a: Zamazenta|Body Press|p1a: Calyrex
|-damage|p1a: Calyrex|2/100
|move|p1a: Calyrex|Glacial Lance|p2a: Zamazenta
|-resisted|p2a: Zamazenta
|-damage|p2a: Zamazenta|32/100
|
|-heal|p1a: Calyrex|8/100|[from] item: Leftovers
|-damage|p2a: Zamazenta|19/100|[from] Leech Seed|[of] p1a: Calyrex
|-heal|p1a: Calyrex|19/100|[silent]
|upkeep
|turn|9
|-message|TheWeepingDalek forfeited.
|
|win|nuggs54
|raw|nuggs54's rating: 1180 &rarr; <strong>1205</strong><br />(+25 for winning)
|raw|TheWeepingDalek's rating: 1174 &rarr; <strong>1149</strong><br />(-25 for losing)
|l|☆TheWeepingDalek
|player|p2|
|l|☆nuggs54
|player|p1|
