|j|☆syther19
|j|☆atahualpamaia
|t:|1750806227
|gametype|doubles
|player|p1|syther19|266|1091
|player|p2|atahualpamaia|veteran-gen4|1097
|teamsize|p1|6
|teamsize|p2|6
|gen|9
|tier|[Gen 9] VGC 2025 Reg I
|rated|
|rule|Species Clause: Limit one of each Pokémon
|rule|Item Clause: Limit 1 of each item
|clearpoke
|poke|p1|Calyrex-Ice, L50|
|poke|p1|Ho-Oh, L50|
|poke|p1|Indeedee-F, L50, F|
|poke|p1|Amoonguss, L50, F|
|poke|p1|Ursaluna-Bloodmoon, L50, M|
|poke|p1|Gholdengo, L50|
|poke|p2|Zacian-*, L50|
|poke|p2|Kyogre, L50|
|poke|p2|Grimmsnarl, L50, M|
|poke|p2|Rillaboom, L50, M|
|poke|p2|Incineroar, L50, M|
|poke|p2|Whimsicott, L50, F|
|teampreview|4
|inactive|Battle timer is ON: inactive players will automatically lose when time's up. (requested by atahualpamaia)
|
|t:|1750806247
|start
|switch|p1a: Ursaluna|Ursaluna-Bloodmoon, L50, M|100/100
|switch|p1b: Indeedee|Indeedee-F, L50, F|100/100
|switch|p2a: Kyogre|Kyogre, L50|100/100
|switch|p2b: Whimsicott|Whimsicott, L50, F|100/100
|-weather|RainDance|[from] ability: Drizzle|[of] p2a: Kyogre
|-fieldstart|move: Psychic Terrain|[from] ability: Psychic Surge|[of] p1b: Indeedee
|turn|1
|inactive|syther19 has 30 seconds left.
|
|t:|1750806276
|-terastallize|p1b: Indeedee|Grass
|move|p2b: Whimsicott|Helping Hand|p2a: Kyogre
|-singleturn|p2a: Kyogre|Helping Hand|[of] p2b: Whimsicott
|move|p1a: Ursaluna|Protect|p1a: Ursaluna
|-singleturn|p1a: Ursaluna|Protect
|move|p2a: Kyogre|Water Spout|p1b: Indeedee|[spread] p1b
|-activate|p1a: Ursaluna|move: Protect
|-resisted|p1b: Indeedee
|-damage|p1b: Indeedee|29/100
|move|p1b: Indeedee|Trick Room|p1b: Indeedee
|-fieldstart|move: Trick Room|[of] p1b: Indeedee
|
|-weather|RainDance|[upkeep]
|upkeep
|turn|2
|inactive|syther19 has 30 seconds left.
|inactive|atahualpamaia has 30 seconds left.
|
|t:|1750806308
|switch|p2a: Rillaboom|Rillaboom, L50, M|100/100
|-fieldstart|move: Grassy Terrain|[from] ability: Grassy Surge|[of] p2a: Rillaboom
|move|p1b: Indeedee|Helping Hand|p1a: Ursaluna
|-singleturn|p1a: Ursaluna|Helping Hand|[of] p1b: Indeedee
|move|p2b: Whimsicott|Encore|p1b: Indeedee
|-start|p1b: Indeedee|Encore
|move|p1a: Ursaluna|Blood Moon|p2a: Rillaboom
|-damage|p2a: Rillaboom|0 fnt
|faint|p2a: Rillaboom
|-damage|p1a: Ursaluna|90/100|[from] item: Life Orb
|
|-weather|RainDance|[upkeep]
|-heal|p1a: Ursaluna|96/100|[from] Grassy Terrain
|-heal|p1b: Indeedee|35/100|[from] Grassy Terrain
|upkeep
|
|t:|1750806329
|switch|p2a: Kyogre|Kyogre, L50|100/100
|turn|3
|inactive|syther19 has 30 seconds left.
|
|t:|1750806354
|move|p1b: Indeedee|Helping Hand|p1a: Ursaluna
|-singleturn|p1a: Ursaluna|Helping Hand|[of] p1b: Indeedee
|move|p2b: Whimsicott|Encore|p1a: Ursaluna
|-start|p1a: Ursaluna|Encore
|move|p1a: Ursaluna|Blood Moon|p2b: Whimsicott
|-enditem|p2b: Whimsicott|Focus Sash
|-damage|p2b: Whimsicott|1/100
|-damage|p1a: Ursaluna|86/100|[from] item: Life Orb
|-hint|Some effects can force a Pokemon to use Blood Moon again in a row.
|move|p2a: Kyogre|Water Spout|p1b: Indeedee|[spread] p1a,p1b
|-supereffective|p1a: Ursaluna
|-resisted|p1b: Indeedee
|-crit|p1b: Indeedee
|-damage|p1a: Ursaluna|0 fnt
|-damage|p1b: Indeedee|0 fnt
|faint|p1a: Ursaluna
|faint|p1b: Indeedee
|
|-weather|RainDance|[upkeep]
|-heal|p2b: Whimsicott|7/100|[from] Grassy Terrain
|upkeep
|
|t:|1750806372
|switch|p1a: Calyrex|Calyrex-Ice, L50|100/100
|switch|p1b: Ho-Oh|Ho-Oh, L50|100/100
|-ability|p1a: Calyrex|As One
|-ability|p1a: Calyrex|Unnerve
|turn|4
|inactive|atahualpamaia has 30 seconds left.
|inactive|syther19 has 30 seconds left.
|inactive|atahualpamaia has 20 seconds left.
|inactive|atahualpamaia has 15 seconds left.
|inactive|atahualpamaia has 10 seconds left.
|
|t:|1750806420
|switch|p2b: Zacian|Zacian-Crowned, L50|100/100
|-ability|p2b: Zacian|Intrepid Sword|boost
|-boost|p2b: Zacian|atk|1
|move|p2a: Kyogre|Protect|p2a: Kyogre
|-singleturn|p2a: Kyogre|Protect
|move|p1a: Calyrex|Glacial Lance|p2a: Kyogre|[spread] p2b
|-activate|p2a: Kyogre|move: Protect
|-resisted|p2b: Zacian
|-damage|p2b: Zacian|76/100
|move|p1b: Ho-Oh|Brave Bird|p2a: Kyogre
|-activate|p2a: Kyogre|move: Protect
|
|-weather|RainDance|[upkeep]
|-heal|p2b: Zacian|82/100|[from] Grassy Terrain
|upkeep
|turn|5
|inactive|atahualpamaia has 30 seconds left.
|
|t:|1750806447
|move|p2b: Zacian|Protect|p2b: Zacian
|-singleturn|p2b: Zacian|Protect
|move|p1a: Calyrex|Glacial Lance|p2b: Zacian|[spread] p2a
|-activate|p2b: Zacian|move: Protect
|-resisted|p2a: Kyogre
|-damage|p2a: Kyogre|77/100
|move|p1b: Ho-Oh|Sacred Fire|p2b: Zacian
|-activate|p2b: Zacian|move: Protect
|move|p2a: Kyogre|Water Spout|p1b: Ho-Oh|[spread] p1a,p1b
|-supereffective|p1b: Ho-Oh
|-crit|p1b: Ho-Oh
|-damage|p1a: Calyrex|49/100
|-damage|p1b: Ho-Oh|0 fnt
|faint|p1b: Ho-Oh
|
|-weather|none
|-heal|p1a: Calyrex|55/100|[from] Grassy Terrain
|-heal|p2a: Kyogre|83/100|[from] Grassy Terrain
|-heal|p2b: Zacian|88/100|[from] Grassy Terrain
|-fieldend|move: Trick Room
|upkeep
|turn|6
|
|t:|1750806469
|-terastallize|p2a: Kyogre|Grass
|move|p1a: Calyrex|Protect|p1a: Calyrex
|-singleturn|p1a: Calyrex|Protect
|move|p2b: Zacian|Behemoth Blade|p1a: Calyrex
|-activate|p1a: Calyrex|move: Protect
|move|p2a: Kyogre|Tera Blast|p1a: Calyrex|[anim] Tera Blast Grass
|-activate|p1a: Calyrex|move: Protect
|
|-heal|p2b: Zacian|94/100|[from] Grassy Terrain
|-heal|p2a: Kyogre|89/100|[from] Grassy Terrain
|-heal|p1a: Calyrex|61/100|[from] Grassy Terrain
|-fieldend|move: Grassy Terrain
|upkeep
|turn|7
|
|t:|1750806485
|move|p2b: Zacian|Behemoth Blade|p1a: Calyrex
|-supereffective|p1a: Calyrex
|-damage|p1a: Calyrex|0 fnt
|faint|p1a: Calyrex
|
|win|atahualpamaia
|raw|syther19's rating: 1091 &rarr; <strong>1068</strong><br />(-23 for losing)
|raw|atahualpamaia's rating: 1097 &rarr; <strong>1122</strong><br />(+25 for winning)
|l|☆syther19
|player|p1|
