|j|☆sayrican
|j|☆imnotshawn
|t:|1750862007
|gametype|doubles
|player|p1|sayrican|102|1153
|player|p2|imnotshawn|brycen|1055
|teamsize|p1|6
|teamsize|p2|6
|gen|9
|tier|[Gen 9] VGC 2025 Reg I
|rated|
|rule|Species Clause: Limit one of each Pokémon
|rule|Item Clause: Limit 1 of each item
|clearpoke
|poke|p1|Miraidon, L50|
|poke|p1|Zamazenta-*, L50|
|poke|p1|Chien-Pao, L50|
|poke|p1|Iron Hands, L50|
|poke|p1|Farigiraf, L50, F|
|poke|p1|Whimsicott, L50, F|
|poke|p2|Koraidon, L50|
|poke|p2|Flutter Mane, L50|
|poke|p2|Blissey, L50, F|
|poke|p2|Brute Bonnet, L50|
|poke|p2|Calyrex-Shadow, L50|
|poke|p2|Ursaluna-Bloodmoon, L50, M|
|teampreview|4
|inactive|Battle timer is ON: inactive players will automatically lose when time's up. (requested by imnotshawn)
sayrican has agreed to open team sheets.
|inactive|sayrican has 60 seconds left.
|
|t:|1750862039
|start
|switch|p1a: Whimsicott|Whimsicott, L50, F|100/100
|switch|p1b: Miraidon|Miraidon, L50|100/100
|switch|p2a: Blissey|Blissey, L50, F|100/100
|switch|p2b: Calyrex|Calyrex-Shadow, L50|100/100
|-ability|p2b: Calyrex|As One
|-ability|p2b: Calyrex|Unnerve
|-fieldstart|move: Electric Terrain|[from] ability: Hadron Engine|[of] p1b: Miraidon
|turn|1
|inactive|sayrican has 30 seconds left.
|inactive|imnotshawn has 30 seconds left.
|
|t:|1750862066
|move|p1a: Whimsicott|Tailwind|p1a: Whimsicott
|-sidestart|p1: sayrican|move: Tailwind
|move|p1b: Miraidon|Volt Switch|p2b: Calyrex
|-damage|p2b: Calyrex|15/100
|
|t:|1750862071
|switch|p1b: Zamazenta|Zamazenta-Crowned, L50|100/100|[from] Volt Switch
|-ability|p1b: Zamazenta|Dauntless Shield|boost
|-boost|p1b: Zamazenta|def|1
|move|p2b: Calyrex|Astral Barrage|p1a: Whimsicott|[spread] p1a,p1b
|-damage|p1a: Whimsicott|48/100
|-damage|p1b: Zamazenta|71/100
|move|p2a: Blissey|Thief|p2b: Calyrex
|-supereffective|p2b: Calyrex
|-damage|p2b: Calyrex|0 fnt
|faint|p2b: Calyrex
|
|-status|p2a: Blissey|brn|[from] item: Flame Orb
|upkeep
|c|☆sayrican|?????????????
|inactive|imnotshawn has 30 seconds left.
|
|t:|1750862097
|switch|p2b: Ursaluna|Ursaluna-Bloodmoon, L50, M|100/100
|turn|2
|inactive|sayrican has 30 seconds left.
|
|t:|1750862126
|move|p1a: Whimsicott|Encore|p2a: Blissey
|-start|p2a: Blissey|Encore
|move|p1b: Zamazenta|Body Press|p2b: Ursaluna
|-supereffective|p2b: Ursaluna
|-damage|p2b: Ursaluna|2/100
|-enditem|p2b: Ursaluna|Sitrus Berry|[eat]
|-heal|p2b: Ursaluna|27/100|[from] item: Sitrus Berry
|move|p2a: Blissey|Thief|p1b: Zamazenta
|-resisted|p1b: Zamazenta
|-damage|p1b: Zamazenta|71/100
|move|p2b: Ursaluna|Earth Power|p1b: Zamazenta
|-supereffective|p1b: Zamazenta
|-damage|p1b: Zamazenta|4/100
|
|-damage|p2a: Blissey|94/100 brn|[from] brn
|upkeep
|turn|3
|inactive|sayrican has 30 seconds left.
|
|t:|1750862155
|switch|p1a: Chien-Pao|Chien-Pao, L50|100/100
|-ability|p1a: Chien-Pao|Sword of Ruin
|move|p2b: Ursaluna|Vacuum Wave|p1b: Zamazenta
|-supereffective|p1b: Zamazenta
|-damage|p1b: Zamazenta|0 fnt
|faint|p1b: Zamazenta
|move|p2a: Blissey|Thief|p1a: Chien-Pao
|-resisted|p1a: Chien-Pao
|-damage|p1a: Chien-Pao|99/100
|
|-damage|p2a: Blissey|88/100 brn|[from] brn
|upkeep
|
|t:|1750862166
|switch|p1b: Whimsicott|Whimsicott, L50, F|48/100
|turn|4
|
|t:|1750862176
|move|p1b: Whimsicott|Light Screen|p1b: Whimsicott
|-sidestart|p1: sayrican|move: Light Screen
|move|p2b: Ursaluna|Vacuum Wave|p1a: Chien-Pao
|-supereffective|p1a: Chien-Pao
|-damage|p1a: Chien-Pao|35/100
|move|p1a: Chien-Pao|Icicle Crash|p2b: Ursaluna
|-supereffective|p2b: Ursaluna
|-damage|p2b: Ursaluna|0 fnt
|faint|p2b: Ursaluna
|move|p2a: Blissey|Thief|p1b: Whimsicott
|-resisted|p1b: Whimsicott
|-damage|p1b: Whimsicott|47/100
|
|-damage|p2a: Blissey|82/100 brn|[from] brn
|-end|p2a: Blissey|Encore
|-sideend|p1: sayrican|move: Tailwind
|upkeep
|
|t:|1750862185
|switch|p2b: Koraidon|Koraidon, L50|100/100
|-weather|SunnyDay|[from] ability: Orichalcum Pulse|[of] p2b: Koraidon
|-activate|p2b: Koraidon|Orichalcum Pulse|[source]
|turn|5
|
|t:|1750862205
|-terastallize|p2b: Koraidon|Fire
|move|p1b: Whimsicott|Tailwind|p1b: Whimsicott
|-sidestart|p1: sayrican|move: Tailwind
|move|p1a: Chien-Pao|Icicle Crash|p2b: Koraidon
|-resisted|p2b: Koraidon
|-damage|p2b: Koraidon|72/100
|move|p2b: Koraidon|Flare Blitz|p1b: Whimsicott
|-supereffective|p1b: Whimsicott
|-damage|p1b: Whimsicott|0 fnt
|faint|p1b: Whimsicott
|-damage|p2b: Koraidon|58/100|[from] Recoil
|move|p2a: Blissey|Alluring Voice|p1a: Chien-Pao
|-supereffective|p1a: Chien-Pao
|-damage|p1a: Chien-Pao|4/100
|
|-weather|SunnyDay|[upkeep]
|-damage|p2a: Blissey|76/100 brn|[from] brn
|-fieldend|move: Electric Terrain
|upkeep
|
|t:|1750862221
|switch|p1b: Miraidon|Miraidon, L50|100/100
|-fieldstart|move: Electric Terrain|[from] ability: Hadron Engine|[of] p1b: Miraidon
|turn|6
|
|t:|1750862233
|move|p2b: Koraidon|Protect|p2b: Koraidon
|-singleturn|p2b: Koraidon|Protect
|move|p1a: Chien-Pao|Crunch|p2b: Koraidon
|-activate|p2b: Koraidon|move: Protect
|move|p1b: Miraidon|Electro Drift|p2b: Koraidon
|-activate|p2b: Koraidon|move: Protect
|move|p2a: Blissey|Alluring Voice|p1a: Chien-Pao
|-supereffective|p1a: Chien-Pao
|-damage|p1a: Chien-Pao|0 fnt
|faint|p1a: Chien-Pao
|
|-weather|SunnyDay|[upkeep]
|-damage|p2a: Blissey|70/100 brn|[from] brn
|upkeep
|turn|7
|
|t:|1750862256
|move|p1b: Miraidon|Electro Drift|p2b: Koraidon
|-damage|p2b: Koraidon|0 fnt
|faint|p2b: Koraidon
|move|p2a: Blissey|Heal Pulse|p2: Koraidon|[notarget]
|-fail|p2a: Blissey
|
|-weather|SunnyDay|[upkeep]
|-damage|p2a: Blissey|64/100 brn|[from] brn
|upkeep
|turn|8
|
|t:|1750862265
|move|p1b: Miraidon|Electro Drift|p2a: Blissey
|-crit|p2a: Blissey
|-damage|p2a: Blissey|0 fnt
|faint|p2a: Blissey
|
|win|sayrican
|raw|sayrican's rating: 1153 &rarr; <strong>1171</strong><br />(+18 for winning)
|raw|imnotshawn's rating: 1055 &rarr; <strong>1042</strong><br />(-13 for losing)
|l|☆imnotshawn
|player|p2|
|l|☆sayrican
|player|p1|
