|j|☆Baseking0
|j|☆Zordor
|t:|1750860069
|gametype|doubles
|player|p1|Baseking0|alec-anime|1497
|player|p2|Zordor|pilot|1575
|teamsize|p1|6
|teamsize|p2|6
|gen|9
|tier|[Gen 9] VGC 2025 Reg I
|rated|
|rule|Species Clause: Limit one of each Pokémon
|rule|Item Clause: Limit 1 of each item
|clearpoke
|poke|p1|Calyrex-Ice, L50|
|poke|p1|Scraggy, L50, F|
|poke|p1|Miraidon, L50|
|poke|p1|Farigiraf, L50, M|
|poke|p1|Iron Treads, L50|
|poke|p1|Iron Hands, L50|
|poke|p2|Entei, L50|
|poke|p2|Walking Wake, L50|
|poke|p2|Groudon, L50|
|poke|p2|Zacian-*, L50|
|poke|p2|Tornadus, L50, M|
|poke|p2|Primarina, L50, M|
|teampreview|4
|c|☆Baseking0|wow someone likes legends
|inactive|Battle timer is ON: inactive players will automatically lose when time's up. (requested by Baseking0)
Baseking0 rejected open team sheets.
|inactive|Zordor has 60 seconds left.
|
|t:|1750860140
|start
|switch|p1a: Miraidon|Miraidon, L50|100/100
|switch|p1b: Farigiraf|Farigiraf, L50, M|100/100
|switch|p2a: Groudon|Groudon, L50|100/100
|switch|p2b: Zacian|Zacian-Crowned, L50|100/100
|-ability|p2b: Zacian|Intrepid Sword|boost
|-boost|p2b: Zacian|atk|1
|-fieldstart|move: Electric Terrain|[from] ability: Hadron Engine|[of] p1a: Miraidon
|-enditem|p1b: Farigiraf|Electric Seed
|-boost|p1b: Farigiraf|def|1|[from] item: Electric Seed
|-weather|SunnyDay|[from] ability: Drought|[of] p2a: Groudon
|turn|1
|inactive|Zordor has 30 seconds left.
|inactive|Zordor has 20 seconds left.
|inactive|Zordor has 15 seconds left.
|
|t:|1750860181
|move|p2b: Zacian|Behemoth Blade|p1b: Farigiraf
|-damage|p1b: Farigiraf|60/100
|move|p1a: Miraidon|Volt Switch|p2b: Zacian
|-damage|p2b: Zacian|6/100
|
|t:|1750860187
|switch|p1a: Calyrex|Calyrex-Ice, L50|100/100|[from] Volt Switch
|-ability|p1a: Calyrex|As One
|-ability|p1a: Calyrex|Unnerve
|move|p2a: Groudon|Heat Crash|p1b: Farigiraf
|-damage|p1b: Farigiraf|23/100
|move|p1b: Farigiraf|Trick Room|p1b: Farigiraf
|-fieldstart|move: Trick Room|[of] p1b: Farigiraf
|
|-weather|SunnyDay|[upkeep]
|upkeep
|turn|2
|
|t:|1750860199
|switch|p2b: Entei|Entei, L50|100/100
|move|p1b: Farigiraf|Helping Hand|p1a: Calyrex
|-singleturn|p1a: Calyrex|Helping Hand|[of] p1b: Farigiraf
|move|p2a: Groudon|Protect|p2a: Groudon
|-singleturn|p2a: Groudon|Protect
|move|p1a: Calyrex|Glacial Lance|p2b: Entei|[spread] p2b
|-activate|p2a: Groudon|move: Protect
|-resisted|p2b: Entei
|-damage|p2b: Entei|64/100
|
|-weather|SunnyDay|[upkeep]
|-heal|p2b: Entei|71/100|[from] item: Leftovers
|upkeep
|turn|3
|
|t:|1750860224
|-terastallize|p1a: Calyrex|Fire
|-terastallize|p2a: Groudon|Fire
|move|p1b: Farigiraf|Helping Hand|p1a: Calyrex
|-singleturn|p1a: Calyrex|Helping Hand|[of] p1b: Farigiraf
|move|p2b: Entei|Protect|p2b: Entei
|-singleturn|p2b: Entei|Protect
|move|p1a: Calyrex|High Horsepower|p2b: Entei
|-activate|p2b: Entei|move: Protect
|move|p2a: Groudon|Heat Crash|p1b: Farigiraf
|-damage|p1b: Farigiraf|0 fnt
|faint|p1b: Farigiraf
|
|-weather|SunnyDay|[upkeep]
|-heal|p2b: Entei|77/100|[from] item: Leftovers
|upkeep
|
|t:|1750860233
|switch|p1b: Iron Hands|Iron Hands, L50|100/100
|-activate|p1b: Iron Hands|ability: Quark Drive
|-start|p1b: Iron Hands|quarkdriveatk
|turn|4
|
|t:|1750860251
|move|p1b: Iron Hands|Fake Out|p2a: Groudon
|-damage|p2a: Groudon|87/100
|move|p1a: Calyrex|High Horsepower|p2b: Entei
|-supereffective|p2b: Entei
|-damage|p2b: Entei|4/100
|move|p2b: Entei|Sacred Fire|p1b: Iron Hands
|-crit|p1b: Iron Hands
|-damage|p1b: Iron Hands|33/100
|cant|p2a: Groudon|flinch
|
|-weather|SunnyDay|[upkeep]
|-heal|p2b: Entei|10/100|[from] item: Leftovers
|upkeep
|turn|5
|inactive|Zordor has 30 seconds left.
|inactive|Zordor has 20 seconds left.
|
|t:|1750860288
|move|p2b: Entei|Extreme Speed|p1b: Iron Hands
|-damage|p1b: Iron Hands|18/100
|move|p1b: Iron Hands|Low Kick|p2a: Groudon
|-damage|p2a: Groudon|30/100
|move|p1a: Calyrex|Glacial Lance|p2b: Entei|[spread] p2a,p2b
|-resisted|p2a: Groudon
|-resisted|p2b: Entei
|-damage|p2a: Groudon|11/100
|-damage|p2b: Entei|0 fnt
|faint|p2b: Entei
|-ability|p1a: Calyrex|Chilling Neigh|boost
|-boost|p1a: Calyrex|atk|1
|move|p2a: Groudon|High Horsepower|p1a: Calyrex
|-supereffective|p1a: Calyrex
|-damage|p1a: Calyrex|37/100
|
|-weather|none
|-fieldend|move: Trick Room
|-fieldend|move: Electric Terrain
|-end|p1b: Iron Hands|Quark Drive
|upkeep
|
|t:|1750860297
|switch|p2b: Primarina|Primarina, L50, M|100/100
|turn|6
|
|t:|1750860302
|move|p1a: Calyrex|Protect|p1a: Calyrex
|-singleturn|p1a: Calyrex|Protect
|move|p2a: Groudon|High Horsepower|p1b: Iron Hands
|-supereffective|p1b: Iron Hands
|-damage|p1b: Iron Hands|0 fnt
|faint|p1b: Iron Hands
|-end|p1b: Iron Hands|Quark Drive|[silent]
|move|p2b: Primarina|Hyper Voice|p1a: Calyrex
|-activate|p1a: Calyrex|move: Protect
|
|upkeep
|
|t:|1750860309
|switch|p1b: Miraidon|Miraidon, L50|100/100
|-fieldstart|move: Electric Terrain|[from] ability: Hadron Engine|[of] p1b: Miraidon
|turn|7
|
|t:|1750860321
|move|p1b: Miraidon|Electro Drift|p2b: Primarina
|-supereffective|p2b: Primarina
|-damage|p2b: Primarina|0 fnt
|faint|p2b: Primarina
|move|p2a: Groudon|High Horsepower|p1a: Calyrex
|-supereffective|p1a: Calyrex
|-crit|p1a: Calyrex
|-damage|p1a: Calyrex|0 fnt
|faint|p1a: Calyrex
|
|upkeep
|
|t:|1750860323
|switch|p2b: Zacian|Zacian-Crowned, L50|6/100
|turn|8
|
|t:|1750860334
|move|p2b: Zacian|Play Rough|p1b: Miraidon
|-supereffective|p1b: Miraidon
|-damage|p1b: Miraidon|20/100
|move|p1b: Miraidon|Electro Drift|p2b: Zacian
|-damage|p2b: Zacian|0 fnt
|faint|p2b: Zacian
|move|p2a: Groudon|High Horsepower|p1b: Miraidon
|-supereffective|p1b: Miraidon
|-damage|p1b: Miraidon|0 fnt
|faint|p1b: Miraidon
|
|win|Zordor
|raw|Baseking0's rating: 1497 &rarr; <strong>1481</strong><br />(-16 for losing)
|raw|Zordor's rating: 1575 &rarr; <strong>1591</strong><br />(+16 for winning)
|l|☆Baseking0
|player|p1|
|l|☆Zordor
|player|p2|
