|j|☆something123
|j|☆dinglustan
|t:|1750746529
|gametype|doubles
|player|p1|something123|102|1741
|player|p2|dinglustan|265|1626
|teamsize|p1|6
|teamsize|p2|6
|gen|9
|tier|[Gen 9] VGC 2025 Reg I
|rated|
|rule|Species Clause: Limit one of each Pokémon
|rule|Item Clause: Limit 1 of each item
|clearpoke
|poke|p1|Calyrex-Ice, L50|
|poke|p1|Kyogre, L50|
|poke|p1|Iron Jugulis, L50|
|poke|p1|Urshifu-*, L50, F|
|poke|p1|Rhyperior, L50, M|
|poke|p1|Amoonguss, L50, M|
|poke|p2|Miraidon, L50|
|poke|p2|Calyrex-Ice, L50|
|poke|p2|Grimmsnarl, L50, M|
|poke|p2|Incineroar, L50, M|
|poke|p2|Urshifu-*, L50, F|
|poke|p2|Sinistcha, L50|
|teampreview|4
|inactive|Battle timer is ON: inactive players will automatically lose when time's up. (requested by dinglustan)
|inactive|something123 has 60 seconds left.
|j| super ozone
|inactive|something123 has 30 seconds left.
|inactive|something123 has 20 seconds left.
|
|t:|1750746600
|start
|switch|p1a: Calyrex|Calyrex-Ice, L50|100/100
|switch|p1b: Iron Jugulis|Iron Jugulis, L50|100/100
|switch|p2a: Miraidon|Miraidon, L50|100/100
|switch|p2b: Grimmsnarl|Grimmsnarl, L50, M|100/100
|-ability|p1a: Calyrex|As One
|-ability|p1a: Calyrex|Unnerve
|-fieldstart|move: Electric Terrain|[from] ability: Hadron Engine|[of] p2a: Miraidon
|-activate|p1b: Iron Jugulis|ability: Quark Drive
|-start|p1b: Iron Jugulis|quarkdrivespe
|turn|1
|c| super ozone|HOLY READS!
|inactive|something123 has 30 seconds left.
|inactive|something123 has 20 seconds left.
|inactive|something123 has 15 seconds left.
|inactive|something123 has 10 seconds left.
|
|t:|1750746648
|move|p1a: Calyrex|Protect|p1a: Calyrex
|-singleturn|p1a: Calyrex|Protect
|move|p2b: Grimmsnarl|Reflect|p2b: Grimmsnarl
|-sidestart|p2: dinglustan|Reflect
|move|p1b: Iron Jugulis|Snarl|p2b: Grimmsnarl|[spread] p2a,p2b
|-crit|p2a: Miraidon
|-resisted|p2b: Grimmsnarl
|-damage|p2a: Miraidon|78/100
|-damage|p2b: Grimmsnarl|97/100
|-unboost|p2a: Miraidon|spa|1
|-unboost|p2b: Grimmsnarl|spa|1
|move|p2a: Miraidon|Volt Switch|p1a: Calyrex
|-activate|p1a: Calyrex|move: Protect
|
|upkeep
|turn|2
|c|☆dinglustan|ah i was gonna do it too lmao
|c| super ozone|WhOA
|inactive|something123 has 30 seconds left.
|
|t:|1750746674
|move|p2b: Grimmsnarl|Light Screen|p2b: Grimmsnarl
|-sidestart|p2: dinglustan|move: Light Screen
|move|p1b: Iron Jugulis|Tailwind|p1b: Iron Jugulis
|-sidestart|p1: something123|move: Tailwind
|move|p2a: Miraidon|Volt Switch|p1a: Calyrex
|-damage|p1a: Calyrex|56/100
|
|t:|1750746680
|switch|p2a: Calyrex|Calyrex-Ice, L50|100/100|[from] Volt Switch
|-ability|p2a: Calyrex|As One
|-ability|p2a: Calyrex|Unnerve
|move|p1a: Calyrex|Glacial Lance|p2a: Calyrex|[spread] p2a,p2b
|-resisted|p2a: Calyrex
|-crit|p2b: Grimmsnarl
|-damage|p2a: Calyrex|90/100
|-damage|p2b: Grimmsnarl|21/100
|
|-heal|p2a: Calyrex|96/100|[from] item: Leftovers
|upkeep
|turn|3
|
|t:|1750746705
|-terastallize|p1b: Iron Jugulis|Fire
|move|p2b: Grimmsnarl|Thunder Wave|p1a: Calyrex
|-status|p1a: Calyrex|par
|move|p1b: Iron Jugulis|Taunt|p2a: Calyrex
|-start|p2a: Calyrex|move: Taunt
|move|p1a: Calyrex|Glacial Lance|p2a: Calyrex|[spread] p2a,p2b
|-resisted|p2a: Calyrex
|-damage|p2a: Calyrex|84/100
|-damage|p2b: Grimmsnarl|0 fnt
|faint|p2b: Grimmsnarl
|-ability|p1a: Calyrex|Chilling Neigh|boost
|-boost|p1a: Calyrex|atk|1
|cant|p2a: Calyrex|move: Taunt|Trick Room
|
|-heal|p2a: Calyrex|90/100|[from] item: Leftovers
|upkeep
|
|t:|1750746715
|switch|p2b: Miraidon|Miraidon, L50|78/100
|-activate|p2b: Miraidon|ability: Hadron Engine
|turn|4
|l| super ozone
|
|t:|1750746733
|move|p1b: Iron Jugulis|Snarl|p2b: Miraidon|[spread] p2a,p2b
|-supereffective|p2a: Calyrex
|-damage|p2a: Calyrex|76/100
|-damage|p2b: Miraidon|68/100
|-unboost|p2a: Calyrex|spa|1
|-unboost|p2b: Miraidon|spa|1
|move|p2b: Miraidon|Volt Switch|p1b: Iron Jugulis
|-damage|p1b: Iron Jugulis|46/100
|
|t:|1750746741
|switch|p2b: Urshifu|Urshifu-Rapid-Strike, L50, F|100/100|[from] Volt Switch
|move|p1a: Calyrex|Glacial Lance|p2b: Urshifu|[spread] p2a,p2b
|-resisted|p2a: Calyrex
|-resisted|p2b: Urshifu
|-damage|p2a: Calyrex|61/100
|-damage|p2b: Urshifu|72/100
|move|p2a: Calyrex|Glacial Lance|p1a: Calyrex|[spread] p1a,p1b
|-resisted|p1a: Calyrex
|-resisted|p1b: Iron Jugulis
|-damage|p1a: Calyrex|40/100 par
|-damage|p1b: Iron Jugulis|19/100
|
|-heal|p2a: Calyrex|67/100|[from] item: Leftovers
|upkeep
|turn|5
|
|t:|1750746758
|move|p1b: Iron Jugulis|Hurricane|p2b: Urshifu
|-supereffective|p2b: Urshifu
|-damage|p2b: Urshifu|0 fnt
|faint|p2b: Urshifu
|move|p1a: Calyrex|Seed Bomb|p2a: Calyrex
|-damage|p2a: Calyrex|47/100
|move|p2a: Calyrex|Glacial Lance|p1b: Iron Jugulis|[spread] p1a,p1b
|-resisted|p1a: Calyrex
|-resisted|p1b: Iron Jugulis
|-damage|p1a: Calyrex|22/100 par
|-damage|p1b: Iron Jugulis|0 fnt
|faint|p1b: Iron Jugulis
|-end|p1b: Iron Jugulis|Quark Drive|[silent]
|-ability|p2a: Calyrex|Chilling Neigh|boost
|-boost|p2a: Calyrex|atk|1
|
|-heal|p2a: Calyrex|53/100|[from] item: Leftovers
|-end|p2a: Calyrex|move: Taunt
|-sideend|p1: something123|move: Tailwind
|-fieldend|move: Electric Terrain
|upkeep
|inactive|something123 has 30 seconds left.
|inactive|something123 has 20 seconds left.
|inactive|something123 has 15 seconds left.
|
|t:|1750746800
|switch|p1b: Kyogre|Kyogre, L50|100/100
|switch|p2b: Miraidon|Miraidon, L50|68/100
|-fieldstart|move: Electric Terrain|[from] ability: Hadron Engine|[of] p2b: Miraidon
|-weather|RainDance|[from] ability: Drizzle|[of] p1b: Kyogre
|turn|6
|c|☆something123|I have made an error
|
|t:|1750746821
|move|p2a: Calyrex|Protect|p2a: Calyrex
|-singleturn|p2a: Calyrex|Protect
|move|p2b: Miraidon|Dazzling Gleam|p1a: Calyrex|[spread] p1a,p1b
|-damage|p1a: Calyrex|0 fnt
|-damage|p1b: Kyogre|70/100
|faint|p1a: Calyrex
|move|p1b: Kyogre|Origin Pulse|p2a: Calyrex|[spread] p2b
|-activate|p2a: Calyrex|move: Protect
|-resisted|p2b: Miraidon
|-damage|p2b: Miraidon|31/100
|
|-weather|RainDance|[upkeep]
|-heal|p2a: Calyrex|58/100|[from] item: Leftovers
|upkeep
|j| Prasoooon
|
|t:|1750746831
|switch|p1a: Urshifu|Urshifu-Rapid-Strike, L50, F|100/100
|turn|7
|
|t:|1750746840
|move|p2b: Miraidon|Dazzling Gleam|p1b: Kyogre|[spread] p1a,p1b
|-supereffective|p1a: Urshifu
|-damage|p1a: Urshifu|11/100
|-damage|p1b: Kyogre|38/100
|move|p1b: Kyogre|Origin Pulse|p2a: Calyrex|[spread] p2a,p2b
|-resisted|p2b: Miraidon
|-damage|p2a: Calyrex|13/100
|-damage|p2b: Miraidon|0 fnt
|faint|p2b: Miraidon
|move|p1a: Urshifu|Surging Strikes|p2a: Calyrex
|-crit|p2a: Calyrex
|-damage|p2a: Calyrex|0 fnt
|faint|p2a: Calyrex
|-hitcount|p2: Calyrex|1
|
|win|something123
|raw|something123's rating: 1741 &rarr; <strong>1755</strong><br />(+14 for winning)
|raw|dinglustan's rating: 1626 &rarr; <strong>1612</strong><br />(-14 for losing)
|c|☆dinglustan|gg
|l|☆something123
|player|p1|
|l|☆dinglustan
|player|p2|
|l| Prasoooon
