|j|☆Kingsilverwing13
|j|☆mudd1999
|t:|1750821912
|gametype|doubles
|player|p1|Kingsilverwing13|169|1000
|player|p2|mudd1999|265|1000
|teamsize|p1|6
|teamsize|p2|6
|gen|9
|tier|[Gen 9] VGC 2025 Reg I
|rated|
|rule|Species Clause: Limit one of each Pokémon
|rule|Item Clause: Limit 1 of each item
|clearpoke
|poke|p1|Incineroar, L50, M|
|poke|p1|Grimmsnarl, L50, M|
|poke|p1|Miraidon, L50|
|poke|p1|Calyrex-Ice, L50|
|poke|p1|Urshifu-*, L50, F|
|poke|p1|Ogerpon-Hearthflame, L50, F|
|poke|p2|Rillaboom, L50, F|
|poke|p2|Calyrex-Shadow, L50|
|poke|p2|Zamazenta-*, L50|
|poke|p2|Incineroar, L50, M|
|poke|p2|Raging Bolt, L50|
|poke|p2|Ogerpon-Hearthflame, L50, F|
|teampreview|4
|
|t:|1750821959
|start
|switch|p1a: Grimmsnarl|Grimmsnarl, L50, M|100/100
|switch|p1b: Calyrex|Calyrex-Ice, L50|100/100
|switch|p2a: Incineroar|Incineroar, L50, M|100/100
|switch|p2b: Calyrex|Calyrex-Shadow, L50|100/100
|-ability|p2b: Calyrex|As One
|-ability|p2b: Calyrex|Unnerve
|-ability|p1b: Calyrex|As One
|-ability|p1b: Calyrex|Unnerve
|-ability|p2a: Incineroar|Intimidate|boost
|-unboost|p1a: Grimmsnarl|atk|1
|-unboost|p1b: Calyrex|atk|1
|turn|1
|
|t:|1750821997
|switch|p1b: Ogerpon|Ogerpon-Hearthflame, L50, F|100/100
|-ability|p1b: Ogerpon|Mold Breaker
|move|p2a: Incineroar|Fake Out|p1a: Grimmsnarl
|-damage|p1a: Grimmsnarl|90/100
|cant|p1a: Grimmsnarl|flinch
|move|p2b: Calyrex|Nasty Plot|p2b: Calyrex
|-boost|p2b: Calyrex|spa|2
|
|upkeep
|turn|2
|
|t:|1750822028
|move|p2a: Incineroar|Helping Hand|p2b: Calyrex
|-singleturn|p2b: Calyrex|Helping Hand|[of] p2a: Incineroar
|move|p1b: Ogerpon|Spiky Shield|p1b: Ogerpon
|-singleturn|p1b: Ogerpon|move: Protect
|move|p1a: Grimmsnarl|Light Screen|p1a: Grimmsnarl
|-sidestart|p1: Kingsilverwing13|move: Light Screen
|move|p2b: Calyrex|Astral Barrage|p1b: Ogerpon|[spread] p1a
|-activate|p1b: Ogerpon|move: Protect
|-resisted|p1a: Grimmsnarl
|-damage|p1a: Grimmsnarl|25/100
|-damage|p2b: Calyrex|91/100|[from] item: Life Orb
|
|upkeep
|turn|3
|
|t:|1750822055
|move|p2a: Incineroar|Helping Hand|p2b: Calyrex
|-singleturn|p2b: Calyrex|Helping Hand|[of] p2a: Incineroar
|move|p1a: Grimmsnarl|Thunder Wave|p2b: Calyrex
|-status|p2b: Calyrex|par
|move|p1b: Ogerpon|Focus Energy|p1b: Ogerpon
|-start|p1b: Ogerpon|move: Focus Energy
|cant|p2b: Calyrex|par
|
|upkeep
|turn|4
|
|t:|1750822068
|move|p2a: Incineroar|Helping Hand|p2b: Calyrex
|-singleturn|p2b: Calyrex|Helping Hand|[of] p2a: Incineroar
|move|p1b: Ogerpon|Spiky Shield|p1b: Ogerpon
|-singleturn|p1b: Ogerpon|move: Protect
|move|p1a: Grimmsnarl|Thunder Wave|p2a: Incineroar
|-hint|Since gen 7, Dark is immune to Prankster moves.
|-immune|p2a: Incineroar
|move|p2b: Calyrex|Astral Barrage|p1a: Grimmsnarl|[spread] p1a
|-activate|p1b: Ogerpon|move: Protect
|-resisted|p1a: Grimmsnarl
|-damage|p1a: Grimmsnarl|0 fnt
|faint|p1a: Grimmsnarl
|-ability|p2b: Calyrex|Grim Neigh|boost
|-boost|p2b: Calyrex|spa|1
|-damage|p2b: Calyrex|81/100 par|[from] item: Life Orb
|
|upkeep
|
|t:|1750822078
|switch|p1a: Miraidon|Miraidon, L50|100/100
|-fieldstart|move: Electric Terrain|[from] ability: Hadron Engine|[of] p1a: Miraidon
|turn|5
|
|t:|1750822098
|move|p2a: Incineroar|Helping Hand|p2b: Calyrex
|-singleturn|p2b: Calyrex|Helping Hand|[of] p2a: Incineroar
|move|p1a: Miraidon|Draco Meteor|p2b: Calyrex
|-crit|p2b: Calyrex
|-damage|p2b: Calyrex|0 fnt
|-unboost|p1a: Miraidon|spa|2
|faint|p2b: Calyrex
|move|p1b: Ogerpon|Ivy Cudgel|p2a: Incineroar|[anim] Ivy Cudgel Fire
|-resisted|p2a: Incineroar
|-crit|p2a: Incineroar
|-damage|p2a: Incineroar|71/100
|
|upkeep
|
|t:|1750822111
|switch|p2b: Raging Bolt|Raging Bolt, L50|100/100
|-enditem|p2b: Raging Bolt|Booster Energy
|-activate|p2b: Raging Bolt|ability: Protosynthesis|[fromitem]
|-start|p2b: Raging Bolt|protosynthesisspa
|turn|6
|
|t:|1750822129
|switch|p1a: Calyrex|Calyrex-Ice, L50|100/100
|-ability|p1a: Calyrex|As One
|-ability|p1a: Calyrex|Unnerve
|move|p1b: Ogerpon|Spiky Shield|p1b: Ogerpon
|-singleturn|p1b: Ogerpon|move: Protect
|move|p2b: Raging Bolt|Dragon Pulse|p1a: Calyrex
|-damage|p1a: Calyrex|72/100
|move|p2a: Incineroar|Parting Shot|p1a: Calyrex
|-unboost|p1a: Calyrex|atk|1
|-unboost|p1a: Calyrex|spa|1
|
|t:|1750822144
|switch|p2a: Zamazenta|Zamazenta-Crowned, L50|100/100|[from] Parting Shot
|-ability|p2a: Zamazenta|Dauntless Shield|boost
|-boost|p2a: Zamazenta|def|1
|
|upkeep
|turn|7
|
|t:|1750822161
|move|p2a: Zamazenta|Protect|p2a: Zamazenta
|-singleturn|p2a: Zamazenta|Protect
|move|p2b: Raging Bolt|Protect|p2b: Raging Bolt
|-singleturn|p2b: Raging Bolt|Protect
|move|p1b: Ogerpon|Follow Me|p1b: Ogerpon
|-singleturn|p1b: Ogerpon|move: Follow Me
|move|p1a: Calyrex|Trick Room|p1a: Calyrex
|-fieldstart|move: Trick Room|[of] p1a: Calyrex
|
|upkeep
|turn|8
|
|t:|1750822213
|-terastallize|p2a: Zamazenta|Water
|move|p1a: Calyrex|Glacial Lance|p2a: Zamazenta|[spread] p2a,p2b
|-resisted|p2a: Zamazenta
|-supereffective|p2b: Raging Bolt
|-damage|p2a: Zamazenta|92/100
|-damage|p2b: Raging Bolt|16/100
|move|p2b: Raging Bolt|Dragon Pulse|p1a: Calyrex
|-damage|p1a: Calyrex|42/100
|move|p1b: Ogerpon|Ivy Cudgel|p2a: Zamazenta|[anim] Ivy Cudgel Fire
|-resisted|p2a: Zamazenta
|-crit|p2a: Zamazenta
|-damage|p2a: Zamazenta|65/100
|move|p2a: Zamazenta|Heavy Slam|p1a: Calyrex
|-supereffective|p1a: Calyrex
|-damage|p1a: Calyrex|20/100
|
|upkeep
|turn|9
|
|t:|1750822235
|move|p2b: Raging Bolt|Protect|p2b: Raging Bolt
|-singleturn|p2b: Raging Bolt|Protect
|move|p1b: Ogerpon|Spiky Shield|p1b: Ogerpon
|-singleturn|p1b: Ogerpon|move: Protect
|move|p2a: Zamazenta|Protect|p2a: Zamazenta
|-singleturn|p2a: Zamazenta|Protect
|move|p1a: Calyrex|Glacial Lance|p2a: Zamazenta|[spread] 
|-activate|p2a: Zamazenta|move: Protect
|-activate|p2b: Raging Bolt|move: Protect
|
|-sideend|p1: Kingsilverwing13|move: Light Screen
|-fieldend|move: Electric Terrain
|upkeep
|turn|10
|
|t:|1750822254
|move|p1b: Ogerpon|Follow Me|p1b: Ogerpon
|-singleturn|p1b: Ogerpon|move: Follow Me
|move|p1a: Calyrex|Glacial Lance|p2a: Zamazenta|[spread] p2a,p2b
|-resisted|p2a: Zamazenta
|-supereffective|p2b: Raging Bolt
|-damage|p2a: Zamazenta|57/100
|-damage|p2b: Raging Bolt|0 fnt
|faint|p2b: Raging Bolt
|-end|p2b: Raging Bolt|Protosynthesis|[silent]
|-ability|p1a: Calyrex|Chilling Neigh|boost
|-boost|p1a: Calyrex|atk|1
|move|p2a: Zamazenta|Heavy Slam|p1b: Ogerpon
|-resisted|p1b: Ogerpon
|-damage|p1b: Ogerpon|77/100
|
|upkeep
|
|t:|1750822266
|switch|p2b: Incineroar|Incineroar, L50, M|71/100
|-ability|p2b: Incineroar|Intimidate|boost
|-unboost|p1a: Calyrex|atk|1
|-unboost|p1b: Ogerpon|atk|1
|turn|11
|
|t:|1750822290
|move|p2b: Incineroar|Fake Out|p1b: Ogerpon
|-damage|p1b: Ogerpon|66/100
|cant|p1b: Ogerpon|flinch
|move|p1a: Calyrex|High Horsepower|p2a: Zamazenta
|-damage|p2a: Zamazenta|47/100
|move|p2a: Zamazenta|Body Press|p1a: Calyrex
|-damage|p1a: Calyrex|0 fnt
|faint|p1a: Calyrex
|
|-fieldend|move: Trick Room
|upkeep
|
|t:|1750822297
|switch|p1a: Miraidon|Miraidon, L50|100/100
|-fieldstart|move: Electric Terrain|[from] ability: Hadron Engine|[of] p1a: Miraidon
|turn|12
|
|t:|1750822313
|move|p2a: Zamazenta|Protect|p2a: Zamazenta
|-singleturn|p2a: Zamazenta|Protect
|move|p1b: Ogerpon|Spiky Shield|p1b: Ogerpon
|-singleturn|p1b: Ogerpon|move: Protect
|move|p1a: Miraidon|Electro Drift|p2a: Zamazenta
|-activate|p2a: Zamazenta|move: Protect
|move|p2b: Incineroar|Knock Off|p1a: Miraidon
|-damage|p1a: Miraidon|66/100
|-enditem|p1a: Miraidon|Choice Specs|[from] move: Knock Off|[of] p2b: Incineroar
|
|upkeep
|turn|13
|
|t:|1750822358
|move|p2b: Incineroar|Helping Hand|p2a: Zamazenta
|-singleturn|p2a: Zamazenta|Helping Hand|[of] p2b: Incineroar
|move|p1b: Ogerpon|Follow Me|p1b: Ogerpon
|-singleturn|p1b: Ogerpon|move: Follow Me
|move|p1a: Miraidon|Electro Drift|p2a: Zamazenta
|-supereffective|p2a: Zamazenta
|-damage|p2a: Zamazenta|0 fnt
|faint|p2a: Zamazenta
|
|upkeep
|turn|14
|-message|mudd1999 forfeited.
|
|win|Kingsilverwing13
|raw|Kingsilverwing13's rating: 1000 &rarr; <strong>1040</strong><br />(+40 for winning)
|raw|mudd1999's rating: 1000 &rarr; <strong>1000</strong><br />(+0 for losing)
|l|☆mudd1999
|player|p2|
