|j|☆Clutchthelemon
|j|☆tunasidreams
|t:|1750859826
|gametype|doubles
|player|p1|Clutchthelemon|266|1230
|player|p2|tunasidreams|veteran|1335
|teamsize|p1|6
|teamsize|p2|6
|gen|9
|tier|[Gen 9] VGC 2025 Reg I
|rated|
|rule|Species Clause: Limit one of each Pokémon
|rule|Item Clause: Limit 1 of each item
|clearpoke
|poke|p1|Groudon, L50|
|poke|p1|Lunala, L50|
|poke|p1|Ribombee, L50, M|
|poke|p1|Walking Wake, L50|
|poke|p1|Incineroar, L50, M|
|poke|p1|Rillaboom, L50, M|
|poke|p2|Terapagos, L50, M|
|poke|p2|Calyrex-Shadow, L50|
|poke|p2|Rillaboom, L50, M|
|poke|p2|Clefairy, L50, F|
|poke|p2|Incineroar, L50, F|
|poke|p2|Chesnaught, L50, M|
|teampreview|4
|inactive|Battle timer is ON: inactive players will automatically lose when time's up. (requested by Clutchthelemon)
|inactive|tunasidreams has 60 seconds left.
|
|t:|1750859876
|start
|switch|p1a: Groudon|Groudon, L50|100/100
|switch|p1b: Lunala|Lunala, L50|100/100
|switch|p2a: Terapagos|Terapagos, L50, M|100/100
|switch|p2b: Rillaboom|Rillaboom, L50, M|100/100
|-activate|p2a: Terapagos|ability: Tera Shift
|detailschange|p2a: Terapagos|Terapagos-Terastal, L50, M
|-heal|p2a: Terapagos|100/100|[silent]
|-fieldstart|move: Grassy Terrain|[from] ability: Grassy Surge|[of] p2b: Rillaboom
|-weather|SunnyDay|[from] ability: Drought|[of] p1a: Groudon
|turn|1
|inactive|Clutchthelemon has 30 seconds left.
|
|t:|1750859903
|move|p2b: Rillaboom|Fake Out|p1a: Groudon
|-damage|p1a: Groudon|91/100
|move|p2a: Terapagos|Calm Mind|p2a: Terapagos
|-boost|p2a: Terapagos|spa|1
|-boost|p2a: Terapagos|spd|1
|move|p1b: Lunala|Meteor Beam||[still]
|-prepare|p1b: Lunala|Meteor Beam
|-boost|p1b: Lunala|spa|1
|-enditem|p1b: Lunala|Power Herb
|-anim|p1b: Lunala|Meteor Beam|p2a: Terapagos
|-activate|p2a: Terapagos|ability: Tera Shell
|-resisted|p2a: Terapagos
|-damage|p2a: Terapagos|80/100
|cant|p1a: Groudon|flinch
|
|-weather|SunnyDay|[upkeep]
|-heal|p2a: Terapagos|87/100|[from] Grassy Terrain
|-heal|p2a: Terapagos|93/100|[from] item: Leftovers
|-heal|p1a: Groudon|97/100|[from] Grassy Terrain
|upkeep
|turn|2
|inactive|Clutchthelemon has 30 seconds left.
|inactive|tunasidreams has 30 seconds left.
|
|t:|1750859936
|move|p2a: Terapagos|Protect|p2a: Terapagos
|-singleturn|p2a: Terapagos|Protect
|move|p2b: Rillaboom|U-turn|p1b: Lunala
|-damage|p1b: Lunala|91/100
|
|t:|1750859954
|switch|p2b: Clefairy|Clefairy, L50, F, shiny|100/100|[from] U-turn
|move|p1b: Lunala|Meteor Beam||[still]
|-prepare|p1b: Lunala|Meteor Beam
|-boost|p1b: Lunala|spa|1
|move|p1a: Groudon|Precipice Blades|p2b: Clefairy|[spread] p2b
|-activate|p2a: Terapagos|move: Protect
|-damage|p2b: Clefairy|61/100
|
|-weather|SunnyDay|[upkeep]
|-heal|p2a: Terapagos|99/100|[from] Grassy Terrain
|-heal|p2a: Terapagos|100/100|[from] item: Leftovers
|-heal|p1b: Lunala|97/100|[from] Grassy Terrain
|-heal|p1a: Groudon|100/100|[from] Grassy Terrain
|-heal|p2b: Clefairy|67/100|[from] Grassy Terrain
|upkeep
|turn|3
|
|t:|1750859977
|move|p2a: Terapagos|Calm Mind|p2a: Terapagos
|-boost|p2a: Terapagos|spa|1
|-boost|p2a: Terapagos|spd|1
|move|p1b: Lunala|Meteor Beam|p2a: Terapagos|[from] lockedmove
|-activate|p2a: Terapagos|ability: Tera Shell
|-resisted|p2a: Terapagos
|-damage|p2a: Terapagos|84/100
|move|p1a: Groudon|Precipice Blades|p2a: Terapagos|[spread] p2a,p2b
|-damage|p2a: Terapagos|56/100
|-damage|p2b: Clefairy|23/100
|move|p2b: Clefairy|Life Dew|p2b: Clefairy|[spread] p2a,p2b
|-heal|p2a: Terapagos|81/100
|-heal|p2b: Clefairy|48/100
|
|-weather|SunnyDay|[upkeep]
|-heal|p2a: Terapagos|88/100|[from] Grassy Terrain
|-heal|p2a: Terapagos|94/100|[from] item: Leftovers
|-heal|p1b: Lunala|100/100|[from] Grassy Terrain
|-heal|p2b: Clefairy|55/100|[from] Grassy Terrain
|upkeep
|turn|4
|inactive|Clutchthelemon has 30 seconds left.
|inactive|tunasidreams has 30 seconds left.
|
|t:|1750860004
|-terastallize|p2a: Terapagos|Stellar
|detailschange|p2a: Terapagos|Terapagos-Stellar, L50, M, tera:Stellar
|-heal|p2a: Terapagos|95/100|[silent]
|-ability|p2a: Terapagos|Teraform Zero
|-weather|none
|-fieldend|move: Grassy Terrain
|move|p2b: Clefairy|Helping Hand|p2a: Terapagos
|-singleturn|p2a: Terapagos|Helping Hand|[of] p2b: Clefairy
|move|p1b: Lunala|Wide Guard|p1b: Lunala
|-singleturn|p1b: Lunala|Wide Guard
|move|p2a: Terapagos|Tera Starstorm|p1a: Groudon|[spread] 
|-activate|p1a: Groudon|move: Wide Guard
|-activate|p1b: Lunala|move: Wide Guard
|move|p1a: Groudon|Precipice Blades|p2a: Terapagos|[spread] p2a,p2b
|-damage|p2a: Terapagos|75/100
|-damage|p2b: Clefairy|12/100
|
|-heal|p2a: Terapagos|81/100|[from] item: Leftovers
|upkeep
|turn|5
|inactive|Clutchthelemon has 30 seconds left.
|inactive|tunasidreams has 30 seconds left.
|
|t:|1750860033
|switch|p2b: Rillaboom|Rillaboom, L50, M|100/100
|-fieldstart|move: Grassy Terrain|[from] ability: Grassy Surge|[of] p2b: Rillaboom
|move|p2a: Terapagos|Protect|p2a: Terapagos
|-singleturn|p2a: Terapagos|Protect
|move|p1b: Lunala|Wide Guard|p1b: Lunala
|-singleturn|p1b: Lunala|Wide Guard
|move|p1a: Groudon|Precipice Blades|p2a: Terapagos|[spread] p2b
|-activate|p2a: Terapagos|move: Protect
|-resisted|p2b: Rillaboom
|-damage|p2b: Rillaboom|72/100
|
|-heal|p2a: Terapagos|87/100|[from] Grassy Terrain
|-heal|p2a: Terapagos|93/100|[from] item: Leftovers
|-heal|p2b: Rillaboom|78/100|[from] Grassy Terrain
|upkeep
|turn|6
|inactive|Clutchthelemon has 30 seconds left.
|inactive|tunasidreams has 30 seconds left.
|inactive|tunasidreams has 20 seconds left.
|
|t:|1750860071
|switch|p1b: Incineroar|Incineroar, L50, M|100/100
|-ability|p1b: Incineroar|Intimidate|boost
|-unboost|p2a: Terapagos|atk|1
|-unboost|p2b: Rillaboom|atk|1
|move|p2b: Rillaboom|Fake Out|p1a: Groudon
|-damage|p1a: Groudon|94/100
|move|p2a: Terapagos|Earth Power|p1a: Groudon
|-damage|p1a: Groudon|44/100
|cant|p1a: Groudon|flinch
|
|-heal|p2a: Terapagos|99/100|[from] Grassy Terrain
|-heal|p2a: Terapagos|100/100|[from] item: Leftovers
|-heal|p2b: Rillaboom|85/100|[from] Grassy Terrain
|-heal|p1a: Groudon|50/100|[from] Grassy Terrain
|upkeep
|turn|7
|inactive|tunasidreams has 30 seconds left.
|inactive|tunasidreams has 20 seconds left.
|inactive|tunasidreams has 15 seconds left.
|
|t:|1750860113
|move|p2a: Terapagos|Tera Starstorm|p1a: Groudon|[spread] p1a,p1b
|-damage|p1a: Groudon|0 fnt
|-damage|p1b: Incineroar|42/100
|faint|p1a: Groudon
|move|p2b: Rillaboom|Wood Hammer|p1b: Incineroar
|-resisted|p1b: Incineroar
|-damage|p1b: Incineroar|21/100
|-damage|p2b: Rillaboom|77/100|[from] Recoil
|move|p1b: Incineroar|Parting Shot|p2a: Terapagos
|-unboost|p2a: Terapagos|atk|1
|-unboost|p2a: Terapagos|spa|1
|
|t:|1750860118
|switch|p1b: Walking Wake|Walking Wake, L50|100/100|[from] Parting Shot
|
|-heal|p2b: Rillaboom|83/100|[from] Grassy Terrain
|upkeep
|
|t:|1750860125
|switch|p1a: Incineroar|Incineroar, L50, M|21/100
|-ability|p1a: Incineroar|Intimidate|boost
|-unboost|p2a: Terapagos|atk|1
|-unboost|p2b: Rillaboom|atk|1
|turn|8
|-message|Clutchthelemon forfeited.
|
|win|tunasidreams
|raw|Clutchthelemon's rating: 1230 &rarr; <strong>1212</strong><br />(-18 for losing)
|raw|tunasidreams's rating: 1335 &rarr; <strong>1349</strong><br />(+14 for winning)
|l|☆Clutchthelemon
|player|p1|
