|j|‽Allhailhippo
|j|☆sturbyy
|t:|1750863092
|gametype|doubles
|player|p1|Allhailhippo|170|1566
|player|p2|sturbyy|2|1681
|teamsize|p1|6
|teamsize|p2|6
|gen|9
|tier|[Gen 9] VGC 2025 Reg I
|rated|
|rule|Species Clause: Limit one of each Pokémon
|rule|Item Clause: Limit 1 of each item
|clearpoke
|poke|p1|Necrozma-Dusk-Mane, L50|
|poke|p1|Calyrex-Ice, L50|
|poke|p1|Farigiraf, L50, M|
|poke|p1|Tornadus, L50, M|
|poke|p1|Flutter Mane, L50|
|poke|p1|Ursaluna, L50, M|
|poke|p2|Miraidon, L50|
|poke|p2|Calyrex-Ice, L50|
|poke|p2|Incineroar, L50, M|
|poke|p2|Landorus, L50, M|
|poke|p2|Urshifu-*, L50, M|
|poke|p2|Farigiraf, L50, F|
|teampreview|4
|inactive|Battle timer is ON: inactive players will automatically lose when time's up. (requested by Allhailhippo)
|inactive|Allhailhippo has 60 seconds left.
|inactive|sturbyy has 60 seconds left.
|
|t:|1750863144
|start
|switch|p1a: Calyrex|Calyrex-Ice, L50|100/100
|switch|p1b: Flutter Mane|Flutter Mane, L50|100/100
|switch|p2a: Calyrex|Calyrex-Ice, L50|100/100
|switch|p2b: Urshifu|Urshifu-Rapid-Strike, L50, M|100/100
|-ability|p2a: Calyrex|As One
|-ability|p2a: Calyrex|Unnerve
|-ability|p1a: Calyrex|As One
|-ability|p1a: Calyrex|Unnerve
|turn|1
|
|t:|1750863165
|-terastallize|p2b: Urshifu|Water
|move|p2b: Urshifu|Surging Strikes|p1b: Flutter Mane
|-crit|p1b: Flutter Mane
|-damage|p1b: Flutter Mane|42/100
|-crit|p1b: Flutter Mane
|-damage|p1b: Flutter Mane|0 fnt
|faint|p1b: Flutter Mane
|-end|p1b: Flutter Mane|Protosynthesis|[silent]
|-hitcount|p1: Flutter Mane|2
|move|p2a: Calyrex|Leech Seed|p1a: Calyrex
|-start|p1a: Calyrex|move: Leech Seed
|move|p1a: Calyrex|Seed Bomb|p2b: Urshifu
|-supereffective|p2b: Urshifu
|-damage|p2b: Urshifu|24/100
|
|-damage|p1a: Calyrex|88/100|[from] Leech Seed|[of] p2a: Calyrex
|upkeep
|
|t:|1750863178
|switch|p1b: Necrozma|Necrozma-Dusk-Mane, L50|100/100
|turn|2
|
|t:|1750863190
|move|p2a: Calyrex|Protect|p2a: Calyrex
|-singleturn|p2a: Calyrex|Protect
|move|p2b: Urshifu|Surging Strikes|p1b: Necrozma
|-crit|p1b: Necrozma
|-damage|p1b: Necrozma|79/100
|-crit|p1b: Necrozma
|-damage|p1b: Necrozma|58/100
|-crit|p1b: Necrozma
|-damage|p1b: Necrozma|38/100
|-hitcount|p1b: Necrozma|3
|move|p1b: Necrozma|Knock Off|p2a: Calyrex
|-activate|p2a: Calyrex|move: Protect
|move|p1a: Calyrex|Glacial Lance|p2b: Urshifu|[spread] p2b
|-activate|p2a: Calyrex|move: Protect
|-resisted|p2b: Urshifu
|-crit|p2b: Urshifu
|-damage|p2b: Urshifu|0 fnt
|faint|p2b: Urshifu
|-ability|p1a: Calyrex|Chilling Neigh|boost
|-boost|p1a: Calyrex|atk|1
|
|-damage|p1a: Calyrex|76/100|[from] Leech Seed|[of] p2a: Calyrex
|upkeep
|
|t:|1750863206
|switch|p2b: Miraidon|Miraidon, L50|100/100
|-fieldstart|move: Electric Terrain|[from] ability: Hadron Engine|[of] p2b: Miraidon
|turn|3
|
|t:|1750863221
|switch|p2b: Incineroar|Incineroar, L50, M|100/100
|-ability|p2b: Incineroar|Intimidate|boost
|-unboost|p1a: Calyrex|atk|1
|-fail|p1b: Necrozma|unboost|[from] item: Clear Amulet|[of] p1b: Necrozma
|switch|p1b: Ursaluna|Ursaluna, L50, M|100/100
|move|p2a: Calyrex|Glacial Lance|p1a: Calyrex|[spread] p1a,p1b
|-resisted|p1a: Calyrex
|-supereffective|p1b: Ursaluna
|-damage|p1a: Calyrex|59/100
|-damage|p1b: Ursaluna|27/100
|move|p1a: Calyrex|Glacial Lance|p2a: Calyrex|[spread] p2a,p2b
|-resisted|p2a: Calyrex
|-resisted|p2b: Incineroar
|-damage|p2a: Calyrex|83/100
|-damage|p2b: Incineroar|72/100
|
|-heal|p2a: Calyrex|88/100|[from] item: Leftovers
|-damage|p1a: Calyrex|47/100|[from] Leech Seed|[of] p2a: Calyrex
|-heal|p2a: Calyrex|100/100|[silent]
|-status|p1b: Ursaluna|brn|[from] item: Flame Orb
|upkeep
|turn|4
|
|t:|1750863240
|move|p2b: Incineroar|Knock Off|p1b: Ursaluna
|-damage|p1b: Ursaluna|0 fnt
|-enditem|p1b: Ursaluna|Flame Orb|[from] move: Knock Off|[of] p2b: Incineroar
|faint|p1b: Ursaluna
|move|p2a: Calyrex|Glacial Lance|p1a: Calyrex
|-resisted|p1a: Calyrex
|-damage|p1a: Calyrex|24/100
|move|p1a: Calyrex|Close Combat|p2b: Incineroar
|-supereffective|p2b: Incineroar
|-crit|p2b: Incineroar
|-damage|p2b: Incineroar|0 fnt
|-unboost|p1a: Calyrex|def|1
|-unboost|p1a: Calyrex|spd|1
|faint|p2b: Incineroar
|-ability|p1a: Calyrex|Chilling Neigh|boost
|-boost|p1a: Calyrex|atk|1
|
|-damage|p1a: Calyrex|12/100|[from] Leech Seed|[of] p2a: Calyrex
|upkeep
|
|t:|1750863249
|switch|p2b: Miraidon|Miraidon, L50|100/100
|switch|p1b: Necrozma|Necrozma-Dusk-Mane, L50|38/100
|-activate|p2b: Miraidon|ability: Hadron Engine
|turn|5
|-message|Allhailhippo forfeited.
|
|win|sturbyy
|raw|Allhailhippo's rating: 1566 &rarr; <strong>1552</strong><br />(-14 for losing)
|raw|sturbyy's rating: 1681 &rarr; <strong>1695</strong><br />(+14 for winning)
|l|‽Allhailhippo
|player|p1|
|l|☆sturbyy
|player|p2|
