|j|☆Juancisimo
|j|☆duckyfroggie00
|t:|1750845244
|gametype|doubles
|player|p1|Juancisimo|baker|1175
|player|p2|duckyfroggie00|102|1173
|teamsize|p1|6
|teamsize|p2|6
|gen|9
|tier|[Gen 9] VGC 2025 Reg I
|rated|
|rule|Species Clause: Limit one of each Pokémon
|rule|Item Clause: Limit 1 of each item
|clearpoke
|poke|p1|Koraidon, L50|
|poke|p1|Miraidon, L50|
|poke|p1|Chi-Yu, L50|
|poke|p1|Iron Hands, L50|
|poke|p1|Amoonguss, L50, M|
|poke|p1|Tornadus, L50, M|
|poke|p2|Miraidon, L50|
|poke|p2|Incineroar, L50, F|
|poke|p2|Politoed, L50, M|
|poke|p2|Gothitelle, L50, F|
|poke|p2|Zamazenta-*, L50|
|poke|p2|Amoonguss, L50, M|
|teampreview|4
|inactive|Battle timer is ON: inactive players will automatically lose when time's up. (requested by duckyfroggie00)
Juancisimo has agreed to open team sheets.
|inactive|Juancisimo has 60 seconds left.
|
|t:|1750845282
|start
|switch|p1a: Koraidon|Koraidon, L50|100/100
|switch|p1b: Amoonguss|Amoonguss, L50, M|100/100
|switch|p2a: Politoed|Politoed, L50, M|100/100
|switch|p2b: Miraidon|Miraidon, L50|100/100
|-weather|SunnyDay|[from] ability: Orichalcum Pulse|[of] p1a: Koraidon
|-activate|p1a: Koraidon|Orichalcum Pulse|[source]
|-fieldstart|move: Electric Terrain|[from] ability: Hadron Engine|[of] p2b: Miraidon
|-weather|RainDance|[from] ability: Drizzle|[of] p2a: Politoed
|turn|1
|c|☆Juancisimo|gl
|inactive|duckyfroggie00 has 30 seconds left.
|c|☆duckyfroggie00|gl
|inactive|duckyfroggie00 has 20 seconds left.
|
|t:|1750845318
|move|p2b: Miraidon|Protect|p2b: Miraidon
|-singleturn|p2b: Miraidon|Protect
|move|p1b: Amoonguss|Rage Powder|p1b: Amoonguss
|-singleturn|p1b: Amoonguss|move: Rage Powder
|move|p1a: Koraidon|Dragon Claw|p2b: Miraidon
|-activate|p2b: Miraidon|move: Protect
|move|p2a: Politoed|Encore|p1b: Amoonguss
|-start|p1b: Amoonguss|Encore
|
|-weather|RainDance|[upkeep]
|upkeep
|turn|2
|inactive|Juancisimo has 30 seconds left.
|inactive|Juancisimo has 20 seconds left.
|inactive|duckyfroggie00 has 30 seconds left.
|inactive|duckyfroggie00 has 20 seconds left.
|
|t:|1750845376
|-terastallize|p1a: Koraidon|Fire
|-terastallize|p2b: Miraidon|Electric
|move|p1b: Amoonguss|Rage Powder|p1b: Amoonguss
|-singleturn|p1b: Amoonguss|move: Rage Powder
|move|p1a: Koraidon|Dragon Claw|p2b: Miraidon
|-damage|p2b: Miraidon|59/100
|move|p2b: Miraidon|Volt Switch|p1b: Amoonguss
|-resisted|p1b: Amoonguss
|-damage|p1b: Amoonguss|51/100
|-damage|p2b: Miraidon|49/100|[from] item: Life Orb
|
|t:|1750845388
|switch|p2b: Gothitelle|Gothitelle, L50, F|100/100|[from] Volt Switch
|move|p2a: Politoed|Perish Song|p2a: Politoed
|-start|p1a: Koraidon|perish3|[silent]
|-start|p1b: Amoonguss|perish3|[silent]
|-start|p2a: Politoed|perish3|[silent]
|-start|p2b: Gothitelle|perish3|[silent]
|-fieldactivate|move: Perish Song
|
|-weather|RainDance|[upkeep]
|-start|p1a: Koraidon|perish3
|-start|p2b: Gothitelle|perish3
|-start|p2a: Politoed|perish3
|-start|p1b: Amoonguss|perish3
|upkeep
|turn|3
|inactive|Juancisimo has 30 seconds left.
|inactive|Juancisimo has 20 seconds left.
|
|t:|1750845423
|move|p2b: Gothitelle|Fake Out|p1a: Koraidon
|-damage|p1a: Koraidon|96/100
|move|p1b: Amoonguss|Rage Powder|p1b: Amoonguss
|-singleturn|p1b: Amoonguss|move: Rage Powder
|cant|p1a: Koraidon|flinch
|move|p2a: Politoed|Weather Ball|p1b: Amoonguss
|-resisted|p1b: Amoonguss
|-damage|p1b: Amoonguss|31/100
|
|-weather|RainDance|[upkeep]
|-start|p1a: Koraidon|perish2
|-start|p2b: Gothitelle|perish2
|-start|p2a: Politoed|perish2
|-start|p1b: Amoonguss|perish2
|upkeep
|turn|4
|
|t:|1750845437
|move|p2b: Gothitelle|Protect|p2b: Gothitelle
|-singleturn|p2b: Gothitelle|Protect
|move|p2a: Politoed|Protect|p2a: Politoed
|-singleturn|p2a: Politoed|Protect
|move|p1b: Amoonguss|Rage Powder|p1b: Amoonguss
|-singleturn|p1b: Amoonguss|move: Rage Powder
|move|p1a: Koraidon|Dragon Claw|p2b: Gothitelle
|-activate|p2b: Gothitelle|move: Protect
|
|-weather|RainDance|[upkeep]
|-end|p1b: Amoonguss|Encore
|-start|p1a: Koraidon|perish1
|-start|p2b: Gothitelle|perish1
|-start|p2a: Politoed|perish1
|-start|p1b: Amoonguss|perish1
|upkeep
|turn|5
|inactive|duckyfroggie00 has 30 seconds left.
|inactive|duckyfroggie00 has 20 seconds left.
|
|t:|1750845472
|switch|p2b: Zamazenta|Zamazenta-Crowned, L50|100/100
|-ability|p2b: Zamazenta|Dauntless Shield|boost
|-boost|p2b: Zamazenta|def|1
|switch|p2a: Miraidon|Miraidon, L50, tera:Electric|49/100
|-activate|p2a: Miraidon|ability: Hadron Engine
|move|p1a: Koraidon|Dragon Claw|p2b: Zamazenta
|-resisted|p2b: Zamazenta
|-damage|p2b: Zamazenta|92/100
|move|p1b: Amoonguss|Spore|p2a: Miraidon
|-activate|p2a: Miraidon|move: Electric Terrain
|
|-weather|none
|-start|p1a: Koraidon|perish0
|-start|p1b: Amoonguss|perish0
|-fieldend|move: Electric Terrain
|upkeep
|faint|p1a: Koraidon
|faint|p1b: Amoonguss
|
|t:|1750845488
|switch|p1a: Miraidon|Miraidon, L50|100/100
|switch|p1b: Chi-Yu|Chi-Yu, L50|100/100
|-fieldstart|move: Electric Terrain|[from] ability: Hadron Engine|[of] p1a: Miraidon
|-ability|p1b: Chi-Yu|Beads of Ruin
|turn|6
|
|t:|1750845504
|move|p2a: Miraidon|Protect|p2a: Miraidon
|-singleturn|p2a: Miraidon|Protect
|move|p2b: Zamazenta|Protect|p2b: Zamazenta
|-singleturn|p2b: Zamazenta|Protect
|move|p1a: Miraidon|Electro Drift|p2a: Miraidon
|-activate|p2a: Miraidon|move: Protect
|move|p1b: Chi-Yu|Heat Wave|p2a: Miraidon|[spread] 
|-activate|p2a: Miraidon|move: Protect
|-activate|p2b: Zamazenta|move: Protect
|
|upkeep
|turn|7
|inactive|duckyfroggie00 has 30 seconds left.
|
|t:|1750845529
|move|p2b: Zamazenta|Wide Guard|p2b: Zamazenta
|-singleturn|p2b: Zamazenta|Wide Guard
|move|p1a: Miraidon|Electro Drift|p2a: Miraidon
|-resisted|p2a: Miraidon
|-damage|p2a: Miraidon|0 fnt
|faint|p2a: Miraidon
|-damage|p1a: Miraidon|91/100|[from] item: Life Orb
|move|p1b: Chi-Yu|Heat Wave|p2b: Zamazenta
|-activate|p2b: Zamazenta|move: Wide Guard
|
|upkeep
|
|t:|1750845535
|switch|p2a: Politoed|Politoed, L50, M|100/100
|-weather|RainDance|[from] ability: Drizzle|[of] p2a: Politoed
|turn|8
|inactive|Juancisimo has 30 seconds left.
|
|t:|1750845563
|switch|p2b: Gothitelle|Gothitelle, L50, F|100/100
|move|p2a: Politoed|Protect|p2a: Politoed
|-singleturn|p2a: Politoed|Protect
|move|p1a: Miraidon|Electro Drift|p2a: Politoed
|-activate|p2a: Politoed|move: Protect
|move|p1b: Chi-Yu|Dark Pulse|p2a: Politoed
|-activate|p2a: Politoed|move: Protect
|
|-weather|RainDance|[upkeep]
|upkeep
|turn|9
|
|t:|1750845579
|move|p2b: Gothitelle|Fake Out|p1a: Miraidon
|-damage|p1a: Miraidon|86/100
|cant|p1a: Miraidon|flinch
|move|p1b: Chi-Yu|Dark Pulse|p2a: Politoed
|-damage|p2a: Politoed|62/100
|cant|p2a: Politoed|flinch
|
|-weather|RainDance|[upkeep]
|-heal|p2a: Politoed|68/100|[from] item: Leftovers
|upkeep
|turn|10
|c|☆duckyfroggie00|bruh
|c|☆Juancisimo|ooof
|c|☆duckyfroggie00|that perish ended it
|inactive|duckyfroggie00 has 30 seconds left.
|inactive|duckyfroggie00 has 20 seconds left.
|
|t:|1750845618
|switch|p2a: Zamazenta|Zamazenta-Crowned, L50|92/100
|move|p1a: Miraidon|Electro Drift|p2a: Zamazenta
|-damage|p2a: Zamazenta|0 fnt
|faint|p2a: Zamazenta
|-damage|p1a: Miraidon|76/100|[from] item: Life Orb
|move|p1b: Chi-Yu|Dark Pulse|p2b: Gothitelle
|-supereffective|p2b: Gothitelle
|-damage|p2b: Gothitelle|4/100
|-enditem|p2b: Gothitelle|Sitrus Berry|[eat]
|-heal|p2b: Gothitelle|29/100|[from] item: Sitrus Berry
|cant|p2b: Gothitelle|flinch
|
|-weather|RainDance|[upkeep]
|-fieldend|move: Electric Terrain
|upkeep
|c|☆duckyfroggie00|...
|
|t:|1750845633
|switch|p2a: Politoed|Politoed, L50, M|68/100
|turn|11
|-message|duckyfroggie00 forfeited.
|
|win|Juancisimo
|raw|Juancisimo's rating: 1175 &rarr; <strong>1200</strong><br />(+25 for winning)
|raw|duckyfroggie00's rating: 1173 &rarr; <strong>1148</strong><br />(-25 for losing)
|l|☆duckyfroggie00
|player|p2|
|c|☆Juancisimo|gg
|l|☆Juancisimo
|player|p1|
