|j|☆phatbigmoney
|j|☆Godme7o_Anthony
|t:|1750796891
|gametype|doubles
|player|p1|phatbigmoney|linebacker|1088
|player|p2|Godme7o_Anthony|blue|1091
|teamsize|p1|6
|teamsize|p2|6
|gen|9
|tier|[Gen 9] VGC 2025 Reg I
|rated|
|rule|Species Clause: Limit one of each Pokémon
|rule|Item Clause: Limit 1 of each item
|clearpoke
|poke|p1|Calyrex-Shadow, L50|
|poke|p1|Reshiram, L50|
|poke|p1|Vivillon-Fancy, L50, M|
|poke|p1|Toxtricity, L50, F|
|poke|p1|Garchomp, L50, F|
|poke|p1|Rotom-Fan, L50|
|poke|p2|Calyrex-Shadow, L50|
|poke|p2|Rayquaza, L50|
|poke|p2|Chien-Pao, L50|
|poke|p2|Ogerpon-Hearthflame, L50, F|
|poke|p2|Landorus-Therian, L50, M|
|poke|p2|Suicune, L50|
|teampreview|4
|inactive|Battle timer is ON: inactive players will automatically lose when time's up. (requested by Godme7o_Anthony)
|inactive|Godme7o_Anthony has 60 seconds left.
phatbigmoney has agreed to open team sheets.
|
|t:|1750796937
|start
|switch|p1a: Toxtricity|Toxtricity, L50, F|100/100
|switch|p1b: Calyrex|Calyrex-Shadow, L50|100/100
|switch|p2a: Rayquaza|Rayquaza, L50|100/100
|switch|p2b: Suicune|Suicune, L50|100/100
|-ability|p1b: Calyrex|As One
|-ability|p1b: Calyrex|Unnerve
|-ability|p2a: Rayquaza|Air Lock
|turn|1
|inactive|phatbigmoney has 30 seconds left.
|inactive|Godme7o_Anthony has 30 seconds left.
|
|t:|1750796969
|-terastallize|p2a: Rayquaza|Normal
|move|p1a: Toxtricity|Protect|p1a: Toxtricity
|-singleturn|p1a: Toxtricity|Protect
|move|p2a: Rayquaza|Extreme Speed|p1a: Toxtricity
|-activate|p1a: Toxtricity|move: Protect
|move|p1b: Calyrex|Astral Barrage|p2b: Suicune|[spread] p2b
|-immune|p2a: Rayquaza
|-damage|p2b: Suicune|45/100
|move|p2b: Suicune|Snarl|p1b: Calyrex|[spread] p1b
|-activate|p1a: Toxtricity|move: Protect
|-supereffective|p1b: Calyrex
|-damage|p1b: Calyrex|64/100
|-unboost|p1b: Calyrex|spa|1
|
|-heal|p2b: Suicune|51/100|[from] item: Leftovers
|upkeep
|turn|2
|inactive|phatbigmoney has 30 seconds left.
|inactive|phatbigmoney has 20 seconds left.
|inactive|phatbigmoney has 15 seconds left.
|inactive|phatbigmoney has 10 seconds left.
|
|t:|1750797014
|switch|p1b: Reshiram|Reshiram, L50|100/100
|-ability|p1b: Reshiram|Turboblaze
|move|p2a: Rayquaza|Extreme Speed|p1a: Toxtricity
|-damage|p1a: Toxtricity|0 fnt
|faint|p1a: Toxtricity
|move|p2b: Suicune|Tailwind|p2b: Suicune
|-sidestart|p2: Godme7o_Anthony|move: Tailwind
|
|-heal|p2b: Suicune|57/100|[from] item: Leftovers
|upkeep
|
|t:|1750797032
|switch|p1a: Vivillon|Vivillon-Fancy, L50, M, shiny|100/100
|turn|3
|
|t:|1750797047
|move|p2b: Suicune|Helping Hand|p2a: Rayquaza
|-singleturn|p2a: Rayquaza|Helping Hand|[of] p2b: Suicune
|move|p2a: Rayquaza|Extreme Speed|p1b: Reshiram
|-damage|p1b: Reshiram|0 fnt
|faint|p1b: Reshiram
|move|p1a: Vivillon|Sleep Powder|p2a: Rayquaza
|-status|p2a: Rayquaza|slp|[from] move: Sleep Powder
|
|-heal|p2b: Suicune|63/100|[from] item: Leftovers
|upkeep
|
|t:|1750797063
|switch|p1b: Calyrex|Calyrex-Shadow, L50|64/100
|-ability|p1b: Calyrex|As One
|-ability|p1b: Calyrex|Unnerve
|turn|4
|
|t:|1750797086
|cant|p2a: Rayquaza|slp
|move|p2b: Suicune|Snarl|p1b: Calyrex|[spread] p1a
|-miss|p2b: Suicune|p1b: Calyrex
|-damage|p1a: Vivillon|83/100
|-unboost|p1a: Vivillon|spa|1
|move|p1b: Calyrex|Astral Barrage|p2a: Rayquaza|[spread] p2b
|-immune|p2a: Rayquaza
|-damage|p2b: Suicune|0 fnt
|faint|p2b: Suicune
|-ability|p1b: Calyrex|Grim Neigh|boost
|-boost|p1b: Calyrex|spa|1
|move|p1a: Vivillon|Tailwind|p1a: Vivillon
|-sidestart|p1: phatbigmoney|move: Tailwind
|
|upkeep
|
|t:|1750797107
|switch|p2b: Chien-Pao|Chien-Pao, L50|100/100
|-ability|p2b: Chien-Pao|Sword of Ruin
|turn|5
|-message|phatbigmoney forfeited.
|
|win|Godme7o_Anthony
|raw|phatbigmoney's rating: 1088 &rarr; <strong>1065</strong><br />(-23 for losing)
|raw|Godme7o_Anthony's rating: 1091 &rarr; <strong>1117</strong><br />(+26 for winning)
|l|☆phatbigmoney
|player|p1|
|c|☆Godme7o_Anthony|ty
|l|☆Godme7o_Anthony
|player|p2|
