|j|☆omempoderoso
|j|☆not vgc lugia
|t:|1750850950
|gametype|doubles
|player|p1|omempoderoso|102|1316
|player|p2|not vgc lugia|ethan|1508
|teamsize|p1|6
|teamsize|p2|6
|gen|9
|tier|[Gen 9] VGC 2025 Reg I
|rated|
|rule|Species Clause: Limit one of each Pokémon
|rule|Item Clause: Limit 1 of each item
|clearpoke
|poke|p1|Calyrex-Ice, L50|
|poke|p1|Miraidon, L50|
|poke|p1|Iron Bundle, L50|
|poke|p1|Iron Treads, L50|
|poke|p1|Rillaboom, L50, M|
|poke|p1|Torkoal, L50, M|
|poke|p2|Lugia, L50|
|poke|p2|Miraidon, L50|
|poke|p2|Chien-Pao, L50|
|poke|p2|Iron Hands, L50|
|poke|p2|Ogerpon-Wellspring, L50, F|
|poke|p2|Entei, L50|
|teampreview|4
|inactive|Battle timer is ON: inactive players will automatically lose when time's up. (requested by not vgc lugia)
|inactive|omempoderoso has 60 seconds left.
|inactive|not vgc lugia has 60 seconds left.
|
|t:|1750851004
|start
|switch|p1a: Dr Eggman|Miraidon, L50|100/100
|switch|p1b: Iron Bundle|Iron Bundle, L50|100/100
|switch|p2a: Chien-Pao|Chien-Pao, L50|100/100
|switch|p2b: Entei|Entei, L50, shiny|100/100
|-ability|p2a: Chien-Pao|Sword of Ruin
|-fieldstart|move: Electric Terrain|[from] ability: Hadron Engine|[of] p1a: Dr Eggman
|-activate|p1b: Iron Bundle|ability: Quark Drive
|-start|p1b: Iron Bundle|quarkdrivespe
|turn|1
|
|t:|1750851028
|-terastallize|p1a: Dr Eggman|Fairy
|move|p1b: Iron Bundle|Protect|p1b: Iron Bundle
|-singleturn|p1b: Iron Bundle|Protect
|move|p2a: Chien-Pao|Icicle Crash|p1a: Dr Eggman
|-damage|p1a: Dr Eggman|51/100
|move|p1a: Dr Eggman|Electro Drift|p2b: Entei
|-damage|p2b: Entei|0 fnt
|faint|p2b: Entei
|
|upkeep
|
|t:|1750851035
|switch|p2b: Iron Hands|Iron Hands, L50|100/100
|-activate|p2b: Iron Hands|ability: Quark Drive
|-start|p2b: Iron Hands|quarkdriveatk
|turn|2
|
|t:|1750851049
|move|p1b: Iron Bundle|Freeze-Dry|p2a: Chien-Pao
|-resisted|p2a: Chien-Pao
|-damage|p2a: Chien-Pao|71/100
|move|p2a: Chien-Pao|Throat Chop|p1b: Iron Bundle
|-damage|p1b: Iron Bundle|32/100
|-start|p1b: Iron Bundle|Throat Chop|[silent]
|move|p1a: Dr Eggman|Dazzling Gleam|p2a: Chien-Pao|[spread] p2a,p2b
|-supereffective|p2a: Chien-Pao
|-supereffective|p2b: Iron Hands
|-damage|p2a: Chien-Pao|0 fnt
|-damage|p2b: Iron Hands|52/100
|faint|p2a: Chien-Pao
|move|p2b: Iron Hands|Wild Charge|p1a: Dr Eggman
|-damage|p1a: Dr Eggman|0 fnt
|faint|p1a: Dr Eggman
|-damage|p2b: Iron Hands|41/100|[from] Recoil
|
|upkeep
|
|t:|1750851063
|switch|p2a: Miraidon|Miraidon, L50|100/100
|switch|p1a: Iron Treads|Iron Treads, L50|100/100
|-activate|p2a: Miraidon|ability: Hadron Engine
|-activate|p1a: Iron Treads|ability: Quark Drive
|-start|p1a: Iron Treads|quarkdrivespe
|turn|3
|
|t:|1750851076
|-terastallize|p2a: Miraidon|Electric
|move|p1b: Iron Bundle|Freeze-Dry|p2a: Miraidon
|-damage|p2a: Miraidon|69/100
|move|p2a: Miraidon|Electro Drift|p1b: Iron Bundle
|-supereffective|p1b: Iron Bundle
|-damage|p1b: Iron Bundle|0 fnt
|faint|p1b: Iron Bundle
|-end|p1b: Iron Bundle|Quark Drive|[silent]
|move|p1a: Iron Treads|Steel Roller|p2a: Miraidon
|-resisted|p2a: Miraidon
|-damage|p2a: Miraidon|32/100
|-fieldend|move: Electric Terrain
|-end|p1a: Iron Treads|Quark Drive
|-end|p2b: Iron Hands|Quark Drive
|-damage|p1a: Iron Treads|91/100|[from] item: Life Orb
|move|p2b: Iron Hands|Low Kick|p1a: Iron Treads
|-supereffective|p1a: Iron Treads
|-damage|p1a: Iron Treads|0 fnt
|faint|p1a: Iron Treads
|-end|p1a: Iron Treads|Quark Drive|[silent]
|
|upkeep
|
|t:|1750851093
|switch|p1b: Calyrex|Calyrex-Ice, L50|100/100
|-ability|p1b: Calyrex|As One
|-ability|p1b: Calyrex|Unnerve
|turn|4
|
|t:|1750851102
|move|p2a: Miraidon|Electro Drift|p1b: Calyrex
|-damage|p1b: Calyrex|48/100
|move|p1b: Calyrex|Glacial Lance|p2a: Miraidon|[spread] p2a,p2b
|-damage|p2a: Miraidon|0 fnt
|-damage|p2b: Iron Hands|2/100
|faint|p2a: Miraidon
|-ability|p1b: Calyrex|Chilling Neigh|boost
|-boost|p1b: Calyrex|atk|1
|move|p2b: Iron Hands|Low Kick|p1b: Calyrex
|-damage|p1b: Calyrex|8/100
|
|upkeep
|turn|5
|
|t:|1750851115
|move|p1b: Calyrex|Glacial Lance|p2b: Iron Hands
|-damage|p2b: Iron Hands|0 fnt
|faint|p2b: Iron Hands
|-end|p2b: Iron Hands|Quark Drive|[silent]
|
|win|omempoderoso
|raw|omempoderoso's rating: 1316 &rarr; <strong>1346</strong><br />(+30 for winning)
|raw|not vgc lugia's rating: 1508 &rarr; <strong>1478</strong><br />(-30 for losing)
