|j|☆NashVGC7
|j|☆W33k
|t:|1750856043
|gametype|doubles
|player|p1|NashVGC7|#smogonxnpa2025draftee|
|player|p2|W33k|red-masters2|
|teamsize|p1|6
|teamsize|p2|6
|gen|9
|tier|[Gen 9] VGC 2025 Reg I
|rated|Tournament battle
|rule|Species Clause: Limit one of each Pokémon
|rule|Item Clause: Limit 1 of each item
|raw|<div class="infobox"><details class="readmore" open><summary><strong>2 custom rules:</strong></summary> Force Open Team Sheets, !Open Team Sheets</details></div>
|clearpoke
|poke|p1|Lunala, L50|
|poke|p1|Ursaluna, L50, F|
|poke|p1|Jumpluff, L50, M|
|poke|p1|Koraidon, L50|
|poke|p1|Incineroar, L50, M|
|poke|p1|Scream Tail, L50|
|poke|p2|Calyrex-Shadow, L50|
|poke|p2|Zamazenta-*, L50|
|poke|p2|Chien-Pao, L50|
|poke|p2|Rillaboom, L50, M|
|poke|p2|Grimmsnarl, L50, M|
|poke|p2|Incineroar, L50, M|
|teampreview|4
|showteam|p1|Lunala||Leftovers|ShadowShield|TrickRoom,WideGuard,Moonblast,MoongeistBeam||||||50|,,,,,Fairy]Ursaluna||FlameOrb|Guts|Earthquake,HeadlongRush,Protect,Facade|||F|||50|,,,,,Ghost]Jumpluff||CovertCloak|Chlorophyll|RagePowder,Encore,SleepPowder,PollenPuff|||M|||50|,,,,,Dark]Koraidon||ClearAmulet|OrichalcumPulse|FlareBlitz,FlameCharge,CollisionCourse,Protect||||||50|,,,,,Fire]Incineroar||RockyHelmet|Intimidate|PartingShot,KnockOff,FlareBlitz,FakeOut|||M|||50|,,,,,Bug]Scream Tail||BoosterEnergy|Protosynthesis|PerishSong,Encore,Disable,Protect||||||50|,,,,,Dark
|showteam|p2|Calyrex-Shadow||LifeOrb|AsOneSpectrier|AstralBarrage,Psyshock,Protect,NastyPlot||||||50|,,,,,Normal]Zamazenta-Crowned||RustedShield|DauntlessShield|BodyPress,HeavySlam,WideGuard,Protect||||||50|,,,,,Dragon]Chien-Pao||FocusSash|SwordofRuin|IceSpinner,SacredSword,Protect,SuckerPunch||||||50|,,,,,Dark]Rillaboom||AssaultVest|GrassySurge|WoodHammer,FakeOut,Uturn,GrassyGlide|||M|||50|,,,,,Fire]Grimmsnarl||LightClay|Prankster|Reflect,ThunderWave,LightScreen,SpiritBreak|||M|||50|,,,,,Ghost]Incineroar||RockyHelmet|Intimidate|FakeOut,FlareBlitz,PartingShot,KnockOff|||M|||50|,,,,,Bug
|inactive|Battle timer is ON: inactive players will automatically lose when time's up. (requested by NashVGC7)
|
|t:|1750856174
|start
|switch|p1a: Jumpluff|Jumpluff, L50, M, shiny|100/100
|switch|p1b: Koraidon|Koraidon, L50|100/100
|switch|p2a: Slenderman|Grimmsnarl, L50, M, shiny|100/100
|switch|p2b: Donkey Kong|Rillaboom, L50, M, shiny|100/100
|-weather|SunnyDay|[from] ability: Orichalcum Pulse|[of] p1b: Koraidon
|-activate|p1b: Koraidon|Orichalcum Pulse|[source]
|-fieldstart|move: Grassy Terrain|[from] ability: Grassy Surge|[of] p2b: Donkey Kong
|turn|1
|inactive|NashVGC7 has 30 seconds left.
|inactive|W33k has 30 seconds left.
|
|t:|1750856212
|-terastallize|p1a: Jumpluff|Dark
|move|p2a: Slenderman|Thunder Wave|p1b: Koraidon
|-status|p1b: Koraidon|par
|move|p1a: Jumpluff|Sleep Powder|p2a: Slenderman
|-status|p2a: Slenderman|slp|[from] move: Sleep Powder
|move|p2b: Donkey Kong|U-turn|p1a: Jumpluff
|-supereffective|p1a: Jumpluff
|-damage|p1a: Jumpluff|50/100
|
|t:|1750856234
|switch|p2b: Master Chief|Zamazenta-Crowned, L50|100/100|[from] U-turn
|-ability|p2b: Master Chief|Dauntless Shield|boost
|-boost|p2b: Master Chief|def|1
|move|p1b: Koraidon|Flame Charge|p2b: Master Chief
|-supereffective|p2b: Master Chief
|-damage|p2b: Master Chief|67/100
|-boost|p1b: Koraidon|spe|1
|
|-weather|SunnyDay|[upkeep]
|-heal|p1a: Jumpluff|55/100|[from] Grassy Terrain
|-heal|p2b: Master Chief|73/100|[from] Grassy Terrain
|upkeep
|turn|2
|
|t:|1750856258
|switch|p1a: Scream Tail|Scream Tail, L50, shiny|100/100
|-activate|p1a: Scream Tail|ability: Protosynthesis
|-start|p1a: Scream Tail|protosynthesisspe
|move|p2b: Master Chief|Protect|p2b: Master Chief
|-singleturn|p2b: Master Chief|Protect
|move|p1b: Koraidon|Flare Blitz|p2a: Slenderman
|-damage|p2a: Slenderman|0 fnt
|faint|p2a: Slenderman
|-damage|p1b: Koraidon|68/100 par|[from] Recoil
|
|-weather|SunnyDay|[upkeep]
|-heal|p2b: Master Chief|78/100|[from] Grassy Terrain
|-heal|p1b: Koraidon|74/100 par|[from] Grassy Terrain
|upkeep
|
|t:|1750856263
|switch|p2a: Arthur Morgan|Calyrex-Shadow, L50|100/100
|-ability|p2a: Arthur Morgan|As One
|-ability|p2a: Arthur Morgan|Unnerve
|turn|3
|inactive|W33k has 30 seconds left.
|inactive|W33k has 20 seconds left.
|
|t:|1750856301
|move|p1a: Scream Tail|Encore|p2b: Master Chief
|-start|p2b: Master Chief|Encore
|move|p2a: Arthur Morgan|Astral Barrage|p1a: Scream Tail|[spread] p1a,p1b
|-supereffective|p1a: Scream Tail
|-damage|p1a: Scream Tail|3/100
|-damage|p1b: Koraidon|9/100 par
|-damage|p2a: Arthur Morgan|91/100|[from] item: Life Orb
|move|p2b: Master Chief|Protect||[still]
|-fail|p2b: Master Chief
|cant|p1b: Koraidon|par
|
|-weather|SunnyDay|[upkeep]
|-heal|p1a: Scream Tail|10/100|[from] Grassy Terrain
|-heal|p2a: Arthur Morgan|96/100|[from] Grassy Terrain
|-heal|p2b: Master Chief|84/100|[from] Grassy Terrain
|-heal|p1b: Koraidon|15/100 par|[from] Grassy Terrain
|upkeep
|turn|4
|inactive|NashVGC7 has 30 seconds left.
|
|t:|1750856331
|switch|p2b: Donkey Kong|Rillaboom, L50, M, shiny|100/100
|move|p1a: Scream Tail|Disable|p2a: Arthur Morgan
|-start|p2a: Arthur Morgan|Disable|Astral Barrage
|cant|p2a: Arthur Morgan|Disable|Astral Barrage
|move|p1b: Koraidon|Flare Blitz|p2a: Arthur Morgan
|-damage|p2a: Arthur Morgan|0 fnt
|faint|p2a: Arthur Morgan
|-damage|p1b: Koraidon|0 fnt|[from] Recoil
|faint|p1b: Koraidon
|
|-weather|SunnyDay|[upkeep]
|-heal|p1a: Scream Tail|16/100|[from] Grassy Terrain
|upkeep
|inactive|NashVGC7 has 30 seconds left.
|
|t:|1750856356
|switch|p2a: Master Chief|Zamazenta-Crowned, L50|84/100
|switch|p1b: Jumpluff|Jumpluff, L50, M, shiny, tera:Dark|55/100
|turn|5
|
|t:|1750856376
|switch|p1b: Lunala|Lunala, L50, shiny|100/100
|move|p1a: Scream Tail|Protect|p1a: Scream Tail
|-singleturn|p1a: Scream Tail|Protect
|move|p2b: Donkey Kong|Grassy Glide|p1a: Scream Tail
|-activate|p1a: Scream Tail|move: Protect
|move|p2a: Master Chief|Body Press|p1b: Lunala
|-immune|p1b: Lunala
|
|-weather|none
|-end|p1a: Scream Tail|Protosynthesis
|-heal|p1a: Scream Tail|22/100|[from] Grassy Terrain
|-heal|p2a: Master Chief|90/100|[from] Grassy Terrain
|-fieldend|move: Grassy Terrain
|upkeep
|-enditem|p1a: Scream Tail|Booster Energy
|-activate|p1a: Scream Tail|ability: Protosynthesis|[fromitem]
|-start|p1a: Scream Tail|protosynthesisspe
|turn|6
|inactive|NashVGC7 has 30 seconds left.
|
|t:|1750856404
|move|p1a: Scream Tail|Encore|p2a: Master Chief
|-start|p2a: Master Chief|Encore
|move|p2a: Master Chief|Body Press|p1b: Lunala
|-immune|p1b: Lunala
|move|p2b: Donkey Kong|U-turn|p1b: Lunala
|-damage|p1b: Lunala|92/100
|move|p1b: Lunala|Moongeist Beam|p2b: Donkey Kong
|-damage|p2b: Donkey Kong|56/100
|
|-heal|p1b: Lunala|98/100|[from] item: Leftovers
|upkeep
|turn|7
|-message|W33k forfeited.
|
|win|NashVGC7
|n|☆NashVGC7|nashvgc7
|n|☆W33k|w33k
|l|☆W33k
|player|p2|
