|j|☆jyotsha
|j|☆Raymario Pokenic
|t:|1750772935
|gametype|doubles
|player|p1|jyotsha|102|1120
|player|p2|Raymario Pokenic|265|1000
|teamsize|p1|6
|teamsize|p2|6
|gen|9
|tier|[Gen 9] VGC 2025 Reg I
|rated|
|rule|Species Clause: Limit one of each Pokémon
|rule|Item Clause: Limit 1 of each item
|clearpoke
|poke|p1|Incineroar, L50, M|
|poke|p1|Flutter Mane, L50|
|poke|p1|Kyogre, L50|
|poke|p1|Tsareena, L50, F|
|poke|p1|Tornadus, L50, M|
|poke|p1|Giratina, L50|
|poke|p2|Miraidon, L50|
|poke|p2|Zacian-*, L50|
|poke|p2|Mandibuzz, L50, F|
|poke|p2|Scrafty, L50, F|
|poke|p2|Farigiraf, L50, M|
|poke|p2|Sylveon, L50, F|
|teampreview|4
jyotsha rejected open team sheets.
|
|t:|1750772987
|start
|switch|p1a: Tornadus|Tornadus, L50, M|100/100
|switch|p1b: Kyogre|Kyogre, L50|100/100
|switch|p2a: Miraidon|Miraidon, L50|100/100
|switch|p2b: Farigiraf|Farigiraf, L50, M, shiny|100/100
|-fieldstart|move: Electric Terrain|[from] ability: Hadron Engine|[of] p2a: Miraidon
|-weather|RainDance|[from] ability: Drizzle|[of] p1b: Kyogre
|turn|1
|
|t:|1750773032
|move|p1a: Tornadus|Tailwind|p1a: Tornadus
|-sidestart|p1: jyotsha|move: Tailwind
|move|p1b: Kyogre|Water Spout|p2a: Miraidon|[spread] p2a,p2b
|-resisted|p2a: Miraidon
|-damage|p2a: Miraidon|67/100
|-damage|p2b: Farigiraf|8/100
|move|p2a: Miraidon|Electro Drift|p1a: Tornadus
|-supereffective|p1a: Tornadus
|-damage|p1a: Tornadus|0 fnt
|faint|p1a: Tornadus
|move|p2b: Farigiraf|Hyper Voice|p1b: Kyogre
|-damage|p1b: Kyogre|85/100
|
|-weather|RainDance|[upkeep]
|upkeep
|
|t:|1750773048
|switch|p1a: Giratina|Giratina, L50|100/100
|-ability|p1a: Giratina|Pressure
|turn|2
|
|t:|1750773067
|-terastallize|p1b: Kyogre|Grass
|move|p2b: Farigiraf|Ally Switch|p2b: Farigiraf
|swap|p2b: Farigiraf|0|[from] move: Ally Switch
|move|p1a: Giratina|Dragon Pulse|p2a: Farigiraf
|-damage|p2a: Farigiraf|0 fnt
|faint|p2a: Farigiraf
|move|p1b: Kyogre|Origin Pulse|p2b: Miraidon
|-resisted|p2b: Miraidon
|-damage|p2b: Miraidon|34/100
|move|p2b: Miraidon|Electro Drift|p1b: Kyogre
|-resisted|p1b: Kyogre
|-damage|p1b: Kyogre|50/100
|
|-weather|RainDance|[upkeep]
|upkeep
|
|t:|1750773084
|switch|p2a: Mandibuzz|Mandibuzz, L50, F, shiny|100/100
|turn|3
|
|t:|1750773102
|switch|p1a: Incineroar|Incineroar, L50, M|100/100
|-ability|p1a: Incineroar|Intimidate|boost
|-unboost|p2a: Mandibuzz|atk|1
|-unboost|p2b: Miraidon|atk|1
|move|p1b: Kyogre|Origin Pulse|p2b: Miraidon|[spread] p2a,p2b
|-resisted|p2b: Miraidon
|-damage|p2a: Mandibuzz|47/100
|-damage|p2b: Miraidon|10/100
|move|p2b: Miraidon|Electro Drift|p1a: Incineroar
|-crit|p1a: Incineroar
|-damage|p1a: Incineroar|0 fnt
|faint|p1a: Incineroar
|move|p2a: Mandibuzz|Tailwind|p2a: Mandibuzz
|-sidestart|p2: Raymario Pokenic|move: Tailwind
|
|-weather|RainDance|[upkeep]
|-heal|p2a: Mandibuzz|53/100|[from] item: Leftovers
|upkeep
|
|t:|1750773116
|switch|p1a: Giratina|Giratina, L50|100/100
|-ability|p1a: Giratina|Pressure
|turn|4
|
|t:|1750773126
|move|p2b: Miraidon|Electro Drift|p1a: Giratina
|-resisted|p1a: Giratina
|-damage|p1a: Giratina|57/100
|move|p1a: Giratina|Calm Mind|p1a: Giratina
|-boost|p1a: Giratina|spa|1
|-boost|p1a: Giratina|spd|1
|move|p1b: Kyogre|Origin Pulse|p2a: Mandibuzz|[spread] p2b
|-miss|p1b: Kyogre|p2a: Mandibuzz
|-resisted|p2b: Miraidon
|-damage|p2b: Miraidon|0 fnt
|faint|p2b: Miraidon
|move|p2a: Mandibuzz|Roost|p2a: Mandibuzz
|-heal|p2a: Mandibuzz|100/100
|-singleturn|p2a: Mandibuzz|move: Roost
|
|-weather|RainDance|[upkeep]
|-heal|p1a: Giratina|64/100|[from] item: Leftovers
|-sideend|p1: jyotsha|move: Tailwind
|upkeep
|
|t:|1750773138
|switch|p2b: Zacian|Zacian-Crowned, L50, shiny|100/100
|-ability|p2b: Zacian|Intrepid Sword|boost
|-boost|p2b: Zacian|atk|1
|turn|5
|
|t:|1750773172
|move|p1a: Giratina|Protect|p1a: Giratina
|-singleturn|p1a: Giratina|Protect
|move|p2b: Zacian|Play Rough|p1a: Giratina
|-activate|p1a: Giratina|move: Protect
|move|p2a: Mandibuzz|Brave Bird|p1b: Kyogre
|-supereffective|p1b: Kyogre
|-damage|p1b: Kyogre|21/100
|-damage|p2a: Mandibuzz|91/100|[from] Recoil
|move|p1b: Kyogre|Thunder|p2b: Zacian
|-damage|p2b: Zacian|63/100
|-status|p2b: Zacian|par
|
|-weather|none
|-heal|p2a: Mandibuzz|97/100|[from] item: Leftovers
|-heal|p1a: Giratina|70/100|[from] item: Leftovers
|-fieldend|move: Electric Terrain
|upkeep
|turn|6
|
|t:|1750773202
|move|p2a: Mandibuzz|Brave Bird|p1b: Kyogre
|-supereffective|p1b: Kyogre
|-damage|p1b: Kyogre|0 fnt
|faint|p1b: Kyogre
|-damage|p2a: Mandibuzz|91/100|[from] Recoil
|move|p2b: Zacian|Play Rough|p1a: Giratina
|-supereffective|p1a: Giratina
|-damage|p1a: Giratina|0 fnt
|faint|p1a: Giratina
|
|win|Raymario Pokenic
|raw|jyotsha's rating: 1120 &rarr; <strong>1087</strong><br />(-33 for losing)
|raw|Raymario Pokenic's rating: 1000 &rarr; <strong>1053</strong><br />(+53 for winning)
|l|☆jyotsha
|player|p1|
