|j|☆Iusjs
|j|☆Jeongseon Cho
|t:|1750744997
|gametype|doubles
|player|p1|Iusjs|102|1275
|player|p2|Jeongseon Cho|nate|1381
|teamsize|p1|6
|teamsize|p2|6
|gen|9
|tier|[Gen 9] VGC 2025 Reg I
|rated|
|rule|Species Clause: Limit one of each Pokémon
|rule|Item Clause: Limit 1 of each item
|clearpoke
|poke|p1|Mudsdale, L50, M|
|poke|p1|Dialga, L50|
|poke|p1|Incineroar, L50, M|
|poke|p1|Indeedee-F, L50, F|
|poke|p1|Lunala, L50|
|poke|p1|Gallade, L50, M|
|poke|p2|Calyrex-Ice, L50|
|poke|p2|Eternatus, L50|
|poke|p2|Rillaboom, L50, F|
|poke|p2|Incineroar, L50, M|
|poke|p2|Urshifu-*, L50, F|
|poke|p2|Grimmsnarl, L50, M|
|teampreview|4
|inactive|Battle timer is ON: inactive players will automatically lose when time's up. (requested by Jeongseon Cho)
|inactive|Iusjs has 60 seconds left.
|inactive|Jeongseon Cho has 60 seconds left.
|
|t:|1750745036
|start
|switch|p1a: Dialga|Dialga, L50|100/100
|switch|p1b: Mudsdale|Mudsdale, L50, M|100/100
|switch|p2a: Rillaboom|Rillaboom, L50, F|100/100
|switch|p2b: Calyrex|Calyrex-Ice, L50|100/100
|-ability|p2b: Calyrex|As One
|-ability|p2b: Calyrex|Unnerve
|-fieldstart|move: Grassy Terrain|[from] ability: Grassy Surge|[of] p2a: Rillaboom
|turn|1
|inactive|Iusjs has 30 seconds left.
|inactive|Jeongseon Cho has 30 seconds left.
|
|t:|1750745068
|switch|p1b: Incineroar|Incineroar, L50, M|100/100
|-ability|p1b: Incineroar|Intimidate|boost
|-unboost|p2a: Rillaboom|atk|1
|-unboost|p2b: Calyrex|atk|1
|move|p1a: Dialga|Protect|p1a: Dialga
|-singleturn|p1a: Dialga|Protect
|move|p2a: Rillaboom|Fake Out|p1a: Dialga
|-activate|p1a: Dialga|move: Protect
|move|p2b: Calyrex|Leech Seed|p1a: Dialga
|-activate|p1a: Dialga|move: Protect
|
|upkeep
|turn|2
|
|t:|1750745091
|move|p2b: Calyrex|Protect|p2b: Calyrex
|-singleturn|p2b: Calyrex|Protect
|move|p2a: Rillaboom|Knock Off|p1a: Dialga
|-damage|p1a: Dialga|85/100
|-enditem|p1a: Dialga|Psychic Seed|[from] move: Knock Off|[of] p2a: Rillaboom
|move|p1a: Dialga|Roar of Time|p2b: Calyrex
|-activate|p2b: Calyrex|move: Protect
|move|p1b: Incineroar|Knock Off|p2b: Calyrex
|-activate|p2b: Calyrex|move: Protect
|
|-heal|p1a: Dialga|91/100|[from] Grassy Terrain
|upkeep
|turn|3
|inactive|Jeongseon Cho has 30 seconds left.
|
|t:|1750745116
|switch|p2b: Incineroar|Incineroar, L50, M|100/100
|-ability|p2b: Incineroar|Intimidate|boost
|-unboost|p1a: Dialga|atk|1
|-unboost|p1b: Incineroar|atk|1
|move|p2a: Rillaboom|U-turn|p1a: Dialga
|-resisted|p1a: Dialga
|-damage|p1a: Dialga|86/100
|
|t:|1750745125
|switch|p2a: Calyrex|Calyrex-Ice, L50|100/100|[from] U-turn
|-ability|p2a: Calyrex|As One
|-ability|p2a: Calyrex|Unnerve
|move|p1a: Dialga|Roar of Time|p2b: Incineroar|[miss]
|-miss|p1a: Dialga|p2b: Incineroar
|move|p1b: Incineroar|Roar|p1a: Dialga
|drag|p1a: Mudsdale|Mudsdale, L50, M|100/100
|
|upkeep
|turn|4
|inactive|Iusjs has 30 seconds left.
|inactive|Jeongseon Cho has 30 seconds left.
|inactive|Jeongseon Cho has 20 seconds left.
|inactive|Jeongseon Cho has 15 seconds left.
|inactive|Jeongseon Cho has 10 seconds left.
|
|t:|1750745171
|move|p2b: Incineroar|Parting Shot|p1b: Incineroar
|-unboost|p1b: Incineroar|atk|1
|-unboost|p1b: Incineroar|spa|1
|
|t:|1750745175
|switch|p2b: Eternatus|Eternatus, L50|100/100|[from] Parting Shot
|-ability|p2b: Eternatus|Pressure
|move|p2a: Calyrex|Leech Seed|p1b: Incineroar
|-start|p1b: Incineroar|move: Leech Seed
|move|p1b: Incineroar|Knock Off|p2a: Calyrex
|-supereffective|p2a: Calyrex
|-damage|p2a: Calyrex|74/100
|-enditem|p2a: Calyrex|Leftovers|[from] move: Knock Off|[of] p1b: Incineroar
|move|p1a: Mudsdale|Rock Slide|p2a: Calyrex|[spread] p2a,p2b
|-supereffective|p2a: Calyrex
|-damage|p2a: Calyrex|37/100
|-damage|p2b: Eternatus|78/100
|
|-heal|p2b: Eternatus|84/100|[from] Grassy Terrain
|-heal|p2a: Calyrex|43/100|[from] Grassy Terrain
|-damage|p1b: Incineroar|88/100|[from] Leech Seed|[of] p2a: Calyrex
|-heal|p2a: Calyrex|55/100|[silent]
|upkeep
|turn|5
|inactive|Jeongseon Cho has 30 seconds left.
|
|t:|1750745201
|-terastallize|p2a: Calyrex|Water
|move|p2b: Eternatus|Toxic|p1b: Incineroar
|-status|p1b: Incineroar|tox
|move|p2a: Calyrex|Leech Seed|p1a: Mudsdale
|-start|p1a: Mudsdale|move: Leech Seed
|move|p1b: Incineroar|Parting Shot|p2b: Eternatus
|-unboost|p2b: Eternatus|atk|1
|-unboost|p2b: Eternatus|spa|1
|
|t:|1750745210
|switch|p1b: Dialga|Dialga, L50|86/100|[from] Parting Shot
|move|p1a: Mudsdale|Rock Slide|p2a: Calyrex|[spread] p2b
|-miss|p1a: Mudsdale|p2a: Calyrex
|-crit|p2b: Eternatus
|-damage|p2b: Eternatus|50/100
|
|-heal|p2b: Eternatus|56/100|[from] Grassy Terrain
|-heal|p1b: Dialga|91/100|[from] Grassy Terrain
|-heal|p2a: Calyrex|60/100|[from] Grassy Terrain
|-damage|p1a: Mudsdale|88/100|[from] Leech Seed|[of] p2a: Calyrex
|-heal|p2a: Calyrex|72/100|[silent]
|-fieldend|move: Grassy Terrain
|upkeep
|turn|6
|inactive|Jeongseon Cho has 30 seconds left.
|
|t:|1750745240
|switch|p1a: Lunala|Lunala, L50|100/100
|move|p2b: Eternatus|Protect|p2b: Eternatus
|-singleturn|p2b: Eternatus|Protect
|move|p1b: Dialga|Roar of Time|p2b: Eternatus
|-activate|p2b: Eternatus|move: Protect
|move|p2a: Calyrex|Leech Seed|p1b: Dialga
|-start|p1b: Dialga|move: Leech Seed
|
|-damage|p1b: Dialga|79/100|[from] Leech Seed|[of] p2a: Calyrex
|-heal|p2a: Calyrex|85/100|[silent]
|upkeep
|turn|7
|inactive|Iusjs has 30 seconds left.
|
|t:|1750745267
|move|p1a: Lunala|Moonblast|p2b: Eternatus
|-damage|p2b: Eternatus|38/100
|move|p2b: Eternatus|Toxic|p1a: Lunala
|-status|p1a: Lunala|tox
|move|p1b: Dialga|Roar of Time|p2b: Eternatus
|-supereffective|p2b: Eternatus
|-damage|p2b: Eternatus|0 fnt
|-mustrecharge|p1b: Dialga
|faint|p2b: Eternatus
|move|p2a: Calyrex|Leech Seed|p1a: Lunala
|-start|p1a: Lunala|move: Leech Seed
|
|-damage|p1a: Lunala|88/100 tox|[from] Leech Seed|[of] p2a: Calyrex
|-heal|p2a: Calyrex|97/100|[silent]
|-damage|p1b: Dialga|67/100|[from] Leech Seed|[of] p2a: Calyrex
|-heal|p2a: Calyrex|100/100|[silent]
|-damage|p1a: Lunala|82/100 tox|[from] psn
|upkeep
|
|t:|1750745278
|switch|p2b: Incineroar|Incineroar, L50, M|100/100
|-ability|p2b: Incineroar|Intimidate|boost
|-unboost|p1a: Lunala|atk|1
|-unboost|p1b: Dialga|atk|1
|turn|8
|
|t:|1750745296
|switch|p1a: Incineroar|Incineroar, L50, M|88/100 tox
|-ability|p1a: Incineroar|Intimidate|boost
|-unboost|p2a: Calyrex|atk|1
|-unboost|p2b: Incineroar|atk|1
|cant|p1b: Dialga|recharge
|move|p2b: Incineroar|Knock Off|p1a: Incineroar
|-resisted|p1a: Incineroar
|-damage|p1a: Incineroar|77/100 tox
|-enditem|p1a: Incineroar|Covert Cloak|[from] move: Knock Off|[of] p2b: Incineroar
|move|p2a: Calyrex|Leech Seed|p1a: Incineroar|[miss]
|-miss|p2a: Calyrex|p1a: Incineroar
|
|-damage|p1b: Dialga|55/100|[from] Leech Seed|[of] p2a: Calyrex
|-damage|p1a: Incineroar|71/100 tox|[from] psn
|upkeep
|turn|9
|inactive|Iusjs has 30 seconds left.
|inactive|Jeongseon Cho has 30 seconds left.
|inactive|Iusjs has 20 seconds left.
|inactive|Iusjs has 15 seconds left.
|inactive|Iusjs has 10 seconds left.
|inactive|Iusjs has 5 seconds left.
|
|t:|1750745346
|move|p1b: Dialga|Roar of Time|p2b: Incineroar
|-damage|p2b: Incineroar|34/100
|-mustrecharge|p1b: Dialga
|-enditem|p2b: Incineroar|Sitrus Berry|[eat]
|-heal|p2b: Incineroar|59/100|[from] item: Sitrus Berry
|move|p2b: Incineroar|Parting Shot|p1b: Dialga
|-unboost|p1b: Dialga|atk|1
|-unboost|p1b: Dialga|spa|1
|
|t:|1750745355
|switch|p2b: Rillaboom|Rillaboom, L50, F|100/100|[from] Parting Shot
|-fieldstart|move: Grassy Terrain|[from] ability: Grassy Surge|[of] p2b: Rillaboom
|move|p2a: Calyrex|Leech Seed|p1a: Incineroar|[miss]
|-miss|p2a: Calyrex|p1a: Incineroar
|move|p1a: Incineroar|Knock Off|p2b: Rillaboom
|-damage|p2b: Rillaboom|66/100
|-enditem|p2b: Rillaboom|Assault Vest|[from] move: Knock Off|[of] p1a: Incineroar
|
|-heal|p2b: Rillaboom|72/100|[from] Grassy Terrain
|-heal|p1b: Dialga|61/100|[from] Grassy Terrain
|-heal|p1a: Incineroar|77/100 tox|[from] Grassy Terrain
|-damage|p1b: Dialga|49/100|[from] Leech Seed|[of] p2a: Calyrex
|-damage|p1a: Incineroar|65/100 tox|[from] psn
|upkeep
|turn|10
|inactive|Iusjs has 30 seconds left.
|
|t:|1750745384
|move|p2b: Rillaboom|Fake Out|p1a: Incineroar
|-damage|p1a: Incineroar|53/100 tox
|cant|p1b: Dialga|recharge
|move|p2a: Calyrex|Leech Seed|p1a: Incineroar
|-start|p1a: Incineroar|move: Leech Seed
|cant|p1a: Incineroar|flinch
|
|-heal|p2b: Rillaboom|77/100|[from] Grassy Terrain
|-heal|p1b: Dialga|55/100|[from] Grassy Terrain
|-heal|p1a: Incineroar|59/100 tox|[from] Grassy Terrain
|-damage|p1b: Dialga|43/100|[from] Leech Seed|[of] p2a: Calyrex
|-damage|p1a: Incineroar|47/100 tox|[from] Leech Seed|[of] p2a: Calyrex
|-damage|p1a: Incineroar|29/100 tox|[from] psn
|upkeep
|turn|11
|inactive|Iusjs has 30 seconds left.
|inactive|Jeongseon Cho has 30 seconds left.
|
|t:|1750745415
|switch|p1b: Lunala|Lunala, L50|82/100 tox
|move|p2b: Rillaboom|Knock Off|p1a: Incineroar
|-resisted|p1a: Incineroar
|-crit|p1a: Incineroar
|-damage|p1a: Incineroar|14/100 tox
|move|p2a: Calyrex|Leech Seed|p1a: Incineroar|[miss]
|-miss|p2a: Calyrex|p1a: Incineroar
|move|p1a: Incineroar|Knock Off|p2b: Rillaboom
|-damage|p2b: Rillaboom|52/100
|
|-heal|p1b: Lunala|88/100 tox|[from] Grassy Terrain
|-heal|p2b: Rillaboom|58/100|[from] Grassy Terrain
|-heal|p1a: Incineroar|20/100 tox|[from] Grassy Terrain
|-damage|p1a: Incineroar|8/100 tox|[from] Leech Seed|[of] p2a: Calyrex
|-damage|p1b: Lunala|82/100 tox|[from] psn
|-damage|p1a: Incineroar|0 fnt|[from] psn
|faint|p1a: Incineroar
|upkeep
|
|t:|1750745420
|switch|p1a: Mudsdale|Mudsdale, L50, M|88/100
|turn|12
|inactive|Iusjs has 30 seconds left.
|inactive|Jeongseon Cho has 30 seconds left.
|
|t:|1750745459
|-terastallize|p1a: Mudsdale|Grass
|move|p1b: Lunala|Moongeist Beam|p2b: Rillaboom
|-damage|p2b: Rillaboom|0 fnt
|faint|p2b: Rillaboom
|move|p2a: Calyrex|Leech Seed|p1a: Mudsdale
|-immune|p1a: Mudsdale
|move|p1a: Mudsdale|High Horsepower|p2a: Calyrex
|-damage|p2a: Calyrex|55/100
|
|-heal|p1b: Lunala|88/100 tox|[from] Grassy Terrain
|-heal|p2a: Calyrex|61/100|[from] Grassy Terrain
|-heal|p1a: Mudsdale|94/100|[from] Grassy Terrain
|-damage|p1b: Lunala|76/100 tox|[from] psn
|upkeep
|
|t:|1750745469
|switch|p2b: Incineroar|Incineroar, L50, M|59/100
|-ability|p2b: Incineroar|Intimidate|boost
|-fail|p1a: Mudsdale|unboost|Attack|[from] ability: Inner Focus|[of] p1a: Mudsdale
|-unboost|p1b: Lunala|atk|1
|turn|13
|
|t:|1750745480
|move|p1b: Lunala|Wide Guard|p1b: Lunala
|-singleturn|p1b: Lunala|Wide Guard
|move|p2b: Incineroar|Fake Out|p1a: Mudsdale
|-damage|p1a: Mudsdale|86/100
|move|p2a: Calyrex|Glacial Lance|p1b: Lunala|[spread] 
|-activate|p1a: Mudsdale|move: Wide Guard
|-activate|p1b: Lunala|move: Wide Guard
|move|p1a: Mudsdale|High Horsepower|p2b: Incineroar
|-supereffective|p2b: Incineroar
|-damage|p2b: Incineroar|0 fnt
|faint|p2b: Incineroar
|
|-heal|p1b: Lunala|82/100 tox|[from] Grassy Terrain
|-heal|p2a: Calyrex|67/100|[from] Grassy Terrain
|-heal|p1a: Mudsdale|91/100|[from] Grassy Terrain
|-damage|p1b: Lunala|64/100 tox|[from] psn
|-fieldend|move: Grassy Terrain
|upkeep
|turn|14
|l|☆Jeongseon Cho
|inactive|Jeongseon Cho disconnected and has a minute to reconnect!
|player|p2|
|
|t:|1750745493
|move|p1b: Lunala|Wide Guard|p1b: Lunala
|-singleturn|p1b: Lunala|Wide Guard
|move|p2a: Calyrex|Leech Seed|p1b: Lunala
|-start|p1b: Lunala|move: Leech Seed
|move|p1a: Mudsdale|High Horsepower|p2a: Calyrex
|-damage|p2a: Calyrex|17/100
|
|-damage|p1b: Lunala|52/100 tox|[from] Leech Seed|[of] p2a: Calyrex
|-heal|p2a: Calyrex|30/100|[silent]
|-damage|p1b: Lunala|27/100 tox|[from] psn
|upkeep
|turn|15
|inactive|Jeongseon Cho has 30 seconds left.
|c|☆Iusjs|Ain’t no way
|inactive|Jeongseon Cho has 20 seconds left.
|inactive|Jeongseon Cho has 15 seconds left.
|inactive|Jeongseon Cho has 10 seconds left.
|inactive|Jeongseon Cho has 5 seconds left.
|-message|Jeongseon Cho lost due to inactivity.
|
|win|Iusjs
|raw|Iusjs's rating: 1275 &rarr; <strong>1307</strong><br />(+32 for winning)
|raw|Jeongseon Cho's rating: 1381 &rarr; <strong>1355</strong><br />(-26 for losing)
|l|☆Iusjs
|player|p1|
|j|☆Iusjs
|player|p1|Iusjs|102|
|l|☆Iusjs
|player|p1|
|j|☆Iusjs
|player|p1|Iusjs|102|
|l|☆Iusjs
|player|p1|
|j|☆Iusjs
|player|p1|Iusjs|102|
