|j|☆caprican
|j|☆Anothernameagain
|t:|1750746649
|gametype|doubles
|player|p1|caprican|skyla|1304
|player|p2|Anothernameagain|266|1243
|teamsize|p1|6
|teamsize|p2|6
|gen|9
|tier|[Gen 9] VGC 2025 Reg I
|rated|
|rule|Species Clause: Limit one of each Pokémon
|rule|Item Clause: Limit 1 of each item
|clearpoke
|poke|p1|Miraidon, L50|
|poke|p1|Calyrex-Ice, L50|
|poke|p1|Incineroar, L50, F|
|poke|p1|Iron Hands, L50|
|poke|p1|Farigiraf, L50, F|
|poke|p1|Iron Treads, L50|
|poke|p2|Koraidon, L50|
|poke|p2|Chi-Yu, L50|
|poke|p2|Weezing, L50, M|
|poke|p2|Incineroar, L50, F|
|poke|p2|Calyrex-Shadow, L50|
|poke|p2|Regieleki, L50|
|teampreview|4
|inactive|Battle timer is ON: inactive players will automatically lose when time's up. (requested by Anothernameagain)
|
|t:|1750746681
|start
|switch|p1a: NOM NOM GRASS|Farigiraf, L50, F, shiny|100/100
|switch|p1b: TERA ICE|Calyrex-Ice, L50|100/100
|switch|p2a: Calyrex|Calyrex-Shadow, L50|100/100
|switch|p2b: Chi-Yu|Chi-Yu, L50|100/100
|-ability|p2a: Calyrex|As One
|-ability|p2a: Calyrex|Unnerve
|-ability|p1b: TERA ICE|As One
|-ability|p1b: TERA ICE|Unnerve
|-ability|p2b: Chi-Yu|Beads of Ruin
|turn|1
|inactive|caprican has 30 seconds left.
|
|t:|1750746714
|switch|p1a: MEOW|Incineroar, L50, F, shiny|100/100
|-ability|p1a: MEOW|Intimidate|boost
|-unboost|p2a: Calyrex|atk|1
|-unboost|p2b: Chi-Yu|atk|1
|-terastallize|p2b: Chi-Yu|Fire
|move|p1b: TERA ICE|Protect|p1b: TERA ICE
|-singleturn|p1b: TERA ICE|Protect
|move|p2b: Chi-Yu|Heat Wave|p1b: TERA ICE|[spread] p1a
|-activate|p1b: TERA ICE|move: Protect
|-resisted|p1a: MEOW
|-damage|p1a: MEOW|73/100
|move|p2a: Calyrex|Astral Barrage|p1b: TERA ICE|[spread] p1a
|-activate|p1b: TERA ICE|move: Protect
|-resisted|p1a: MEOW
|-damage|p1a: MEOW|41/100
|
|upkeep
|turn|2
|inactive|caprican has 30 seconds left.
|
|t:|1750746744
|-terastallize|p1b: TERA ICE|Fire
|move|p1a: MEOW|Fake Out|p2b: Chi-Yu
|-damage|p2b: Chi-Yu|83/100
|cant|p2b: Chi-Yu|flinch
|move|p2a: Calyrex|Encore|p1b: TERA ICE
|-start|p1b: TERA ICE|Encore
|move|p1b: TERA ICE|Protect||[still]
|-fail|p1b: TERA ICE
|
|upkeep
|turn|3
|inactive|caprican has 30 seconds left.
|inactive|caprican has 20 seconds left.
|
|t:|1750746780
|switch|p1b: NOM NOM GRASS|Farigiraf, L50, F, shiny|100/100
|move|p2b: Chi-Yu|Heat Wave|p1b: NOM NOM GRASS|[spread] p1a,p1b
|-resisted|p1a: MEOW
|-crit|p1a: MEOW
|-damage|p1a: MEOW|0 fnt
|-damage|p1b: NOM NOM GRASS|35/100
|faint|p1a: MEOW
|move|p2a: Calyrex|Astral Barrage|p1b: NOM NOM GRASS
|-immune|p1b: NOM NOM GRASS
|
|upkeep
|c|☆caprican|yeah "theres counter play to csr"
|c|☆caprican|people are huffing
|inactive|caprican has 30 seconds left.
|
|t:|1750746807
|switch|p1a: TERA ICE|Calyrex-Ice, L50, tera:Fire|100/100
|-ability|p1a: TERA ICE|As One
|-ability|p1a: TERA ICE|Unnerve
|turn|4
|
|t:|1750746828
|switch|p2a: Incineroar|Incineroar, L50, F|100/100
|-ability|p2a: Incineroar|Intimidate|boost
|-fail|p1a: TERA ICE|unboost|[from] item: Clear Amulet|[of] p1a: TERA ICE
|-unboost|p1b: NOM NOM GRASS|atk|1
|move|p2b: Chi-Yu|Heat Wave|p1b: NOM NOM GRASS|[spread] p1a,p1b
|-resisted|p1a: TERA ICE
|-damage|p1a: TERA ICE|79/100
|-damage|p1b: NOM NOM GRASS|0 fnt
|faint|p1b: NOM NOM GRASS
|move|p1a: TERA ICE|Trick Room|p1a: TERA ICE
|-fieldstart|move: Trick Room|[of] p1a: TERA ICE
|
|upkeep
|
|t:|1750746837
|switch|p1b: THE DON|Miraidon, L50|100/100
|-fieldstart|move: Electric Terrain|[from] ability: Hadron Engine|[of] p1b: THE DON
|turn|5
|
|t:|1750746862
|move|p2a: Incineroar|Fake Out|p1a: TERA ICE
|-damage|p1a: TERA ICE|70/100
|cant|p1a: TERA ICE|flinch
|move|p1b: THE DON|Dazzling Gleam|p2b: Chi-Yu|[spread] p2a,p2b
|-resisted|p2b: Chi-Yu
|-damage|p2a: Incineroar|68/100
|-damage|p2b: Chi-Yu|54/100
|move|p2b: Chi-Yu|Heat Wave|p1b: THE DON|[spread] p1a
|-miss|p2b: Chi-Yu|p1b: THE DON
|-resisted|p1a: TERA ICE
|-damage|p1a: TERA ICE|45/100
|
|upkeep
|turn|6
|
|t:|1750746879
|move|p1a: TERA ICE|High Horsepower|p2b: Chi-Yu
|-supereffective|p2b: Chi-Yu
|-damage|p2b: Chi-Yu|0 fnt
|faint|p2b: Chi-Yu
|-ability|p1a: TERA ICE|Chilling Neigh|boost
|-boost|p1a: TERA ICE|atk|1
|move|p2a: Incineroar|Knock Off|p1a: TERA ICE
|-damage|p1a: TERA ICE|18/100
|-enditem|p1a: TERA ICE|Clear Amulet|[from] move: Knock Off|[of] p2a: Incineroar
|move|p1b: THE DON|Dazzling Gleam|p2a: Incineroar
|-damage|p2a: Incineroar|33/100
|
|upkeep
|
|t:|1750746892
|switch|p2b: Regieleki|Regieleki, L50|100/100
|turn|7
|inactive|caprican has 30 seconds left.
|
|t:|1750746920
|move|p2b: Regieleki|Extreme Speed|p1a: TERA ICE
|-enditem|p2b: Regieleki|Normal Gem|[from] gem
|-damage|p1a: TERA ICE|0 fnt
|faint|p1a: TERA ICE
|move|p2a: Incineroar|Knock Off|p1b: THE DON
|-damage|p1b: THE DON|63/100
|-enditem|p1b: THE DON|Choice Specs|[from] move: Knock Off|[of] p2a: Incineroar
|move|p1b: THE DON|Dazzling Gleam|p2a: Incineroar|[spread] p2a,p2b
|-damage|p2a: Incineroar|15/100
|-damage|p2b: Regieleki|36/100
|
|upkeep
|turn|8
|c|☆caprican|sure man
|inactive|caprican has 30 seconds left.
|inactive|Anothernameagain has 30 seconds left.
|c|☆caprican|press a button 5 times
|-message|caprican forfeited.
|
|win|Anothernameagain
|raw|caprican's rating: 1304 &rarr; <strong>1281</strong><br />(-23 for losing)
|raw|Anothernameagain's rating: 1243 &rarr; <strong>1272</strong><br />(+29 for winning)
|l|☆caprican
|player|p1|
|l|☆Anothernameagain
|player|p2|
