|j|☆RSA9
|j|☆Jakobwsmurfing
|t:|1750853038
|gametype|doubles
|player|p1|RSA9|265|1211
|player|p2|Jakobwsmurfing|1|1264
|teamsize|p1|6
|teamsize|p2|6
|gen|9
|tier|[Gen 9] VGC 2025 Reg I
|rated|
|rule|Species Clause: Limit one of each Pokémon
|rule|Item Clause: Limit 1 of each item
|clearpoke
|poke|p1|Calyrex-Ice, L50|
|poke|p1|Lunala, L50|
|poke|p1|Smeargle, L50, F|
|poke|p1|Urshifu-*, L50, M|
|poke|p1|Torkoal, L50, M|
|poke|p1|Indeedee-F, L50, F|
|poke|p2|Calyrex-Shadow, L50|
|poke|p2|Koraidon, L50|
|poke|p2|Maushold-Four, L50|
|poke|p2|Scream Tail, L50|
|poke|p2|Tornadus, L50, M|
|poke|p2|Indeedee, L50, M|
|teampreview|4
|inactive|Battle timer is ON: inactive players will automatically lose when time's up. (requested by RSA9)
|inactive|RSA9 has 60 seconds left.
|inactive|Jakobwsmurfing has 60 seconds left.
|
|t:|1750853098
|start
|switch|p1a: Smeargle|Smeargle, L50, F|100/100
|switch|p1b: Calyrex|Calyrex-Ice, L50|100/100
|switch|p2a: Calyrex|Calyrex-Shadow, L50|100/100
|switch|p2b: Scream Tail|Scream Tail, L50|100/100
|-ability|p2a: Calyrex|As One
|-ability|p2a: Calyrex|Unnerve
|-ability|p1b: Calyrex|As One
|-ability|p1b: Calyrex|Unnerve
|turn|1
|
|t:|1750853114
|move|p1b: Calyrex|Protect|p1b: Calyrex
|-singleturn|p1b: Calyrex|Protect
|move|p2a: Calyrex|Astral Barrage|p1a: Smeargle|[spread] 
|-activate|p1b: Calyrex|move: Protect
|-immune|p1a: Smeargle
|move|p1a: Smeargle|Spore|p2a: Calyrex
|-status|p2a: Calyrex|slp|[from] move: Spore
|move|p2b: Scream Tail|Roar|p1b: Calyrex
|drag|p1b: Urshifu|Urshifu, L50, M|100/100
|
|upkeep
|turn|2
|inactive|RSA9 has 30 seconds left.
|inactive|RSA9 has 20 seconds left.
|inactive|RSA9 has 15 seconds left.
|
|t:|1750853156
|switch|p2a: Koraidon|Koraidon, L50|100/100
|-weather|SunnyDay|[from] ability: Orichalcum Pulse|[of] p2a: Koraidon
|-activate|p2b: Scream Tail|ability: Protosynthesis
|-start|p2b: Scream Tail|protosynthesisspe
|-activate|p2a: Koraidon|Orichalcum Pulse|[source]
|-terastallize|p1b: Urshifu|Grass
|move|p2b: Scream Tail|Dazzling Gleam|p1a: Smeargle|[spread] p1a,p1b
|-damage|p1a: Smeargle|72/100
|-damage|p1b: Urshifu|83/100
|move|p1a: Smeargle|Decorate|p1b: Urshifu
|-boost|p1b: Urshifu|atk|2
|-boost|p1b: Urshifu|spa|2
|move|p1b: Urshifu|Wicked Blow|p2b: Scream Tail
|-crit|p2b: Scream Tail
|-damage|p2b: Scream Tail|0 fnt
|faint|p2b: Scream Tail
|-end|p2b: Scream Tail|Protosynthesis|[silent]
|
|-weather|SunnyDay|[upkeep]
|upkeep
|
|t:|1750853171
|switch|p2b: Indeedee|Indeedee, L50, M|100/100
|-fieldstart|move: Psychic Terrain|[from] ability: Psychic Surge|[of] p2b: Indeedee
|turn|3
|
|t:|1750853185
|move|p1a: Smeargle|Follow Me|p1a: Smeargle
|-singleturn|p1a: Smeargle|move: Follow Me
|move|p2a: Koraidon|Flame Charge|p1a: Smeargle
|-damage|p1a: Smeargle|0 fnt
|-boost|p2a: Koraidon|spe|1
|faint|p1a: Smeargle
|-damage|p2a: Koraidon|91/100|[from] item: Life Orb
|move|p2b: Indeedee|Expanding Force|p1b: Urshifu
|-damage|p1b: Urshifu|0 fnt
|faint|p1b: Urshifu
|
|-weather|SunnyDay|[upkeep]
|upkeep
|
|t:|1750853196
|switch|p1a: Lunala|Lunala, L50|100/100
|switch|p1b: Calyrex|Calyrex-Ice, L50|100/100
|-ability|p1b: Calyrex|As One
|-ability|p1b: Calyrex|Unnerve
|turn|4
|
|t:|1750853215
|-terastallize|p2a: Koraidon|Fire
|move|p2b: Indeedee|Helping Hand|p2a: Koraidon
|-singleturn|p2a: Koraidon|Helping Hand|[of] p2b: Indeedee
|move|p1b: Calyrex|Protect|p1b: Calyrex
|-singleturn|p1b: Calyrex|Protect
|move|p2a: Koraidon|Flare Blitz|p1a: Lunala
|-damage|p1a: Lunala|0 fnt
|faint|p1a: Lunala
|-damage|p2a: Koraidon|46/100|[from] Recoil
|-damage|p2a: Koraidon|36/100|[from] item: Life Orb
|
|-weather|SunnyDay|[upkeep]
|upkeep
|turn|5
|-message|RSA9 forfeited.
|
|win|Jakobwsmurfing
|raw|RSA9's rating: 1211 &rarr; <strong>1190</strong><br />(-21 for losing)
|raw|Jakobwsmurfing's rating: 1264 &rarr; <strong>1285</strong><br />(+21 for winning)
|l|☆RSA9
|player|p1|
|l|☆Jakobwsmurfing
|player|p2|
