|j|☆EIDIL_YT
|j|☆curtainhanger
|t:|1750739026
|gametype|doubles
|player|p1|EIDIL_YT|hilbert-wonderlauncher|1357
|player|p2|curtainhanger|ghetsis-gen5bw|1332
|teamsize|p1|6
|teamsize|p2|6
|gen|9
|tier|[Gen 9] VGC 2025 Reg I
|rated|
|rule|Species Clause: Limit one of each Pokémon
|rule|Item Clause: Limit 1 of each item
|clearpoke
|poke|p1|Koraidon, L50|
|poke|p1|Miraidon, L50|
|poke|p1|Iron Hands, L50|
|poke|p1|Whimsicott, L50, M|
|poke|p1|Farigiraf, L50, F|
|poke|p1|Iron Valiant, L50|
|poke|p2|Zacian-*, L50|
|poke|p2|Lunala, L50|
|poke|p2|Chien-Pao, L50|
|poke|p2|Rillaboom, L50, M|
|poke|p2|Grimmsnarl, L50, M|
|poke|p2|Amoonguss, L50, M|
|teampreview|4
|inactive|Battle timer is ON: inactive players will automatically lose when time's up. (requested by curtainhanger)
|inactive|EIDIL_YT also wants the timer to be on.
|inactive|EIDIL_YT has 60 seconds left.
|
|t:|1750739066
|start
|switch|p1a: Iron Valiant|Iron Valiant, L50|100/100
|switch|p1b: Iron Hands|Iron Hands, L50|100/100
|switch|p2a: Chien-Pao|Chien-Pao, L50|100/100
|switch|p2b: Rillaboom|Rillaboom, L50, M|100/100
|-ability|p2a: Chien-Pao|Sword of Ruin
|-fieldstart|move: Grassy Terrain|[from] ability: Grassy Surge|[of] p2b: Rillaboom
|turn|1
|
|t:|1750739084
|-terastallize|p1a: Iron Valiant|Ghost
|move|p2a: Chien-Pao|Protect|p2a: Chien-Pao
|-singleturn|p2a: Chien-Pao|Protect
|move|p2b: Rillaboom|Fake Out|p1a: Iron Valiant
|-immune|p1a: Iron Valiant
|move|p1b: Iron Hands|Fake Out|p2a: Chien-Pao
|-activate|p2a: Chien-Pao|move: Protect
|move|p1a: Iron Valiant|Coaching|p1b: Iron Hands
|-boost|p1b: Iron Hands|atk|1
|-boost|p1b: Iron Hands|def|1
|
|upkeep
|turn|2
|inactive|EIDIL_YT has 30 seconds left.
|inactive|EIDIL_YT has 20 seconds left.
|inactive|EIDIL_YT has 15 seconds left.
|inactive|EIDIL_YT has 10 seconds left.
|inactive|EIDIL_YT has 5 seconds left.
|
|t:|1750739135
|-terastallize|p2a: Chien-Pao|Ghost
|move|p2a: Chien-Pao|Crunch|p1a: Iron Valiant
|-supereffective|p1a: Iron Valiant
|-enditem|p1a: Iron Valiant|Focus Sash
|-damage|p1a: Iron Valiant|1/100
|move|p1a: Iron Valiant|Coaching|p1b: Iron Hands
|-boost|p1b: Iron Hands|atk|1
|-boost|p1b: Iron Hands|def|1
|move|p2b: Rillaboom|U-turn|p1b: Iron Hands
|-resisted|p1b: Iron Hands
|-damage|p1b: Iron Hands|95/100
|
|t:|1750739145
|switch|p2b: Lunala|Lunala, L50|100/100|[from] U-turn
|move|p1b: Iron Hands|Wild Charge|p2a: Chien-Pao
|-enditem|p2a: Chien-Pao|Focus Sash
|-damage|p2a: Chien-Pao|1/100
|-damage|p1b: Iron Hands|79/100|[from] Recoil
|
|-heal|p2a: Chien-Pao|7/100|[from] Grassy Terrain
|-heal|p1a: Iron Valiant|7/100|[from] Grassy Terrain
|-heal|p1b: Iron Hands|85/100|[from] Grassy Terrain
|upkeep
|turn|3
|
|t:|1750739164
|move|p2a: Chien-Pao|Sucker Punch|p1a: Iron Valiant
|-supereffective|p1a: Iron Valiant
|-damage|p1a: Iron Valiant|0 fnt
|faint|p1a: Iron Valiant
|-end|p1a: Iron Valiant|Quark Drive|[silent]
|move|p2b: Lunala|Calm Mind|p2b: Lunala
|-boost|p2b: Lunala|spa|1
|-boost|p2b: Lunala|spd|1
|move|p1b: Iron Hands|Wild Charge|p2b: Lunala
|-damage|p2b: Lunala|49/100
|-damage|p1b: Iron Hands|73/100|[from] Recoil
|
|-heal|p2a: Chien-Pao|13/100|[from] Grassy Terrain
|-heal|p2b: Lunala|56/100|[from] Grassy Terrain
|-heal|p2b: Lunala|62/100|[from] item: Leftovers
|-heal|p1b: Iron Hands|79/100|[from] Grassy Terrain
|upkeep
|
|t:|1750739186
|switch|p1a: Koraidon|Koraidon, L50|100/100
|-weather|SunnyDay|[from] ability: Orichalcum Pulse|[of] p1a: Koraidon
|-activate|p1a: Koraidon|Orichalcum Pulse|[source]
|turn|4
|inactive|EIDIL_YT has 30 seconds left.
|
|t:|1750739216
|switch|p2a: Rillaboom|Rillaboom, L50, M|100/100
|move|p1a: Koraidon|U-turn|p2a: Rillaboom
|-supereffective|p2a: Rillaboom
|-damage|p2a: Rillaboom|6/100
|-damage|p1a: Koraidon|91/100|[from] item: Life Orb
|
|t:|1750739221
|switch|p1a: Miraidon|Miraidon, L50|100/100|[from] U-turn
|-fieldstart|move: Electric Terrain|[from] ability: Hadron Engine|[of] p1a: Miraidon
|-activate|p1b: Iron Hands|ability: Quark Drive
|-start|p1b: Iron Hands|quarkdriveatk
|move|p2b: Lunala|Moonblast|p1a: Miraidon
|-supereffective|p1a: Miraidon
|-damage|p1a: Miraidon|16/100
|move|p1b: Iron Hands|Wild Charge|p2b: Lunala
|-damage|p2b: Lunala|0 fnt
|faint|p2b: Lunala
|-damage|p1b: Iron Hands|64/100|[from] Recoil
|
|-weather|SunnyDay|[upkeep]
|upkeep
|
|t:|1750739242
|switch|p2b: Zacian|Zacian-Crowned, L50|100/100
|-ability|p2b: Zacian|Intrepid Sword|boost
|-boost|p2b: Zacian|atk|1
|turn|5
|
|t:|1750739260
|move|p2a: Rillaboom|Fake Out|p1a: Miraidon
|-damage|p1a: Miraidon|6/100
|move|p2b: Zacian|Play Rough|p1b: Iron Hands
|-supereffective|p1b: Iron Hands
|-damage|p1b: Iron Hands|13/100
|cant|p1a: Miraidon|flinch
|move|p1b: Iron Hands|Close Combat|p2b: Zacian
|-damage|p2b: Zacian|0 fnt
|-unboost|p1b: Iron Hands|def|1
|-unboost|p1b: Iron Hands|spd|1
|faint|p2b: Zacian
|
|-weather|SunnyDay|[upkeep]
|upkeep
|
|t:|1750739267
|switch|p2b: Chien-Pao|Chien-Pao, L50, tera:Ghost|13/100
|-ability|p2b: Chien-Pao|Sword of Ruin
|turn|6
|inactive|EIDIL_YT has 30 seconds left.
|
|t:|1750739299
|-end|p1b: Iron Hands|Quark Drive|[silent]
|switch|p1b: Koraidon|Koraidon, L50|91/100
|-activate|p1b: Koraidon|ability: Orichalcum Pulse
|move|p2b: Chien-Pao|Sucker Punch|p1a: Miraidon
|-damage|p1a: Miraidon|0 fnt
|faint|p1a: Miraidon
|move|p2a: Rillaboom|Wood Hammer|p1b: Koraidon
|-resisted|p1b: Koraidon
|-damage|p1b: Koraidon|59/100
|-damage|p2a: Rillaboom|0 fnt|[from] Recoil
|faint|p2a: Rillaboom
|
|-weather|SunnyDay|[upkeep]
|upkeep
|
|t:|1750739310
|switch|p1a: Iron Hands|Iron Hands, L50|13/100
|-activate|p1a: Iron Hands|ability: Quark Drive
|-start|p1a: Iron Hands|quarkdriveatk
|turn|7
|-message|curtainhanger forfeited.
|
|win|EIDIL_YT
|raw|EIDIL_YT's rating: 1357 &rarr; <strong>1376</strong><br />(+19 for winning)
|raw|curtainhanger's rating: 1332 &rarr; <strong>1313</strong><br />(-19 for losing)
|l|☆curtainhanger
|player|p2|
