|j|☆boat glue
|j|‽SabasVGC
|t:|1750867678
|gametype|doubles
|player|p1|boat glue|byron|1552
|player|p2|SabasVGC|bugcatcher-gen4dp|1618
|teamsize|p1|6
|teamsize|p2|6
|gen|9
|tier|[Gen 9] VGC 2025 Reg I
|rated|
|rule|Species Clause: Limit one of each Pokémon
|rule|Item Clause: Limit 1 of each item
|clearpoke
|poke|p1|Ho-Oh, L50|
|poke|p1|Koraidon, L50|
|poke|p1|Raging Bolt, L50|
|poke|p1|Flutter Mane, L50|
|poke|p1|Brute Bonnet, L50|
|poke|p1|Iron Treads, L50|
|poke|p2|Urshifu-*, L50, M|
|poke|p2|Torkoal, L50, F|
|poke|p2|Lunala, L50|
|poke|p2|Iron Hands, L50|
|poke|p2|Miraidon, L50|
|poke|p2|Ursaluna, L50, M|
|teampreview|4
boat glue has agreed to open team sheets.
|inactive|Battle timer is ON: inactive players will automatically lose when time's up. (requested by SabasVGC)
SabasVGC has agreed to open team sheets.
|showteam|p1|Ho-Oh||ClearAmulet|Regenerator|SacredFire,BraveBird,Tailwind,Protect||||||50|,,,,,Grass]Koraidon||LifeOrb|OrichalcumPulse|CloseCombat,FlareBlitz,BreakingSwipe,Protect||||||50|,,,,,Fire]Raging Bolt||AssaultVest|Protosynthesis|Thunderbolt,Thunderclap,Snarl,DragonPulse||||||50|,,,,,Fairy]Flutter Mane||FocusSash|Protosynthesis|Moonblast,ShadowBall,IcyWind,Protect||||||50|,,,,,Normal]Brute Bonnet||CovertCloak|Protosynthesis|Spore,SuckerPunch,RagePowder,SeedBomb||||||50|,,,,,Water]Iron Treads||ChoiceBand|QuarkDrive|HighHorsepower,IronHead,StoneEdge,SteelRoller||||||50|,,,,,Ghost
|showteam|p2|Urshifu||ChoiceScarf|UnseenFist|WickedBlow,CloseCombat,SuckerPunch,Uturn|||M|||50|,,,,,Stellar]Torkoal||LifeOrb|Drought|Eruption,WeatherBall,EarthPower,Protect|||F|||50|,,,,,Stellar]Lunala||ElectricSeed|ShadowShield|Moonblast,MoongeistBeam,WideGuard,TrickRoom||||||50|,,,,,Fairy]Iron Hands||AssaultVest|QuarkDrive|WildCharge,CloseCombat,FakeOut,LowKick||||||50|,,,,,Water]Miraidon||ChoiceSpecs|HadronEngine|VoltSwitch,DracoMeteor,ElectroDrift,DazzlingGleam||||||50|,,,,,Fairy]Ursaluna||FlameOrb|Guts|HeadlongRush,Facade,SwordsDance,Protect|||M|||50|,,,,,Ghost
|inactive|SabasVGC has 60 seconds left.
|inactive|boat glue has 60 seconds left.
|inactive|SabasVGC has 30 seconds left.
|inactive|SabasVGC has 20 seconds left.
|inactive|SabasVGC has 15 seconds left.
|inactive|SabasVGC has 10 seconds left.
|inactive|SabasVGC has 5 seconds left.
|
|t:|1750867770
|start
|switch|p1a: Koraidon|Koraidon, L50|100/100
|switch|p1b: Ho-Oh|Ho-Oh, L50|100/100
|switch|p2a: Iron Hands|Iron Hands, L50, shiny|100/100
|switch|p2b: Lunala|Lunala, L50, shiny|100/100
|-weather|SunnyDay|[from] ability: Orichalcum Pulse|[of] p1a: Koraidon
|-activate|p1a: Koraidon|Orichalcum Pulse|[source]
|turn|1
|inactive|SabasVGC has 30 seconds left.
|
|t:|1750867797
|move|p2a: Iron Hands|Fake Out|p1a: Koraidon
|-damage|p1a: Koraidon|87/100
|cant|p1a: Koraidon|flinch
|move|p1b: Ho-Oh|Sacred Fire|p2b: Lunala
|-damage|p2b: Lunala|65/100
|-status|p2b: Lunala|brn
|move|p2b: Lunala|Trick Room|p2b: Lunala
|-fieldstart|move: Trick Room|[of] p2b: Lunala
|
|-weather|SunnyDay|[upkeep]
|-damage|p2b: Lunala|59/100 brn|[from] brn
|upkeep
|turn|2
|inactive|boat glue has 30 seconds left.
|
|t:|1750867825
|-terastallize|p1a: Koraidon|Fire
|move|p2a: Iron Hands|Wild Charge|p1b: Ho-Oh
|-supereffective|p1b: Ho-Oh
|-damage|p1b: Ho-Oh|5/100
|-damage|p2a: Iron Hands|80/100|[from] Recoil
|move|p1b: Ho-Oh|Sacred Fire|p2a: Iron Hands
|-damage|p2a: Iron Hands|25/100
|move|p2b: Lunala|Moonblast|p1a: Koraidon
|-resisted|p1a: Koraidon
|-damage|p1a: Koraidon|67/100
|move|p1a: Koraidon|Close Combat|p2a: Iron Hands
|-damage|p2a: Iron Hands|0 fnt
|-unboost|p1a: Koraidon|def|1
|-unboost|p1a: Koraidon|spd|1
|faint|p2a: Iron Hands
|-end|p2a: Iron Hands|Quark Drive|[silent]
|-damage|p1a: Koraidon|57/100|[from] item: Life Orb
|
|-weather|SunnyDay|[upkeep]
|-damage|p2b: Lunala|52/100 brn|[from] brn
|upkeep
|inactive|SabasVGC has 30 seconds left.
|
|t:|1750867855
|switch|p2a: Ursaluna|Ursaluna, L50, M, shiny|100/100
|turn|3
|
|t:|1750867861
|switch|p1b: Raging Bolt|Raging Bolt, L50|100/100
|-activate|p1b: Raging Bolt|ability: Protosynthesis
|-start|p1b: Raging Bolt|protosynthesisspa
|move|p1a: Koraidon|Protect|p1a: Koraidon
|-singleturn|p1a: Koraidon|Protect
|move|p2a: Ursaluna|Facade|p1b: Raging Bolt
|-damage|p1b: Raging Bolt|65/100
|move|p2b: Lunala|Moongeist Beam|p1a: Koraidon
|-activate|p1a: Koraidon|move: Protect
|
|-weather|SunnyDay|[upkeep]
|-damage|p2b: Lunala|46/100 brn|[from] brn
|-status|p2a: Ursaluna|brn|[from] item: Flame Orb
|upkeep
|turn|4
|inactive|SabasVGC has 30 seconds left.
|
|t:|1750867891
|-end|p1b: Raging Bolt|Protosynthesis|[silent]
|switch|p1b: Flutter Mane|Flutter Mane, L50|100/100
|-activate|p1b: Flutter Mane|ability: Protosynthesis
|-start|p1b: Flutter Mane|protosynthesisspe
|switch|p1a: Ho-Oh|Ho-Oh, L50|38/100
|move|p2b: Lunala|Wide Guard|p2b: Lunala
|-singleturn|p2b: Lunala|Wide Guard
|move|p2a: Ursaluna|Facade|p1a: Ho-Oh
|-damage|p1a: Ho-Oh|0 fnt
|faint|p1a: Ho-Oh
|
|-weather|SunnyDay|[upkeep]
|-damage|p2a: Ursaluna|95/100 brn|[from] brn
|-damage|p2b: Lunala|40/100 brn|[from] brn
|upkeep
|
|t:|1750867909
|switch|p1a: Raging Bolt|Raging Bolt, L50|65/100
|-activate|p1a: Raging Bolt|ability: Protosynthesis
|-start|p1a: Raging Bolt|protosynthesisspa
|turn|5
|inactive|SabasVGC has 30 seconds left.
|
|t:|1750867944
|move|p1b: Flutter Mane|Protect|p1b: Flutter Mane
|-singleturn|p1b: Flutter Mane|Protect
|move|p2a: Ursaluna|Facade|p1a: Raging Bolt
|-damage|p1a: Raging Bolt|0 fnt
|faint|p1a: Raging Bolt
|-end|p1a: Raging Bolt|Protosynthesis|[silent]
|move|p2b: Lunala|Moongeist Beam|p1b: Flutter Mane
|-activate|p1b: Flutter Mane|move: Protect
|
|-weather|none
|-end|p1b: Flutter Mane|Protosynthesis
|-damage|p2a: Ursaluna|89/100 brn|[from] brn
|-damage|p2b: Lunala|34/100 brn|[from] brn
|-fieldend|move: Trick Room
|upkeep
|
|t:|1750867952
|switch|p1a: Koraidon|Koraidon, L50, tera:Fire|57/100
|-weather|SunnyDay|[from] ability: Orichalcum Pulse|[of] p1a: Koraidon
|-activate|p1b: Flutter Mane|ability: Protosynthesis
|-start|p1b: Flutter Mane|protosynthesisspe
|-activate|p1a: Koraidon|Orichalcum Pulse|[source]
|turn|6
|inactive|boat glue has 30 seconds left.
|inactive|SabasVGC has 30 seconds left.
|
|t:|1750867987
|-terastallize|p2a: Ursaluna|Ghost
|move|p1b: Flutter Mane|Moonblast|p2b: Lunala
|-damage|p2b: Lunala|0 fnt
|faint|p2b: Lunala
|move|p1a: Koraidon|Flare Blitz|p2a: Ursaluna
|-damage|p2a: Ursaluna|0 fnt
|faint|p2a: Ursaluna
|-damage|p1a: Koraidon|20/100|[from] Recoil
|-damage|p1a: Koraidon|10/100|[from] item: Life Orb
|
|-weather|SunnyDay|[upkeep]
|upkeep
|-message|SabasVGC forfeited.
|
|win|boat glue
|raw|boat glue's rating: 1552 &rarr; <strong>1576</strong><br />(+24 for winning)
|raw|SabasVGC's rating: 1618 &rarr; <strong>1594</strong><br />(-24 for losing)
|l|‽SabasVGC
|player|p2|
|l|☆boat glue
|player|p1|
