|j|☆Shoeyvgc
|j|☆justaVGCplayer
|t:|1750801345
|gametype|doubles
|player|p1|Shoeyvgc|101|1178
|player|p2|justaVGCplayer|red|1117
|teamsize|p1|6
|teamsize|p2|6
|gen|9
|tier|[Gen 9] VGC 2025 Reg I
|rated|
|rule|Species Clause: Limit one of each Pokémon
|rule|Item Clause: Limit 1 of each item
|clearpoke
|poke|p1|Miraidon, L50|
|poke|p1|Calyrex-Ice, L50|
|poke|p1|Incineroar, L50, F|
|poke|p1|Landorus, L50, M|
|poke|p1|Urshifu-*, L50, F|
|poke|p1|Farigiraf, L50, F|
|poke|p2|Smeargle, L50, F|
|poke|p2|Brute Bonnet, L50|
|poke|p2|Calyrex-Shadow, L50|
|poke|p2|Blissey, L50, F|
|poke|p2|Incineroar, L50, M|
|poke|p2|Kyogre, L50|
|teampreview|4
|inactive|Battle timer is ON: inactive players will automatically lose when time's up. (requested by Shoeyvgc)
|
|t:|1750801370
|start
|switch|p1a: Calyrex|Calyrex-Ice, L50|100/100
|switch|p1b: Incineroar|Incineroar, L50, F|100/100
|switch|p2a: Calyrex|Calyrex-Shadow, L50|100/100
|switch|p2b: Incineroar|Incineroar, L50, M|100/100
|-ability|p2a: Calyrex|As One
|-ability|p2a: Calyrex|Unnerve
|-ability|p1a: Calyrex|As One
|-ability|p1a: Calyrex|Unnerve
|-ability|p1b: Incineroar|Intimidate|boost
|-unboost|p2a: Calyrex|atk|1
|-unboost|p2b: Incineroar|atk|1
|-ability|p2b: Incineroar|Intimidate|boost
|-unboost|p1a: Calyrex|atk|1
|-unboost|p1b: Incineroar|atk|1
|turn|1
|inactive|justaVGCplayer has 30 seconds left.
|inactive|justaVGCplayer has 20 seconds left.
|
|t:|1750801407
|-terastallize|p1a: Calyrex|Water
|move|p2b: Incineroar|Fake Out|p1a: Calyrex
|-damage|p1a: Calyrex|95/100
|move|p2a: Calyrex|Astral Barrage|p1b: Incineroar|[spread] p1a,p1b
|-resisted|p1b: Incineroar
|-damage|p1a: Calyrex|48/100
|-damage|p1b: Incineroar|79/100
|-damage|p2a: Calyrex|91/100|[from] item: Life Orb
|move|p1b: Incineroar|Knock Off|p2a: Calyrex
|-supereffective|p2a: Calyrex
|-damage|p2a: Calyrex|0 fnt
|-enditem|p2a: Calyrex|Life Orb|[from] move: Knock Off|[of] p1b: Incineroar
|faint|p2a: Calyrex
|cant|p1a: Calyrex|flinch
|
|-heal|p1a: Calyrex|54/100|[from] item: Leftovers
|upkeep
|
|t:|1750801415
|switch|p2a: Smeargle|Smeargle, L50, F|100/100
|turn|2
|
|t:|1750801427
|move|p2a: Smeargle|Lock-On|p1a: Calyrex
|-activate|p2a: Smeargle|move: Lock-On|[of] p1a: Calyrex
|move|p1b: Incineroar|Flare Blitz|p2a: Smeargle
|-damage|p2a: Smeargle|9/100
|-damage|p1b: Incineroar|54/100|[from] Recoil
|move|p2b: Incineroar|Parting Shot|p1a: Calyrex
|-unboost|p1a: Calyrex|atk|1
|-unboost|p1a: Calyrex|spa|1
|
|t:|1750801433
|switch|p2b: Blissey|Blissey, L50, F|100/100|[from] Parting Shot
|move|p1a: Calyrex|Leech Seed|p2b: Blissey
|-start|p2b: Blissey|move: Leech Seed
|
|-heal|p1a: Calyrex|59/100|[from] item: Leftovers
|-damage|p2b: Blissey|88/100|[from] Leech Seed|[of] p1a: Calyrex
|-heal|p1a: Calyrex|81/100|[silent]
|upkeep
|turn|3
|
|t:|1750801450
|move|p2a: Smeargle|Guillotine|p1a: Calyrex
|-damage|p1a: Calyrex|0 fnt
|faint|p1a: Calyrex
|-ohko
|move|p1b: Incineroar|U-turn|p2a: Smeargle
|-damage|p2a: Smeargle|0 fnt
|faint|p2a: Smeargle
|
|t:|1750801461
|switch|p1b: Urshifu|Urshifu-Rapid-Strike, L50, F|100/100|[from] U-turn
|move|p2b: Blissey|Thunder Wave|p1b: Urshifu
|-status|p1b: Urshifu|par
|
|upkeep
|
|t:|1750801465
|switch|p2a: Incineroar|Incineroar, L50, M|100/100
|switch|p1a: Miraidon|Miraidon, L50|100/100
|-fieldstart|move: Electric Terrain|[from] ability: Hadron Engine|[of] p1a: Miraidon
|-ability|p2a: Incineroar|Intimidate|boost
|-unboost|p1a: Miraidon|atk|1
|-unboost|p1b: Urshifu|atk|1
|turn|4
|inactive|justaVGCplayer has 30 seconds left.
|
|t:|1750801493
|move|p2b: Blissey|Helping Hand|p2a: Incineroar
|-singleturn|p2a: Incineroar|Helping Hand|[of] p2b: Blissey
|move|p1a: Miraidon|Electro Drift|p2a: Incineroar
|-damage|p2a: Incineroar|0 fnt
|-damage|p1a: Miraidon|84/100|[from] item: Rocky Helmet|[of] p2a: Incineroar
|faint|p2a: Incineroar
|move|p1b: Urshifu|Surging Strikes|p2b: Blissey
|-crit|p2b: Blissey
|-damage|p2b: Blissey|67/100
|-crit|p2b: Blissey
|-damage|p2b: Blissey|49/100
|-enditem|p2b: Blissey|Sitrus Berry|[eat]
|-heal|p2b: Blissey|73/100|[from] item: Sitrus Berry
|-crit|p2b: Blissey
|-damage|p2b: Blissey|54/100
|-hitcount|p2b: Blissey|3
|
|-damage|p2b: Blissey|42/100|[from] Leech Seed|[of] p1a: Miraidon
|-heal|p1a: Miraidon|100/100|[silent]
|upkeep
|turn|5
|
|t:|1750801509
|move|p2b: Blissey|Helping Hand|p2: Incineroar|[notarget]
|-fail|p2b: Blissey
|move|p1a: Miraidon|Electro Drift|p2b: Blissey
|-damage|p2b: Blissey|0 fnt
|faint|p2b: Blissey
|
|win|Shoeyvgc
|raw|Shoeyvgc's rating: 1178 &rarr; <strong>1199</strong><br />(+21 for winning)
|raw|justaVGCplayer's rating: 1117 &rarr; <strong>1096</strong><br />(-21 for losing)
|c|☆Shoeyvgc|Gg
|c|☆justaVGCplayer|gg
|l|☆justaVGCplayer
|player|p2|
|l|☆Shoeyvgc
|player|p1|
