|j|☆broodedgy
|j|☆JI_15
|t:|1750824163
|gametype|doubles
|player|p1|broodedgy|1|1394
|player|p2|JI_15|ethan|1300
|teamsize|p1|6
|teamsize|p2|6
|gen|9
|tier|[Gen 9] VGC 2025 Reg I
|rated|
|rule|Species Clause: Limit one of each Pokémon
|rule|Item Clause: Limit 1 of each item
|clearpoke
|poke|p1|Farigiraf, L50, F|
|poke|p1|Miraidon, L50|
|poke|p1|Rayquaza, L50|
|poke|p1|Chien-Pao, L50|
|poke|p1|Iron Hands, L50|
|poke|p1|Volcarona, L50, M|
|poke|p2|Miraidon, L50|
|poke|p2|Ho-Oh, L50|
|poke|p2|Grimmsnarl, L50, M|
|poke|p2|Urshifu-*, L50, F|
|poke|p2|Farigiraf, L50, F|
|poke|p2|Iron Hands, L50|
|teampreview|4
|inactive|Battle timer is ON: inactive players will automatically lose when time's up. (requested by broodedgy)
|inactive|broodedgy has 60 seconds left.
|inactive|JI_15 has 60 seconds left.
JI_15 has agreed to open team sheets.
|inactive|JI_15 has 30 seconds left.
|
|t:|1750824231
|start
|switch|p1a: Chien-Pao|Chien-Pao, L50|100/100
|switch|p1b: Volcarona|Volcarona, L50, M|100/100
|switch|p2a: Miraidon|Miraidon, L50|100/100
|switch|p2b: Grimmsnarl|Grimmsnarl, L50, M|100/100
|-ability|p1a: Chien-Pao|Sword of Ruin
|-fieldstart|move: Electric Terrain|[from] ability: Hadron Engine|[of] p2a: Miraidon
|turn|1
|
|t:|1750824256
|-terastallize|p2a: Miraidon|Steel
|move|p1b: Volcarona|Rage Powder|p1b: Volcarona
|-singleturn|p1b: Volcarona|move: Rage Powder
|move|p1a: Chien-Pao|Icicle Crash|p2a: Miraidon|[miss]
|-miss|p1a: Chien-Pao|p2a: Miraidon
|move|p2a: Miraidon|Volt Switch|p1b: Volcarona
|-damage|p1b: Volcarona|13/100
|
|t:|1750824265
|switch|p2a: Iron Hands|Iron Hands, L50|100/100|[from] Volt Switch
|-activate|p2a: Iron Hands|ability: Quark Drive
|-start|p2a: Iron Hands|quarkdriveatk
|move|p2b: Grimmsnarl|Spirit Break|p1b: Volcarona
|-resisted|p1b: Volcarona
|-crit|p1b: Volcarona
|-damage|p1b: Volcarona|0 fnt
|-damage|p2b: Grimmsnarl|84/100|[from] item: Rocky Helmet|[of] p1b: Volcarona
|faint|p1b: Volcarona
|
|upkeep
|
|t:|1750824275
|switch|p1b: Iron Hands|Iron Hands, L50|100/100
|-activate|p1b: Iron Hands|ability: Quark Drive
|-start|p1b: Iron Hands|quarkdriveatk
|turn|2
|inactive|broodedgy has 30 seconds left.
|inactive|broodedgy has 20 seconds left.
|inactive|broodedgy has 15 seconds left.
|
|t:|1750824319
|move|p1a: Chien-Pao|Protect|p1a: Chien-Pao
|-singleturn|p1a: Chien-Pao|Protect
|move|p2a: Iron Hands|Fake Out|p1a: Chien-Pao
|-activate|p1a: Chien-Pao|move: Protect
|move|p1b: Iron Hands|Fake Out|p2a: Iron Hands
|-damage|p2a: Iron Hands|83/100
|move|p2b: Grimmsnarl|Spirit Break|p1b: Iron Hands
|-supereffective|p1b: Iron Hands
|-damage|p1b: Iron Hands|49/100
|-unboost|p1b: Iron Hands|spa|1
|
|upkeep
|turn|3
|
|t:|1750824334
|move|p1a: Chien-Pao|Icicle Crash|p2b: Grimmsnarl
|-damage|p2b: Grimmsnarl|27/100
|move|p2a: Iron Hands|Low Kick|p1a: Chien-Pao
|-supereffective|p1a: Chien-Pao
|-enditem|p1a: Chien-Pao|Focus Sash
|-damage|p1a: Chien-Pao|1/100
|cant|p2b: Grimmsnarl|flinch
|move|p1b: Iron Hands|Drain Punch|p2a: Iron Hands
|-damage|p2a: Iron Hands|28/100
|-heal|p1b: Iron Hands|76/100|[from] drain|[of] p2a: Iron Hands
|
|upkeep
|turn|4
|
|t:|1750824355
|move|p1a: Chien-Pao|Icicle Crash|p2b: Grimmsnarl
|-damage|p2b: Grimmsnarl|0 fnt
|faint|p2b: Grimmsnarl
|move|p2a: Iron Hands|Low Kick|p1b: Iron Hands
|-damage|p1b: Iron Hands|0 fnt
|faint|p1b: Iron Hands
|-end|p1b: Iron Hands|Quark Drive|[silent]
|
|upkeep
|
|t:|1750824362
|switch|p2b: Urshifu|Urshifu, L50, F|100/100
|switch|p1b: RAOOOOOOOW|Miraidon, L50|100/100
|-activate|p1b: RAOOOOOOOW|ability: Hadron Engine
|turn|5
|
|t:|1750824374
|-terastallize|p1b: RAOOOOOOOW|Electric
|move|p2b: Urshifu|Sucker Punch|p1a: Chien-Pao
|-resisted|p1a: Chien-Pao
|-damage|p1a: Chien-Pao|0 fnt
|faint|p1a: Chien-Pao
|move|p1b: RAOOOOOOOW|Electro Drift|p2b: Urshifu
|-enditem|p2b: Urshifu|Focus Sash
|-damage|p2b: Urshifu|1/100
|move|p2a: Iron Hands|Low Kick|p1b: RAOOOOOOOW
|-damage|p1b: RAOOOOOOOW|29/100
|
|-fieldend|move: Electric Terrain
|-end|p2a: Iron Hands|Quark Drive
|upkeep
|turn|6
|-message|broodedgy forfeited.
|
|win|JI_15
|raw|broodedgy's rating: 1394 &rarr; <strong>1369</strong><br />(-25 for losing)
|raw|JI_15's rating: 1300 &rarr; <strong>1332</strong><br />(+32 for winning)
|l|☆broodedgy
|player|p1|
|l|☆JI_15
|player|p2|
