|j|☆KogaJunior23
|j|☆bmbrvr
|t:|1750853294
|gametype|doubles
|player|p1|KogaJunior23|koga|1428
|player|p2|bmbrvr|silver|1420
|teamsize|p1|6
|teamsize|p2|6
|gen|9
|tier|[Gen 9] VGC 2025 Reg I
|rated|
|rule|Species Clause: Limit one of each Pokémon
|rule|Item Clause: Limit 1 of each item
|clearpoke
|poke|p1|Kyogre, L50|
|poke|p1|Zacian-*, L50|
|poke|p1|Beartic, L50, F|
|poke|p1|Amoonguss, L50, M|
|poke|p1|Tornadus, L50, M|
|poke|p1|Landorus, L50, M|
|poke|p2|Zacian-*, L50|
|poke|p2|Kyogre, L50|
|poke|p2|Whimsicott, L50, F|
|poke|p2|Urshifu-*, L50, M|
|poke|p2|Moltres-Galar, L50|
|poke|p2|Flutter Mane, L50|
|teampreview|4
|inactive|Battle timer is ON: inactive players will automatically lose when time's up. (requested by KogaJunior23)
|
|t:|1750853325
|start
|switch|p1a: Tornadus|Tornadus, L50, M|100/100
|switch|p1b: Zacian|Zacian-Crowned, L50|100/100
|switch|p2a: Whimsicott|Whimsicott, L50, F|100/100
|switch|p2b: Zacian|Zacian-Crowned, L50|100/100
|-ability|p1b: Zacian|Intrepid Sword|boost
|-boost|p1b: Zacian|atk|1
|-ability|p2b: Zacian|Intrepid Sword|boost
|-boost|p2b: Zacian|atk|1
|turn|1
|
|t:|1750853338
|move|p2b: Zacian|Protect|p2b: Zacian
|-singleturn|p2b: Zacian|Protect
|move|p2a: Whimsicott|Taunt|p1a: Tornadus
|-start|p1a: Tornadus|move: Taunt
|cant|p1a: Tornadus|move: Taunt|Tailwind
|move|p1b: Zacian|Behemoth Blade|p2a: Whimsicott
|-supereffective|p2a: Whimsicott
|-enditem|p2a: Whimsicott|Focus Sash
|-damage|p2a: Whimsicott|1/100
|
|upkeep
|turn|2
|inactive|KogaJunior23 has 30 seconds left.
|inactive|bmbrvr has 30 seconds left.
|
|t:|1750853377
|switch|p2a: Kyogre|Kyogre, L50|100/100
|-weather|RainDance|[from] ability: Drizzle|[of] p2a: Kyogre
|move|p1b: Zacian|Behemoth Blade|p2b: Zacian
|-damage|p2b: Zacian|25/100
|move|p2b: Zacian|Wild Charge|p1a: Tornadus
|-supereffective|p1a: Tornadus
|-damage|p1a: Tornadus|0 fnt
|faint|p1a: Tornadus
|-damage|p2b: Zacian|0 fnt|[from] Recoil
|faint|p2b: Zacian
|
|-weather|RainDance|[upkeep]
|upkeep
|
|t:|1750853393
|switch|p2b: Whimsicott|Whimsicott, L50, F|1/100
|switch|p1a: Beartic|Beartic, L50, F, shiny|100/100
|turn|3
|
|t:|1750853408
|-terastallize|p1a: Beartic|Electric
|move|p2b: Whimsicott|Tailwind|p2b: Whimsicott
|-sidestart|p2: bmbrvr|move: Tailwind
|move|p2a: Kyogre|Water Spout|p1a: Beartic|[spread] p1a,p1b
|-damage|p1a: Beartic|23/100
|-damage|p1b: Zacian|11/100
|move|p1a: Beartic|Tera Blast|p2a: Kyogre|[anim] Tera Blast Electric
|-supereffective|p2a: Kyogre
|-damage|p2a: Kyogre|11/100
|move|p1b: Zacian|Play Rough|p2a: Kyogre
|-damage|p2a: Kyogre|0 fnt
|faint|p2a: Kyogre
|
|-weather|RainDance|[upkeep]
|upkeep
|
|t:|1750853421
|switch|p2a: Urshifu|Urshifu-Rapid-Strike, L50, M|100/100
|turn|4
|inactive|bmbrvr has 30 seconds left.
|inactive|bmbrvr has 20 seconds left.
|inactive|bmbrvr has 15 seconds left.
|
|t:|1750853461
|-terastallize|p2a: Urshifu|Ice
|move|p2b: Whimsicott|Endeavor|p1a: Beartic
|-damage|p1a: Beartic|1/100
|move|p2a: Urshifu|Surging Strikes|p1b: Zacian
|-crit|p1b: Zacian
|-damage|p1b: Zacian|0 fnt
|faint|p1b: Zacian
|-hitcount|p1: Zacian|1
|move|p1a: Beartic|Tera Blast|p2a: Urshifu|[anim] Tera Blast Electric
|-crit|p2a: Urshifu
|-damage|p2a: Urshifu|34/100
|
|-weather|RainDance|[upkeep]
|upkeep
|
|t:|1750853473
|switch|p1b: Kyogre|Kyogre, L50|100/100
|turn|5
|inactive|bmbrvr has 30 seconds left.
|inactive|KogaJunior23 has 30 seconds left.
|
|t:|1750853509
|move|p2a: Urshifu|Aqua Jet|p1a: Beartic
|-damage|p1a: Beartic|0 fnt
|faint|p1a: Beartic
|move|p2b: Whimsicott|Endeavor|p1b: Kyogre
|-damage|p1b: Kyogre|1/100
|move|p1b: Kyogre|Origin Pulse|p2b: Whimsicott|[spread] p2a,p2b
|-resisted|p2b: Whimsicott
|-damage|p2a: Urshifu|0 fnt
|-damage|p2b: Whimsicott|0 fnt
|faint|p2a: Urshifu
|faint|p2b: Whimsicott
|
|win|KogaJunior23
|raw|KogaJunior23's rating: 1428 &rarr; <strong>1448</strong><br />(+20 for winning)
|raw|bmbrvr's rating: 1420 &rarr; <strong>1400</strong><br />(-20 for losing)
|l|☆bmbrvr
|player|p2|
|c|☆KogaJunior23|Gg
|l|☆KogaJunior23
|player|p1|
