|j|☆Rathanegren
|j|☆jose javier18
|t:|1750876128
|gametype|doubles
|player|p1|Rathanegren|clerkf|1119
|player|p2|jose javier18|hilbert|1109
|teamsize|p1|6
|teamsize|p2|6
|gen|9
|tier|[Gen 9] VGC 2025 Reg I
|rated|
|rule|Species Clause: Limit one of each Pokémon
|rule|Item Clause: Limit 1 of each item
|clearpoke
|poke|p1|Miraidon, L50|
|poke|p1|Iron Valiant, L50|
|poke|p1|Gholdengo, L50|
|poke|p1|Grimmsnarl, L50, M|
|poke|p1|Lunala, L50|
|poke|p1|Rotom-Heat, L50|
|poke|p2|Kyogre, L50|
|poke|p2|Empoleon, L50, M|
|poke|p2|Whimsicott, L50, F|
|poke|p2|Rayquaza, L50|
|poke|p2|Raichu, L50, M|
|poke|p2|Grimmsnarl, L50, M|
|teampreview|4
|
|t:|1750876157
|start
|switch|p1a: Miraidon|Miraidon, L50|100/100
|switch|p1b: Iron Valiant|Iron Valiant, L50|100/100
|switch|p2a: Whimsicott|Whimsicott, L50, F, shiny|100/100
|switch|p2b: Kyogre|Kyogre, L50|100/100
|-fieldstart|move: Electric Terrain|[from] ability: Hadron Engine|[of] p1a: Miraidon
|-activate|p1b: Iron Valiant|ability: Quark Drive
|-start|p1b: Iron Valiant|quarkdriveatk
|-weather|RainDance|[from] ability: Drizzle|[of] p2b: Kyogre
|turn|1
|
|t:|1750876197
|-terastallize|p1a: Miraidon|Fairy
|move|p2b: Kyogre|Protect|p2b: Kyogre
|-singleturn|p2b: Kyogre|Protect
|move|p2a: Whimsicott|Tailwind|p2a: Whimsicott
|-sidestart|p2: jose javier18|move: Tailwind
|move|p1a: Miraidon|Dazzling Gleam|p2a: Whimsicott|[spread] p2a
|-activate|p2b: Kyogre|move: Protect
|-damage|p2a: Whimsicott|61/100
|move|p1b: Iron Valiant|Close Combat|p2b: Kyogre
|-activate|p2b: Kyogre|move: Protect
|
|-weather|RainDance|[upkeep]
|upkeep
|turn|2
|
|t:|1750876241
|switch|p2a: Raichu|Raichu, L50, M|100/100
|move|p1b: Iron Valiant|Wide Guard|p1b: Iron Valiant
|-singleturn|p1b: Iron Valiant|Wide Guard
|move|p2b: Kyogre|Water Spout|p1b: Iron Valiant|[spread] 
|-activate|p1a: Miraidon|move: Wide Guard
|-activate|p1b: Iron Valiant|move: Wide Guard
|move|p1a: Miraidon|Dazzling Gleam|p2b: Kyogre|[spread] p2a,p2b
|-damage|p2a: Raichu|54/100
|-damage|p2b: Kyogre|66/100
|
|-weather|RainDance|[upkeep]
|upkeep
|turn|3
|
|t:|1750876273
|switch|p2b: Empoleon|Empoleon, L50, M|100/100
|move|p2a: Raichu|Protect|p2a: Raichu
|-singleturn|p2a: Raichu|Protect
|move|p1a: Miraidon|Dazzling Gleam|p2a: Raichu|[spread] p2b
|-activate|p2a: Raichu|move: Protect
|-resisted|p2b: Empoleon
|-damage|p2b: Empoleon|86/100
|move|p1b: Iron Valiant|Trick Room|p1b: Iron Valiant
|-fieldstart|move: Trick Room|[of] p1b: Iron Valiant
|
|-weather|RainDance|[upkeep]
|upkeep
|turn|4
|
|t:|1750876322
|switch|p1a: Gholdengo|Gholdengo, L50|100/100
|move|p2a: Raichu|Helping Hand|p2b: Empoleon
|-singleturn|p2b: Empoleon|Helping Hand|[of] p2a: Raichu
|move|p2b: Empoleon|Air Slash|p1b: Iron Valiant|[miss]
|-miss|p2b: Empoleon|p1b: Iron Valiant
|move|p1b: Iron Valiant|Close Combat|p2b: Empoleon
|-supereffective|p2b: Empoleon
|-damage|p2b: Empoleon|0 fnt
|-unboost|p1b: Iron Valiant|def|1
|-unboost|p1b: Iron Valiant|spd|1
|faint|p2b: Empoleon
|-damage|p1b: Iron Valiant|91/100|[from] item: Life Orb
|
|-weather|RainDance|[upkeep]
|-sideend|p2: jose javier18|move: Tailwind
|upkeep
|
|t:|1750876335
|switch|p2b: Kyogre|Kyogre, L50|66/100
|turn|5
|
|t:|1750876357
|switch|p2a: Whimsicott|Whimsicott, L50, F, shiny|61/100
|move|p1b: Iron Valiant|Wide Guard|p1b: Iron Valiant
|-singleturn|p1b: Iron Valiant|Wide Guard
|move|p1a: Gholdengo|Make It Rain|p2a: Whimsicott|[spread] p2a,p2b
|-supereffective|p2a: Whimsicott
|-resisted|p2b: Kyogre
|-damage|p2a: Whimsicott|0 fnt
|-damage|p2b: Kyogre|37/100
|-unboost|p1a: Gholdengo|spa|1
|faint|p2a: Whimsicott
|move|p2b: Kyogre|Thunder|p1b: Iron Valiant
|-damage|p1b: Iron Valiant|0 fnt
|faint|p1b: Iron Valiant
|-end|p1b: Iron Valiant|Quark Drive|[silent]
|
|-weather|none
|-fieldend|move: Electric Terrain
|upkeep
|-message|jose javier18 forfeited.
|
|win|Rathanegren
|raw|Rathanegren's rating: 1119 &rarr; <strong>1143</strong><br />(+24 for winning)
|raw|jose javier18's rating: 1109 &rarr; <strong>1085</strong><br />(-24 for losing)
|l|☆jose javier18
|player|p2|
