|j|☆ZEATHS
|j|☆kgdkysots95s9s
|t:|1750748296
|gametype|doubles
|player|p1|ZEATHS|pokemaniac|1053
|player|p2|kgdkysots95s9s|169|1000
|teamsize|p1|6
|teamsize|p2|6
|gen|9
|tier|[Gen 9] VGC 2025 Reg I
|rated|
|rule|Species Clause: Limit one of each Pokémon
|rule|Item Clause: Limit 1 of each item
|clearpoke
|poke|p1|Grimmsnarl, L50, M|
|poke|p1|Kyogre, L50|
|poke|p1|Urshifu-*, L50, M|
|poke|p1|Terapagos, L50, M|
|poke|p1|Archaludon, L50, M|
|poke|p1|Smeargle, L50, M|
|poke|p2|Calyrex-Shadow, L50|
|poke|p2|Zamazenta-*, L50|
|poke|p2|Incineroar, L50, F|
|poke|p2|Rillaboom, L50, F|
|poke|p2|Amoonguss, L50, M|
|poke|p2|Urshifu-*, L50, F|
|teampreview|4
ZEATHS has agreed to open team sheets.
|
|t:|1750748345
|start
|switch|p1a: Grimmsnarl|Grimmsnarl, L50, M, shiny|100/100
|switch|p1b: Kyogre|Kyogre, L50, shiny|100/100
|switch|p2a: Zamazenta|Zamazenta-Crowned, L50|100/100
|switch|p2b: Rillaboom|Rillaboom, L50, F|100/100
|-ability|p2a: Zamazenta|Dauntless Shield|boost
|-boost|p2a: Zamazenta|def|1
|-weather|RainDance|[from] ability: Drizzle|[of] p1b: Kyogre
|-fieldstart|move: Grassy Terrain|[from] ability: Grassy Surge|[of] p2b: Rillaboom
|turn|1
|
|t:|1750748373
|-terastallize|p1b: Kyogre|Grass
|move|p1b: Kyogre|Protect|p1b: Kyogre
|-singleturn|p1b: Kyogre|Protect
|move|p2b: Rillaboom|Fake Out|p1b: Kyogre
|-activate|p1b: Kyogre|move: Protect
|move|p1a: Grimmsnarl|Reflect|p1a: Grimmsnarl
|-sidestart|p1: ZEATHS|Reflect
|move|p2a: Zamazenta|Heavy Slam|p1a: Grimmsnarl
|-supereffective|p1a: Grimmsnarl
|-damage|p1a: Grimmsnarl|36/100
|
|-weather|RainDance|[upkeep]
|-heal|p1a: Grimmsnarl|42/100|[from] Grassy Terrain
|upkeep
|turn|2
|
|t:|1750748396
|move|p2a: Zamazenta|Wide Guard|p2a: Zamazenta
|-singleturn|p2a: Zamazenta|Wide Guard
|move|p1a: Grimmsnarl|Light Screen|p1a: Grimmsnarl
|-sidestart|p1: ZEATHS|move: Light Screen
|move|p1b: Kyogre|Water Spout|p2b: Rillaboom|[spread] 
|-activate|p2a: Zamazenta|move: Wide Guard
|-activate|p2b: Rillaboom|move: Wide Guard
|move|p2b: Rillaboom|U-turn|p1b: Kyogre
|-supereffective|p1b: Kyogre
|-damage|p1b: Kyogre|66/100
|
|t:|1750748411
|switch|p2b: Amoonguss|Amoonguss, L50, M|100/100|[from] U-turn
|
|-weather|RainDance|[upkeep]
|-heal|p1b: Kyogre|71/100|[from] Grassy Terrain
|-heal|p1a: Grimmsnarl|48/100|[from] Grassy Terrain
|upkeep
|turn|3
|
|t:|1750748440
|move|p1b: Kyogre|Protect|p1b: Kyogre
|-singleturn|p1b: Kyogre|Protect
|move|p2b: Amoonguss|Protect|p2b: Amoonguss
|-singleturn|p2b: Amoonguss|Protect
|move|p1a: Grimmsnarl|Thunder Wave|p2a: Zamazenta
|-status|p2a: Zamazenta|par
|move|p2a: Zamazenta|Body Press|p1b: Kyogre
|-activate|p1b: Kyogre|move: Protect
|
|-weather|RainDance|[upkeep]
|-heal|p1b: Kyogre|77/100|[from] Grassy Terrain
|-heal|p1a: Grimmsnarl|54/100|[from] Grassy Terrain
|upkeep
|turn|4
|
|t:|1750748473
|cant|p2a: Zamazenta|par
|move|p1b: Kyogre|Ice Beam|p2b: Amoonguss
|-supereffective|p2b: Amoonguss
|-damage|p2b: Amoonguss|44/100
|move|p1a: Grimmsnarl|Spirit Break|p2b: Amoonguss
|-resisted|p2b: Amoonguss
|-damage|p2b: Amoonguss|29/100
|-unboost|p2b: Amoonguss|spa|1
|move|p2b: Amoonguss|Spore|p1a: Grimmsnarl
|-status|p1a: Grimmsnarl|slp|[from] move: Spore
|
|-weather|RainDance|[upkeep]
|-heal|p1b: Kyogre|83/100|[from] Grassy Terrain
|-heal|p1a: Grimmsnarl|60/100 slp|[from] Grassy Terrain
|-heal|p2b: Amoonguss|35/100|[from] Grassy Terrain
|upkeep
|turn|5
|
|t:|1750748496
|switch|p2b: Rillaboom|Rillaboom, L50, F|100/100
|cant|p2a: Zamazenta|par
|move|p1b: Kyogre|Ice Beam|p2a: Zamazenta
|-resisted|p2a: Zamazenta
|-damage|p2a: Zamazenta|89/100 par
|cant|p1a: Grimmsnarl|slp
|
|-weather|none
|-heal|p1b: Kyogre|88/100|[from] Grassy Terrain
|-heal|p1a: Grimmsnarl|66/100 slp|[from] Grassy Terrain
|-heal|p2a: Zamazenta|95/100 par|[from] Grassy Terrain
|-fieldend|move: Grassy Terrain
|upkeep
|turn|6
|
|t:|1750748522
|-curestatus|p1a: Grimmsnarl|slp|[msg]
|move|p1a: Grimmsnarl|Thunder Wave|p2b: Rillaboom
|-status|p2b: Rillaboom|par
|move|p1b: Kyogre|Ice Beam|p2b: Rillaboom
|-supereffective|p2b: Rillaboom
|-damage|p2b: Rillaboom|61/100 par
|move|p2a: Zamazenta|Heavy Slam|p1a: Grimmsnarl
|-supereffective|p1a: Grimmsnarl
|-damage|p1a: Grimmsnarl|4/100
|move|p2b: Rillaboom|U-turn|p1b: Kyogre
|-supereffective|p1b: Kyogre
|-damage|p1b: Kyogre|52/100
|
|t:|1750748536
|switch|p2b: Amoonguss|Amoonguss, L50, M|68/100|[from] U-turn
|
|upkeep
|turn|7
|
|t:|1750748544
|move|p2b: Amoonguss|Protect|p2b: Amoonguss
|-singleturn|p2b: Amoonguss|Protect
|move|p1a: Grimmsnarl|Thunder Wave|p2b: Amoonguss
|-activate|p2b: Amoonguss|move: Protect
|move|p1b: Kyogre|Water Spout|p2b: Amoonguss|[spread] p2a
|-activate|p2b: Amoonguss|move: Protect
|-damage|p2a: Zamazenta|69/100 par
|move|p2a: Zamazenta|Body Press|p1b: Kyogre
|-damage|p1b: Kyogre|0 fnt
|faint|p1b: Kyogre
|
|upkeep
|
|t:|1750748555
|switch|p1b: Archaludon|Archaludon, L50, M, shiny|100/100
|turn|8
|
|t:|1750748572
|move|p2a: Zamazenta|Protect|p2a: Zamazenta
|-singleturn|p2a: Zamazenta|Protect
|move|p1a: Grimmsnarl|Thunder Wave|p2b: Amoonguss
|-status|p2b: Amoonguss|par
|move|p1b: Archaludon|Body Press|p2a: Zamazenta
|-activate|p2a: Zamazenta|move: Protect
|move|p2b: Amoonguss|Spore|p1b: Archaludon
|-status|p1b: Archaludon|slp|[from] move: Spore
|
|-sideend|p1: ZEATHS|Reflect
|upkeep
|turn|9
|
|t:|1750748605
|switch|p2b: Rillaboom|Rillaboom, L50, F|61/100 par
|-fieldstart|move: Grassy Terrain|[from] ability: Grassy Surge|[of] p2b: Rillaboom
|move|p1a: Grimmsnarl|Reflect|p1a: Grimmsnarl
|-sidestart|p1: ZEATHS|Reflect
|cant|p1b: Archaludon|slp
|cant|p2a: Zamazenta|par
|
|-heal|p1a: Grimmsnarl|10/100|[from] Grassy Terrain
|-heal|p2a: Zamazenta|75/100 par|[from] Grassy Terrain
|-heal|p2b: Rillaboom|67/100 par|[from] Grassy Terrain
|-sideend|p1: ZEATHS|move: Light Screen
|upkeep
|turn|10
|
|t:|1750748623
|move|p2b: Rillaboom|Fake Out|p1b: Archaludon
|-resisted|p1b: Archaludon
|-damage|p1b: Archaludon|97/100 slp
|-ability|p1b: Archaludon|Stamina|boost
|-boost|p1b: Archaludon|def|1
|move|p1a: Grimmsnarl|Light Screen|p1a: Grimmsnarl
|-sidestart|p1: ZEATHS|move: Light Screen
|cant|p1b: Archaludon|slp
|move|p2a: Zamazenta|Body Press|p1b: Archaludon
|-supereffective|p1b: Archaludon
|-damage|p1b: Archaludon|44/100 slp
|-ability|p1b: Archaludon|Stamina|boost
|-boost|p1b: Archaludon|def|1
|
|-heal|p1b: Archaludon|50/100 slp|[from] Grassy Terrain
|-heal|p1a: Grimmsnarl|16/100|[from] Grassy Terrain
|-heal|p2a: Zamazenta|81/100 par|[from] Grassy Terrain
|-heal|p2b: Rillaboom|73/100 par|[from] Grassy Terrain
|upkeep
|turn|11
|
|t:|1750748657
|move|p2a: Zamazenta|Protect|p2a: Zamazenta
|-singleturn|p2a: Zamazenta|Protect
|cant|p1b: Archaludon|slp
|move|p1a: Grimmsnarl|Spirit Break|p2a: Zamazenta
|-activate|p2a: Zamazenta|move: Protect
|move|p2b: Rillaboom|U-turn|p1a: Grimmsnarl
|-damage|p1a: Grimmsnarl|0 fnt
|faint|p1a: Grimmsnarl
|
|t:|1750748675
|switch|p2b: Amoonguss|Amoonguss, L50, M|100/100 par|[from] U-turn
|
|-heal|p1b: Archaludon|56/100 slp|[from] Grassy Terrain
|-heal|p2a: Zamazenta|87/100 par|[from] Grassy Terrain
|upkeep
|
|t:|1750748680
|switch|p1a: Smeargle|Smeargle, L50, M, shiny|100/100
|turn|12
|
|t:|1750748705
|move|p2b: Amoonguss|Rage Powder|p2b: Amoonguss
|-singleturn|p2b: Amoonguss|move: Rage Powder
|-curestatus|p1b: Archaludon|slp|[msg]
|move|p1b: Archaludon|Electro Shot||[still]
|-prepare|p1b: Archaludon|Electro Shot
|-boost|p1b: Archaludon|spa|1
|-enditem|p1b: Archaludon|Power Herb
|-anim|p1b: Archaludon|Electro Shot|p2b: Amoonguss
|-resisted|p2b: Amoonguss
|-damage|p2b: Amoonguss|77/100 par
|move|p1a: Smeargle|Decorate|p2b: Amoonguss
|-boost|p2b: Amoonguss|atk|2
|-boost|p2b: Amoonguss|spa|2
|move|p2a: Zamazenta|Body Press|p1a: Smeargle
|-supereffective|p1a: Smeargle
|-enditem|p1a: Smeargle|Focus Sash
|-damage|p1a: Smeargle|1/100
|
|-heal|p1b: Archaludon|62/100|[from] Grassy Terrain
|-heal|p1a: Smeargle|7/100|[from] Grassy Terrain
|-heal|p2a: Zamazenta|93/100 par|[from] Grassy Terrain
|-heal|p2b: Amoonguss|83/100 par|[from] Grassy Terrain
|-ability|p1a: Smeargle|Moody|boost
|-boost|p1a: Smeargle|spd|2
|-unboost|p1a: Smeargle|spa|1
|upkeep
|turn|13
|
|t:|1750748739
|move|p2b: Amoonguss|Rage Powder|p2b: Amoonguss
|-singleturn|p2b: Amoonguss|move: Rage Powder
|move|p1b: Archaludon|Body Press|p2b: Amoonguss
|-resisted|p2b: Amoonguss
|-damage|p2b: Amoonguss|61/100 par
|move|p1a: Smeargle|Decorate|p2b: Amoonguss
|-boost|p2b: Amoonguss|atk|2
|-boost|p2b: Amoonguss|spa|2
|move|p2a: Zamazenta|Body Press|p1b: Archaludon
|-supereffective|p1b: Archaludon
|-damage|p1b: Archaludon|23/100
|-ability|p1b: Archaludon|Stamina|boost
|-boost|p1b: Archaludon|def|1
|
|-heal|p1b: Archaludon|29/100|[from] Grassy Terrain
|-heal|p1a: Smeargle|13/100|[from] Grassy Terrain
|-heal|p2a: Zamazenta|99/100 par|[from] Grassy Terrain
|-heal|p2b: Amoonguss|67/100 par|[from] Grassy Terrain
|-fieldend|move: Grassy Terrain
|-ability|p1a: Smeargle|Moody|boost
|-boost|p1a: Smeargle|spa|2
|-unboost|p1a: Smeargle|def|1
|upkeep
|turn|14
|c|☆ZEATHS|gg
|-message|ZEATHS forfeited.
|
|win|kgdkysots95s9s
|raw|ZEATHS's rating: 1053 &rarr; <strong>1032</strong><br />(-21 for losing)
|raw|kgdkysots95s9s's rating: 1000 &rarr; <strong>1046</strong><br />(+46 for winning)
