|j|☆chad flenderman
|j|☆spangf
|t:|1750818148
|gametype|doubles
|player|p1|chad flenderman|piers-masters|1234
|player|p2|spangf|101|1216
|teamsize|p1|6
|teamsize|p2|6
|gen|9
|tier|[Gen 9] VGC 2025 Reg I
|rated|
|rule|Species Clause: Limit one of each Pokémon
|rule|Item Clause: Limit 1 of each item
|clearpoke
|poke|p1|Tatsugiri, L50, F|
|poke|p1|Dondozo, L50, M|
|poke|p1|Latios, L50, M|
|poke|p1|Gouging Fire, L50|
|poke|p1|Calyrex-Ice, L50|
|poke|p1|Miraidon, L50|
|poke|p2|Reshiram, L50|
|poke|p2|Koraidon, L50|
|poke|p2|Rillaboom, L50, M|
|poke|p2|Flutter Mane, L50|
|poke|p2|Urshifu-*, L50, F|
|poke|p2|Clefairy, L50, M|
|teampreview|4
|inactive|Battle timer is ON: inactive players will automatically lose when time's up. (requested by chad flenderman)
|inactive|spangf has 60 seconds left.
|
|t:|1750818184
|start
|switch|p1a: Latios|Latios, L50, M|100/100
|switch|p1b: Dondozo|Dondozo, L50, M|100/100
|switch|p2a: Reshiram|Reshiram, L50, shiny|100/100
|switch|p2b: Rillaboom|Rillaboom, L50, M|100/100
|-ability|p2a: Reshiram|Turboblaze
|-fieldstart|move: Grassy Terrain|[from] ability: Grassy Surge|[of] p2b: Rillaboom
|turn|1
|inactive|chad flenderman has 30 seconds left.
|
|t:|1750818218
|switch|p2b: Koraidon|Koraidon, L50|100/100
|-weather|SunnyDay|[from] ability: Orichalcum Pulse|[of] p2b: Koraidon
|-activate|p2b: Koraidon|Orichalcum Pulse|[source]
|move|p1b: Dondozo|Protect|p1b: Dondozo
|-singleturn|p1b: Dondozo|Protect
|move|p1a: Latios|Tailwind|p1a: Latios
|-sidestart|p1: chad flenderman|move: Tailwind
|move|p2a: Reshiram|Dragon Dance|p2a: Reshiram
|-boost|p2a: Reshiram|atk|1
|-boost|p2a: Reshiram|spe|1
|
|-weather|SunnyDay|[upkeep]
|upkeep
|turn|2
|inactive|chad flenderman has 30 seconds left.
|inactive|spangf has 30 seconds left.
|inactive|spangf has 20 seconds left.
|inactive|spangf has 15 seconds left.
|
|t:|1750818258
|move|p2b: Koraidon|Protect|p2b: Koraidon
|-singleturn|p2b: Koraidon|Protect
|move|p1a: Latios|Simple Beam|p1b: Dondozo
|-endability|p1b: Dondozo|Oblivious|[from] move: Simple Beam
|-ability|p1b: Dondozo|Simple|[from] move: Simple Beam
|move|p2a: Reshiram|Heat Wave|p1a: Latios|[spread] p1a,p1b
|-resisted|p1a: Latios
|-resisted|p1b: Dondozo
|-damage|p1a: Latios|71/100
|-damage|p1b: Dondozo|72/100
|move|p1b: Dondozo|Order Up|p2a: Reshiram
|-supereffective|p2a: Reshiram
|-damage|p2a: Reshiram|56/100
|
|-weather|SunnyDay|[upkeep]
|-heal|p2a: Reshiram|62/100|[from] Grassy Terrain
|-heal|p2a: Reshiram|68/100|[from] item: Leftovers
|-heal|p1b: Dondozo|78/100|[from] Grassy Terrain
|-heal|p1b: Dondozo|84/100|[from] item: Leftovers
|upkeep
|turn|3
|inactive|spangf has 30 seconds left.
|inactive|spangf has 20 seconds left.
|
|t:|1750818294
|move|p1b: Dondozo|Protect|p1b: Dondozo
|-singleturn|p1b: Dondozo|Protect
|move|p1a: Latios|Draco Meteor|p2b: Koraidon
|-supereffective|p2b: Koraidon
|-damage|p2b: Koraidon|0 fnt
|-unboost|p1a: Latios|spa|2
|faint|p2b: Koraidon
|move|p2a: Reshiram|Dragon Dance|p2a: Reshiram
|-boost|p2a: Reshiram|atk|1
|-boost|p2a: Reshiram|spe|1
|
|-weather|SunnyDay|[upkeep]
|-heal|p2a: Reshiram|74/100|[from] Grassy Terrain
|-heal|p2a: Reshiram|81/100|[from] item: Leftovers
|-heal|p1b: Dondozo|90/100|[from] Grassy Terrain
|-heal|p1b: Dondozo|97/100|[from] item: Leftovers
|upkeep
|
|t:|1750818310
|switch|p2b: Clefairy|Clefairy, L50, M|100/100
|turn|4
|
|t:|1750818323
|switch|p1a: Tatsugiri|Tatsugiri, L50, F|100/100
|-activate|p1a: Tatsugiri|ability: Commander|[of] p1b: Dondozo
|-boost|p1b: Dondozo|atk|4
|-boost|p1b: Dondozo|spa|4
|-boost|p1b: Dondozo|spe|4
|-boost|p1b: Dondozo|def|4
|-boost|p1b: Dondozo|spd|4
|move|p2b: Clefairy|Follow Me|p2b: Clefairy
|-singleturn|p2b: Clefairy|move: Follow Me
|move|p1b: Dondozo|Order Up|p2b: Clefairy
|-immune|p2b: Clefairy
|move|p2a: Reshiram|Rock Slide|p1b: Dondozo|[spread] p1b
|-miss|p2a: Reshiram|p1a: Tatsugiri
|-damage|p1b: Dondozo|90/100
|
|-weather|SunnyDay|[upkeep]
|-heal|p1b: Dondozo|97/100|[from] Grassy Terrain
|-heal|p1b: Dondozo|100/100|[from] item: Leftovers
|-heal|p2a: Reshiram|87/100|[from] Grassy Terrain
|-heal|p2a: Reshiram|93/100|[from] item: Leftovers
|-sideend|p1: chad flenderman|move: Tailwind
|upkeep
|turn|5
|inactive|spangf has 30 seconds left.
|
|t:|1750818351
|move|p1b: Dondozo|Protect|p1b: Dondozo
|-singleturn|p1b: Dondozo|Protect
|move|p2b: Clefairy|Protect|p2b: Clefairy
|-singleturn|p2b: Clefairy|Protect
|move|p2a: Reshiram|Dragon Dance|p2a: Reshiram
|-boost|p2a: Reshiram|atk|1
|-boost|p2a: Reshiram|spe|1
|
|-weather|none
|-heal|p2a: Reshiram|99/100|[from] Grassy Terrain
|-heal|p2a: Reshiram|100/100|[from] item: Leftovers
|-fieldend|move: Grassy Terrain
|upkeep
|turn|6
|
|t:|1750818371
|move|p2b: Clefairy|Follow Me|p2b: Clefairy
|-singleturn|p2b: Clefairy|move: Follow Me
|move|p2a: Reshiram|Dragon Dance|p2a: Reshiram
|-boost|p2a: Reshiram|atk|1
|-boost|p2a: Reshiram|spe|1
|move|p1b: Dondozo|Earthquake|p2b: Clefairy|[spread] p2a,p2b
|-miss|p1b: Dondozo|p1a: Tatsugiri
|-supereffective|p2a: Reshiram
|-damage|p2a: Reshiram|5/100
|-damage|p2b: Clefairy|39/100
|
|-heal|p2a: Reshiram|11/100|[from] item: Leftovers
|upkeep
|turn|7
|
|t:|1750818384
|switch|p2b: Rillaboom|Rillaboom, L50, M|100/100
|-fieldstart|move: Grassy Terrain|[from] ability: Grassy Surge|[of] p2b: Rillaboom
|move|p2a: Reshiram|Protect|p2a: Reshiram
|-singleturn|p2a: Reshiram|Protect
|move|p1b: Dondozo|Earthquake|p2a: Reshiram|[spread] p2b
|-miss|p1b: Dondozo|p1a: Tatsugiri
|-activate|p2a: Reshiram|move: Protect
|-resisted|p2b: Rillaboom
|-damage|p2b: Rillaboom|84/100
|
|-heal|p2a: Reshiram|18/100|[from] Grassy Terrain
|-heal|p2a: Reshiram|24/100|[from] item: Leftovers
|-heal|p2b: Rillaboom|90/100|[from] Grassy Terrain
|upkeep
|turn|8
|
|t:|1750818406
|move|p1b: Dondozo|Protect|p1b: Dondozo
|-singleturn|p1b: Dondozo|Protect
|move|p2b: Rillaboom|Fake Out|p1b: Dondozo
|-activate|p1b: Dondozo|move: Protect
|move|p2a: Reshiram|Dragon Dance|p2a: Reshiram
|-boost|p2a: Reshiram|atk|1
|-boost|p2a: Reshiram|spe|1
|
|-heal|p2a: Reshiram|30/100|[from] Grassy Terrain
|-heal|p2a: Reshiram|36/100|[from] item: Leftovers
|-heal|p2b: Rillaboom|96/100|[from] Grassy Terrain
|upkeep
|turn|9
|
|t:|1750818420
|move|p2a: Reshiram|Protect|p2a: Reshiram
|-singleturn|p2a: Reshiram|Protect
|move|p2b: Rillaboom|Grassy Glide|p1b: Dondozo
|-supereffective|p1b: Dondozo
|-damage|p1b: Dondozo|83/100
|move|p1b: Dondozo|Order Up|p2a: Reshiram
|-activate|p2a: Reshiram|move: Protect
|
|-heal|p2a: Reshiram|43/100|[from] Grassy Terrain
|-heal|p2a: Reshiram|49/100|[from] item: Leftovers
|-heal|p1b: Dondozo|90/100|[from] Grassy Terrain
|-heal|p1b: Dondozo|96/100|[from] item: Leftovers
|-heal|p2b: Rillaboom|100/100|[from] Grassy Terrain
|upkeep
|turn|10
|
|t:|1750818444
|-terastallize|p2a: Reshiram|Fairy
|move|p2b: Rillaboom|Grassy Glide|p1b: Dondozo
|-supereffective|p1b: Dondozo
|-damage|p1b: Dondozo|79/100
|move|p2a: Reshiram|Rock Slide|p1a: Tatsugiri|[spread] 
|-miss|p2a: Reshiram|p1a: Tatsugiri
|-miss|p2a: Reshiram|p1b: Dondozo
|move|p1b: Dondozo|Order Up|p2a: Reshiram
|-immune|p2a: Reshiram
|
|-heal|p2a: Reshiram|55/100|[from] Grassy Terrain
|-heal|p2a: Reshiram|61/100|[from] item: Leftovers
|-heal|p1b: Dondozo|85/100|[from] Grassy Terrain
|-heal|p1b: Dondozo|91/100|[from] item: Leftovers
|upkeep
|turn|11
|
|t:|1750818465
|move|p2b: Rillaboom|Grassy Glide|p1b: Dondozo
|-supereffective|p1b: Dondozo
|-damage|p1b: Dondozo|72/100
|move|p2a: Reshiram|Rock Slide|p1a: Tatsugiri|[spread] p1b
|-miss|p2a: Reshiram|p1a: Tatsugiri
|-damage|p1b: Dondozo|62/100
|cant|p1b: Dondozo|flinch
|
|-heal|p2a: Reshiram|68/100|[from] Grassy Terrain
|-heal|p2a: Reshiram|74/100|[from] item: Leftovers
|-heal|p1b: Dondozo|68/100|[from] Grassy Terrain
|-heal|p1b: Dondozo|74/100|[from] item: Leftovers
|-fieldend|move: Grassy Terrain
|upkeep
|turn|12
|
|t:|1750818483
|switch|p2b: Clefairy|Clefairy, L50, M|39/100
|move|p2a: Reshiram|Rock Slide|p1b: Dondozo|[spread] p1b
|-miss|p2a: Reshiram|p1a: Tatsugiri
|-damage|p1b: Dondozo|63/100
|move|p1b: Dondozo|Earthquake|p2b: Clefairy|[spread] p2a,p2b
|-miss|p1b: Dondozo|p1a: Tatsugiri
|-damage|p2a: Reshiram|27/100
|-damage|p2b: Clefairy|0 fnt
|faint|p2b: Clefairy
|
|-heal|p2a: Reshiram|33/100|[from] item: Leftovers
|-heal|p1b: Dondozo|69/100|[from] item: Leftovers
|upkeep
|
|t:|1750818496
|switch|p2b: Rillaboom|Rillaboom, L50, M|100/100
|-fieldstart|move: Grassy Terrain|[from] ability: Grassy Surge|[of] p2b: Rillaboom
|turn|13
|
|t:|1750818501
|move|p2b: Rillaboom|Fake Out|p1b: Dondozo
|-damage|p1b: Dondozo|66/100
|move|p2a: Reshiram|Dragon Dance|p2a: Reshiram
|-boost|p2a: Reshiram|atk|1
|-boost|p2a: Reshiram|spe|1
|cant|p1b: Dondozo|flinch
|
|-heal|p2a: Reshiram|40/100|[from] Grassy Terrain
|-heal|p2a: Reshiram|46/100|[from] item: Leftovers
|-heal|p1b: Dondozo|72/100|[from] Grassy Terrain
|-heal|p1b: Dondozo|79/100|[from] item: Leftovers
|upkeep
|turn|14
|
|t:|1750818517
|move|p2a: Reshiram|Protect|p2a: Reshiram
|-singleturn|p2a: Reshiram|Protect
|move|p2b: Rillaboom|Grassy Glide|p1b: Dondozo
|-supereffective|p1b: Dondozo
|-damage|p1b: Dondozo|60/100
|move|p1b: Dondozo|Liquidation|p2a: Reshiram
|-activate|p2a: Reshiram|move: Protect
|
|-heal|p2a: Reshiram|52/100|[from] Grassy Terrain
|-heal|p2a: Reshiram|58/100|[from] item: Leftovers
|-heal|p1b: Dondozo|66/100|[from] Grassy Terrain
|-heal|p1b: Dondozo|72/100|[from] item: Leftovers
|upkeep
|turn|15
|
|t:|1750818538
|move|p2b: Rillaboom|Grassy Glide|p1b: Dondozo
|-supereffective|p1b: Dondozo
|-damage|p1b: Dondozo|54/100
|move|p2a: Reshiram|Rock Slide|p1a: Tatsugiri|[spread] p1b
|-miss|p2a: Reshiram|p1a: Tatsugiri
|-damage|p1b: Dondozo|42/100
|move|p1b: Dondozo|Liquidation|p2a: Reshiram
|-damage|p2a: Reshiram|0 fnt
|faint|p2a: Reshiram
|
|-heal|p1b: Dondozo|48/100|[from] Grassy Terrain
|-heal|p1b: Dondozo|54/100|[from] item: Leftovers
|upkeep
|turn|16
|-message|spangf forfeited.
|
|win|chad flenderman
|raw|chad flenderman's rating: 1234 &rarr; <strong>1258</strong><br />(+24 for winning)
|raw|spangf's rating: 1216 &rarr; <strong>1192</strong><br />(-24 for losing)
|l|☆spangf
|player|p2|
|l|☆chad flenderman
|player|p1|
