|j|☆jackson leg
|j|☆Bmkc5
|t:|1750742553
|gametype|doubles
|player|p1|jackson leg|2|1209
|player|p2|Bmkc5|266|1274
|teamsize|p1|6
|teamsize|p2|6
|gen|9
|tier|[Gen 9] VGC 2025 Reg I
|rated|
|rule|Species Clause: Limit one of each Pokémon
|rule|Item Clause: Limit 1 of each item
|clearpoke
|poke|p1|Gallade, L50, M|
|poke|p1|Kyogre, L50|
|poke|p1|Indeedee-F, L50, F|
|poke|p1|Comfey, L50, M|
|poke|p1|Lugia, L50|
|poke|p1|Raichu, L50, F|
|poke|p2|Miraidon, L50|
|poke|p2|Tsareena, L50, F|
|poke|p2|Lunala, L50|
|poke|p2|Tornadus, L50, M|
|poke|p2|Landorus, L50, M|
|poke|p2|Ogerpon-Cornerstone, L50, F|
|teampreview|4
|
|t:|1750742603
|start
|switch|p1a: Raichu|Raichu, L50, F|100/100
|switch|p1b: Lugia|Lugia, L50|100/100
|switch|p2a: Tornadus|Tornadus, L50, M|100/100
|switch|p2b: Landorus|Landorus, L50, M|100/100
|turn|1
|
|t:|1750742632
|move|p2a: Tornadus|Protect|p2a: Tornadus
|-singleturn|p2a: Tornadus|Protect
|move|p2b: Landorus|Protect|p2b: Landorus
|-singleturn|p2b: Landorus|Protect
|move|p1a: Raichu|Fake Out|p2b: Landorus
|-activate|p2b: Landorus|move: Protect
|move|p1b: Lugia|Tailwind|p1b: Lugia
|-sidestart|p1: jackson leg|move: Tailwind
|
|upkeep
|turn|2
|
|t:|1750742651
|move|p1a: Raichu|Nuzzle|p2a: Tornadus
|-supereffective|p2a: Tornadus
|-damage|p2a: Tornadus|80/100
|-status|p2a: Tornadus|par
|move|p1b: Lugia|Calm Mind|p1b: Lugia
|-boost|p1b: Lugia|spa|1
|-boost|p1b: Lugia|spd|1
|move|p2b: Landorus|Earth Power|p1a: Raichu
|-supereffective|p1a: Raichu
|-damage|p1a: Raichu|0 fnt
|faint|p1a: Raichu
|cant|p2a: Tornadus|par
|
|upkeep
|
|t:|1750742679
|switch|p1a: Bubble|Gallade, L50, M, shiny|100/100
|turn|3
|
|t:|1750742704
|-terastallize|p1a: Bubble|Water
|move|p1b: Lugia|Calm Mind|p1b: Lugia
|-boost|p1b: Lugia|spa|1
|-boost|p1b: Lugia|spd|1
|move|p1a: Bubble|Psycho Cut|p2b: Landorus
|-crit|p2b: Landorus
|-damage|p2b: Landorus|0 fnt
|faint|p2b: Landorus
|move|p2a: Tornadus|Bleakwind Storm|p1b: Lugia|[spread] p1a
|-miss|p2a: Tornadus|p1b: Lugia
|-damage|p1a: Bubble|65/100
|
|upkeep
|
|t:|1750742714
|switch|p2b: Ogerpon|Ogerpon-Cornerstone, L50, F|100/100
|turn|4
|
|t:|1750742739
|move|p2b: Ogerpon|Spiky Shield|p2b: Ogerpon
|-singleturn|p2b: Ogerpon|move: Protect
|move|p1b: Lugia|Aeroblast|p2b: Ogerpon
|-activate|p2b: Ogerpon|move: Protect
|move|p1a: Bubble|Sacred Sword|p2b: Ogerpon
|-activate|p2b: Ogerpon|move: Protect
|-damage|p1a: Bubble|53/100|[from] Spiky Shield|[of] p2b: Ogerpon
|move|p2a: Tornadus|Bleakwind Storm|p1a: Bubble|[spread] p1a,p1b
|-damage|p1a: Bubble|17/100
|-damage|p1b: Lugia|95/100
|
|-sideend|p1: jackson leg|move: Tailwind
|upkeep
|turn|5
|
|t:|1750742755
|move|p2a: Tornadus|Tailwind|p2a: Tornadus
|-sidestart|p2: Bmkc5|move: Tailwind
|move|p2b: Ogerpon|Ivy Cudgel|p1b: Lugia|[anim] Ivy Cudgel Rock
|-supereffective|p1b: Lugia
|-damage|p1b: Lugia|2/100
|-enditem|p1b: Lugia|Sitrus Berry|[eat]
|-heal|p1b: Lugia|27/100|[from] item: Sitrus Berry
|move|p1b: Lugia|Aeroblast|p2b: Ogerpon
|-damage|p2b: Ogerpon|4/100
|move|p1a: Bubble|Sacred Sword|p2b: Ogerpon
|-supereffective|p2b: Ogerpon
|-damage|p2b: Ogerpon|0 fnt
|faint|p2b: Ogerpon
|
|upkeep
|
|t:|1750742761
|switch|p2b: Miraidon|Miraidon, L50|100/100
|-fieldstart|move: Electric Terrain|[from] ability: Hadron Engine|[of] p2b: Miraidon
|turn|6
|-message|jackson leg forfeited.
|
|win|Bmkc5
|raw|jackson leg's rating: 1209 &rarr; <strong>1189</strong><br />(-20 for losing)
|raw|Bmkc5's rating: 1274 &rarr; <strong>1294</strong><br />(+20 for winning)
|l|☆jackson leg
|player|p1|
|l|☆Bmkc5
|player|p2|
|j|☆Bmkc5
|player|p2|Bmkc5|266|
|l|☆Bmkc5
|player|p2|
