|j|☆suc vat vk
|j|☆RustyTacos27
|t:|1750773888
|gametype|doubles
|player|p1|suc vat vk|kimonogirl|1469
|player|p2|RustyTacos27|265|1487
|teamsize|p1|6
|teamsize|p2|6
|gen|9
|tier|[Gen 9] VGC 2025 Reg I
|rated|
|rule|Species Clause: Limit one of each Pokémon
|rule|Item Clause: Limit 1 of each item
|clearpoke
|poke|p1|Eternatus, L50|
|poke|p1|Ho-Oh, L50|
|poke|p1|Grimmsnarl, L50, M|
|poke|p1|Incineroar, L50, M|
|poke|p1|Ting-Lu, L50|
|poke|p1|Wo-Chien, L50|
|poke|p2|Whimsicott, L50, M|
|poke|p2|Urshifu-*, L50, F|
|poke|p2|Ursaluna, L50, F|
|poke|p2|Miraidon, L50|
|poke|p2|Lunala, L50|
|poke|p2|Incineroar, L50, F|
|teampreview|4
|inactive|Battle timer is ON: inactive players will automatically lose when time's up. (requested by suc vat vk)
|
|t:|1750773904
|start
|switch|p1a: Grimmsnarl|Grimmsnarl, L50, M, shiny|100/100
|switch|p1b: Eternatus|Eternatus, L50|100/100
|switch|p2a: Urshifu|Urshifu-Rapid-Strike, L50, F|100/100
|switch|p2b: Incineroar|Incineroar, L50, F|100/100
|-ability|p1b: Eternatus|Pressure
|-ability|p2b: Incineroar|Intimidate|boost
|-unboost|p1a: Grimmsnarl|atk|1
|-unboost|p1b: Eternatus|atk|1
|turn|1
|
|t:|1750773916
|move|p2b: Incineroar|Fake Out|p1a: Grimmsnarl
|-damage|p1a: Grimmsnarl|83/100
|cant|p1a: Grimmsnarl|flinch
|move|p1b: Eternatus|Cosmic Power|p1b: Eternatus
|-boost|p1b: Eternatus|def|1
|-boost|p1b: Eternatus|spd|1
|move|p2a: Urshifu|Surging Strikes|p1a: Grimmsnarl
|-crit|p1a: Grimmsnarl
|-damage|p1a: Grimmsnarl|41/100
|-crit|p1a: Grimmsnarl
|-damage|p1a: Grimmsnarl|1/100
|-crit|p1a: Grimmsnarl
|-damage|p1a: Grimmsnarl|0 fnt
|faint|p1a: Grimmsnarl
|-hitcount|p1: Grimmsnarl|3
|
|upkeep
|
|t:|1750773921
|switch|p1a: Wo-Chien|Wo-Chien, L50|100/100
|-ability|p1a: Wo-Chien|Tablets of Ruin
|turn|2
|
|t:|1750773937
|switch|p2a: Miraidon|Miraidon, L50|100/100
|-fieldstart|move: Electric Terrain|[from] ability: Hadron Engine|[of] p2a: Miraidon
|move|p1b: Eternatus|Cosmic Power|p1b: Eternatus
|-boost|p1b: Eternatus|def|1
|-boost|p1b: Eternatus|spd|1
|move|p2b: Incineroar|U-turn|p1a: Wo-Chien
|-supereffective|p1a: Wo-Chien
|-damage|p1a: Wo-Chien|45/100
|
|t:|1750773948
|switch|p2b: Lunala|Lunala, L50|100/100|[from] U-turn
|-enditem|p2b: Lunala|Electric Seed
|-boost|p2b: Lunala|def|1|[from] item: Electric Seed
|move|p1a: Wo-Chien|Leech Seed|p2a: Miraidon
|-start|p2a: Miraidon|move: Leech Seed
|
|-heal|p1a: Wo-Chien|51/100|[from] item: Leftovers
|-damage|p2a: Miraidon|88/100|[from] Leech Seed|[of] p1a: Wo-Chien
|-heal|p1a: Wo-Chien|65/100|[silent]
|upkeep
|turn|3
|inactive|suc vat vk has 30 seconds left.
|
|t:|1750773975
|-terastallize|p2a: Miraidon|Fairy
|move|p2a: Miraidon|Dazzling Gleam|p1b: Eternatus|[spread] p1a,p1b
|-supereffective|p1a: Wo-Chien
|-damage|p1a: Wo-Chien|0 fnt
|-damage|p1b: Eternatus|81/100
|faint|p1a: Wo-Chien
|move|p1b: Eternatus|Cosmic Power|p1b: Eternatus
|-boost|p1b: Eternatus|def|1
|-boost|p1b: Eternatus|spd|1
|move|p2b: Lunala|Moongeist Beam|p1b: Eternatus
|-damage|p1b: Eternatus|68/100
|
|upkeep
|
|t:|1750773981
|switch|p1a: Ting-Lu|Ting-Lu, L50|100/100
|-ability|p1a: Ting-Lu|Vessel of Ruin
|turn|4
|
|t:|1750773991
|move|p2a: Miraidon|Dazzling Gleam|p1a: Ting-Lu|[spread] p1a,p1b
|-supereffective|p1a: Ting-Lu
|-damage|p1a: Ting-Lu|50/100
|-damage|p1b: Eternatus|55/100
|move|p1b: Eternatus|Recover|p1b: Eternatus
|-heal|p1b: Eternatus|100/100
|move|p2b: Lunala|Moonblast|p1a: Ting-Lu
|-supereffective|p1a: Ting-Lu
|-damage|p1a: Ting-Lu|23/100
|move|p1a: Ting-Lu|Snarl|p2a: Miraidon|[spread] p2a,p2b
|-resisted|p2a: Miraidon
|-supereffective|p2b: Lunala
|-damage|p2a: Miraidon|85/100
|-damage|p2b: Lunala|88/100
|-unboost|p2a: Miraidon|spa|1
|-unboost|p2b: Lunala|spa|1
|
|-damage|p2a: Miraidon|72/100|[from] Leech Seed|[of] p1a: Ting-Lu
|-heal|p1a: Ting-Lu|32/100|[silent]
|upkeep
|turn|5
|
|t:|1750774005
|move|p2a: Miraidon|Dazzling Gleam|p1a: Ting-Lu|[spread] p1a,p1b
|-supereffective|p1a: Ting-Lu
|-damage|p1a: Ting-Lu|0 fnt
|-damage|p1b: Eternatus|93/100
|faint|p1a: Ting-Lu
|move|p1b: Eternatus|Fire Spin|p2b: Lunala
|-damage|p2b: Lunala|79/100
|-activate|p2b: Lunala|move: Fire Spin|[of] p1b: Eternatus
|move|p2b: Lunala|Moonblast|p1b: Eternatus
|-damage|p1b: Eternatus|87/100
|
|-damage|p2b: Lunala|67/100|[from] move: Fire Spin|[partiallytrapped]
|upkeep
|turn|6
|
|t:|1750774016
|switch|p2a: Incineroar|Incineroar, L50, F|100/100
|-ability|p2a: Incineroar|Intimidate|boost
|-unboost|p1b: Eternatus|atk|1
|move|p1b: Eternatus|Cosmic Power|p1b: Eternatus
|-boost|p1b: Eternatus|def|1
|-boost|p1b: Eternatus|spd|1
|move|p2b: Lunala|Moongeist Beam|p1b: Eternatus
|-damage|p1b: Eternatus|78/100
|
|-damage|p2b: Lunala|55/100|[from] move: Fire Spin|[partiallytrapped]
|-fieldend|move: Electric Terrain
|upkeep
|turn|7
|
|t:|1750774029
|move|p2a: Incineroar|Fake Out|p1b: Eternatus
|-damage|p1b: Eternatus|75/100
|move|p1b: Eternatus|Fire Spin|p2a: Incineroar
|-resisted|p2a: Incineroar
|-damage|p2a: Incineroar|97/100
|-activate|p2a: Incineroar|move: Fire Spin|[of] p1b: Eternatus
|move|p2b: Lunala|Moongeist Beam|p1b: Eternatus
|-damage|p1b: Eternatus|68/100
|
|-damage|p2b: Lunala|43/100|[from] move: Fire Spin|[partiallytrapped]
|-damage|p2a: Incineroar|84/100|[from] move: Fire Spin|[partiallytrapped]
|upkeep
|turn|8
|
|t:|1750774051
|move|p1b: Eternatus|Recover|p1b: Eternatus
|-heal|p1b: Eternatus|100/100
|move|p2b: Lunala|Moongeist Beam|p1b: Eternatus
|-damage|p1b: Eternatus|93/100
|move|p2a: Incineroar|U-turn|p1b: Eternatus
|-resisted|p1b: Eternatus
|-damage|p1b: Eternatus|90/100
|
|t:|1750774066
|switch|p2a: Miraidon|Miraidon, L50, tera:Fairy|72/100|[from] U-turn
|-fieldstart|move: Electric Terrain|[from] ability: Hadron Engine|[of] p2a: Miraidon
|
|-damage|p2b: Lunala|30/100|[from] move: Fire Spin|[partiallytrapped]
|upkeep
|turn|9
|
|t:|1750774072
|move|p2a: Miraidon|Draco Meteor|p1b: Eternatus
|-supereffective|p1b: Eternatus
|-damage|p1b: Eternatus|37/100
|-unboost|p2a: Miraidon|spa|2
|move|p1b: Eternatus|Fire Spin|p2a: Miraidon
|-damage|p2a: Miraidon|63/100
|-activate|p2a: Miraidon|move: Fire Spin|[of] p1b: Eternatus
|move|p2b: Lunala|Moonblast|p1b: Eternatus
|-damage|p1b: Eternatus|32/100
|
|-damage|p2a: Miraidon|51/100|[from] move: Fire Spin|[partiallytrapped]
|-damage|p2b: Lunala|18/100|[from] move: Fire Spin|[partiallytrapped]
|upkeep
|turn|10
|
|t:|1750774085
|-terastallize|p1b: Eternatus|Steel
|move|p2a: Miraidon|Draco Meteor|p1b: Eternatus
|-resisted|p1b: Eternatus
|-damage|p1b: Eternatus|25/100
|-unboost|p2a: Miraidon|spa|2
|move|p1b: Eternatus|Recover|p1b: Eternatus
|-heal|p1b: Eternatus|75/100
|move|p2b: Lunala|Moonblast|p1b: Eternatus
|-resisted|p1b: Eternatus
|-damage|p1b: Eternatus|73/100
|
|-damage|p2a: Miraidon|38/100|[from] move: Fire Spin|[partiallytrapped]
|-end|p2b: Lunala|Fire Spin|[partiallytrapped]
|upkeep
|turn|11
|
|t:|1750774096
|move|p2a: Miraidon|Draco Meteor|p1b: Eternatus|[miss]
|-miss|p2a: Miraidon|p1b: Eternatus
|move|p1b: Eternatus|Fire Spin|p2b: Lunala
|-damage|p2b: Lunala|11/100
|-activate|p2b: Lunala|move: Fire Spin|[of] p1b: Eternatus
|move|p2b: Lunala|Moonblast|p1b: Eternatus
|-resisted|p1b: Eternatus
|-damage|p1b: Eternatus|70/100
|
|-damage|p2a: Miraidon|26/100|[from] move: Fire Spin|[partiallytrapped]
|-damage|p2b: Lunala|0 fnt|[from] move: Fire Spin|[partiallytrapped]
|faint|p2b: Lunala
|upkeep
|
|t:|1750774101
|switch|p2b: Urshifu|Urshifu-Rapid-Strike, L50, F|100/100
|turn|12
|
|t:|1750774105
|move|p2a: Miraidon|Draco Meteor|p1b: Eternatus
|-resisted|p1b: Eternatus
|-damage|p1b: Eternatus|65/100
|-unboost|p2a: Miraidon|spa|2
|move|p1b: Eternatus|Fire Spin|p2b: Urshifu
|-resisted|p2b: Urshifu
|-damage|p2b: Urshifu|92/100
|-activate|p2b: Urshifu|move: Fire Spin|[of] p1b: Eternatus
|move|p2b: Urshifu|Close Combat|p1b: Eternatus
|-supereffective|p1b: Eternatus
|-damage|p1b: Eternatus|21/100
|-unboost|p2b: Urshifu|def|1
|-unboost|p2b: Urshifu|spd|1
|
|-damage|p2a: Miraidon|13/100|[from] move: Fire Spin|[partiallytrapped]
|-damage|p2b: Urshifu|80/100|[from] move: Fire Spin|[partiallytrapped]
|-fieldend|move: Electric Terrain
|upkeep
|turn|13
|
|t:|1750774118
|-activate|p2a: Miraidon|move: Struggle
|move|p2a: Miraidon|Struggle|p1b: Eternatus
|-damage|p1b: Eternatus|18/100
|-damage|p2a: Miraidon|0 fnt|[from] recoil
|faint|p2a: Miraidon
|move|p1b: Eternatus|Recover|p1b: Eternatus
|-heal|p1b: Eternatus|69/100
|move|p2b: Urshifu|Close Combat|p1b: Eternatus
|-supereffective|p1b: Eternatus
|-crit|p1b: Eternatus
|-damage|p1b: Eternatus|0 fnt
|-unboost|p2b: Urshifu|def|1
|-unboost|p2b: Urshifu|spd|1
|faint|p1b: Eternatus
|
|win|RustyTacos27
|raw|suc vat vk's rating: 1469 &rarr; <strong>1450</strong><br />(-19 for losing)
|raw|RustyTacos27's rating: 1487 &rarr; <strong>1506</strong><br />(+19 for winning)
|l|☆suc vat vk
|player|p1|
|l|☆RustyTacos27
|player|p2|
