|j|☆juanessamal
|j|☆johnkharkiv
|t:|1750722767
|gametype|doubles
|player|p1|juanessamal|2|1442
|player|p2|johnkharkiv|swimmerf-gen4dp|1419
|teamsize|p1|6
|teamsize|p2|6
|gen|9
|tier|[Gen 9] VGC 2025 Reg I
|rated|
|rule|Species Clause: Limit one of each Pokémon
|rule|Item Clause: Limit 1 of each item
|clearpoke
|poke|p1|Calyrex-Shadow, L50|
|poke|p1|Whimsicott, L50, F|
|poke|p1|Miraidon, L50|
|poke|p1|Armarouge, L50, M|
|poke|p1|Scream Tail, L50|
|poke|p1|Indeedee-F, L50, F|
|poke|p2|Calyrex-Ice, L50|
|poke|p2|Miraidon, L50|
|poke|p2|Torkoal, L50, M|
|poke|p2|Whimsicott, L50, M|
|poke|p2|Farigiraf, L50, F|
|poke|p2|Passimian, L50, F|
|teampreview|4
|
|t:|1750722797
|start
|switch|p1a: Scream Tail|Scream Tail, L50|100/100
|switch|p1b: Miraidon|Miraidon, L50|100/100
|switch|p2a: Passimian|Passimian, L50, F, shiny|100/100
|switch|p2b: Calyrex|Calyrex-Ice, L50|100/100
|-ability|p2b: Calyrex|As One
|-ability|p2b: Calyrex|Unnerve
|-fieldstart|move: Electric Terrain|[from] ability: Hadron Engine|[of] p1b: Miraidon
|-enditem|p1a: Scream Tail|Booster Energy
|-activate|p1a: Scream Tail|ability: Protosynthesis|[fromitem]
|-start|p1a: Scream Tail|protosynthesisspe
|turn|1
|inactive|Battle timer is ON: inactive players will automatically lose when time's up. (requested by johnkharkiv)
|
|t:|1750722820
|-terastallize|p2b: Calyrex|Ground
|move|p1a: Scream Tail|Fake Tears|p2b: Calyrex
|-fail|p2b: Calyrex|unboost|[from] item: Clear Amulet|[of] p2b: Calyrex
|move|p1b: Miraidon|Draco Meteor|p2b: Calyrex
|-damage|p2b: Calyrex|21/100
|-unboost|p1b: Miraidon|spa|2
|move|p2a: Passimian|Knock Off|p1a: Scream Tail
|-damage|p1a: Scream Tail|82/100
|move|p2b: Calyrex|Trick Room|p2b: Calyrex
|-fieldstart|move: Trick Room|[of] p2b: Calyrex
|
|upkeep
|turn|2
|
|t:|1750722844
|switch|p1b: Indeedee|Indeedee-F, L50, F|100/100
|-fieldstart|move: Psychic Terrain|[from] ability: Psychic Surge|[of] p1b: Indeedee
|move|p2b: Calyrex|Glacial Lance|p1b: Indeedee|[spread] p1a,p1b
|-damage|p1a: Scream Tail|44/100
|-damage|p1b: Indeedee|47/100
|move|p2a: Passimian|Knock Off|p1b: Indeedee
|-supereffective|p1b: Indeedee
|-damage|p1b: Indeedee|0 fnt
|-damage|p2a: Passimian|84/100|[from] item: Rocky Helmet|[of] p1b: Indeedee
|-enditem|p1b: Indeedee|Rocky Helmet|[from] move: Knock Off|[of] p2a: Passimian
|faint|p1b: Indeedee
|move|p1a: Scream Tail|Disable|p2b: Calyrex
|-start|p2b: Calyrex|Disable|Glacial Lance
|
|upkeep
|
|t:|1750722858
|switch|p1b: Miraidon|Miraidon, L50|100/100
|-fieldstart|move: Electric Terrain|[from] ability: Hadron Engine|[of] p1b: Miraidon
|turn|3
|
|t:|1750722877
|move|p1a: Scream Tail|Protect|p1a: Scream Tail
|-singleturn|p1a: Scream Tail|Protect
|move|p2b: Calyrex|High Horsepower|p1b: Miraidon
|-supereffective|p1b: Miraidon
|-damage|p1b: Miraidon|0 fnt
|faint|p1b: Miraidon
|-ability|p2b: Calyrex|Chilling Neigh|boost
|-boost|p2b: Calyrex|atk|1
|move|p2a: Passimian|Knock Off|p1a: Scream Tail
|-activate|p1a: Scream Tail|move: Protect
|
|upkeep
|inactive|juanessamal has 30 seconds left.
|inactive|juanessamal has 20 seconds left.
|inactive|juanessamal has 15 seconds left.
|inactive|juanessamal has 10 seconds left.
|inactive|juanessamal has 5 seconds left.
|
|t:|1750722932
|switch|p1b: Calyrex|Calyrex-Shadow, L50|100/100
|-ability|p1b: Calyrex|As One
|-ability|p1b: Calyrex|Unnerve
|turn|4
|inactive|juanessamal has 30 seconds left.
|inactive|juanessamal has 20 seconds left.
|inactive|juanessamal has 15 seconds left.
|inactive|juanessamal has 10 seconds left.
|inactive|juanessamal has 5 seconds left.
|
|t:|1750722987
|move|p2b: Calyrex|Throat Chop|p1b: Calyrex
|-supereffective|p1b: Calyrex
|-damage|p1b: Calyrex|0 fnt
|faint|p1b: Calyrex
|-ability|p2b: Calyrex|Chilling Neigh|boost
|-boost|p2b: Calyrex|atk|1
|move|p2a: Passimian|Drain Punch|p1a: Scream Tail
|-resisted|p1a: Scream Tail
|-damage|p1a: Scream Tail|36/100
|-heal|p2a: Passimian|89/100|[from] drain|[of] p1a: Scream Tail
|move|p1a: Scream Tail|Disable|p2a: Passimian
|-start|p2a: Passimian|Disable|Drain Punch
|
|upkeep
|turn|5
|inactive|juanessamal has 30 seconds left.
|inactive|juanessamal has 20 seconds left.
|inactive|juanessamal has 15 seconds left.
|inactive|juanessamal has 10 seconds left.
|inactive|juanessamal has 5 seconds left.
|
|t:|1750723042
|move|p2a: Passimian|Feint|p1a: Scream Tail
|-damage|p1a: Scream Tail|26/100
|move|p2b: Calyrex|High Horsepower|p1a: Scream Tail
|-damage|p1a: Scream Tail|0 fnt
|faint|p1a: Scream Tail
|-end|p1a: Scream Tail|Protosynthesis|[silent]
|
|win|johnkharkiv
|raw|juanessamal's rating: 1461 &rarr; <strong>1439</strong><br />(-22 for losing)
|raw|johnkharkiv's rating: 1419 &rarr; <strong>1441</strong><br />(+22 for winning)
