|j|☆goldenfree
|j|☆ButterfreeisGreat
|t:|1750810440
|gametype|doubles
|player|p1|goldenfree|lucas|1079
|player|p2|ButterfreeisGreat|101|1125
|teamsize|p1|6
|teamsize|p2|6
|gen|9
|tier|[Gen 9] VGC 2025 Reg I
|rated|
|rule|Species Clause: Limit one of each Pokémon
|rule|Item Clause: Limit 1 of each item
|clearpoke
|poke|p1|Jumpluff, L50, M|
|poke|p1|Goodra-Hisui, L50, F|
|poke|p1|Incineroar, L50, M|
|poke|p1|Koraidon, L50|
|poke|p1|Chien-Pao, L50|
|poke|p1|Lunala, L50|
|poke|p2|Incineroar, L50, M|
|poke|p2|Arboliva, L50, M|
|poke|p2|Calyrex-Shadow, L50|
|poke|p2|Urshifu-*, L50, F|
|poke|p2|Dialga-Origin, L50|
|poke|p2|Smeargle, L50, M|
|teampreview|4
|
|t:|1750810463
|start
|switch|p1a: Lunala|Lunala, L50|100/100
|switch|p1b: Incineroar|Incineroar, L50, M|100/100
|switch|p2a: Smeargle|Smeargle, L50, M|100/100
|switch|p2b: Urshifu|Urshifu-Rapid-Strike, L50, F|100/100
|-ability|p1b: Incineroar|Intimidate|boost
|-unboost|p2a: Smeargle|atk|1
|-unboost|p2b: Urshifu|atk|1
|turn|1
|
|t:|1750810472
|move|p2b: Urshifu|Protect|p2b: Urshifu
|-singleturn|p2b: Urshifu|Protect
|move|p1b: Incineroar|Fake Out|p2a: Smeargle
|-damage|p2a: Smeargle|75/100
|cant|p2a: Smeargle|flinch
|move|p1a: Lunala|Trick Room|p1a: Lunala
|-fieldstart|move: Trick Room|[of] p1a: Lunala
|
|-ability|p2a: Smeargle|Moody|boost
|-boost|p2a: Smeargle|spe|2
|-unboost|p2a: Smeargle|spd|1
|upkeep
|turn|2
|
|t:|1750810501
|move|p1b: Incineroar|Will-O-Wisp|p2b: Urshifu
|-status|p2b: Urshifu|brn
|move|p1a: Lunala|Moonblast|p2a: Smeargle
|-damage|p2a: Smeargle|0 fnt
|faint|p2a: Smeargle
|move|p2b: Urshifu|Surging Strikes|p1b: Incineroar
|-supereffective|p1b: Incineroar
|-crit|p1b: Incineroar
|-damage|p1b: Incineroar|79/100
|-supereffective|p1b: Incineroar
|-crit|p1b: Incineroar
|-damage|p1b: Incineroar|56/100
|-supereffective|p1b: Incineroar
|-crit|p1b: Incineroar
|-damage|p1b: Incineroar|33/100
|-enditem|p1b: Incineroar|Sitrus Berry|[eat]
|-heal|p1b: Incineroar|58/100|[from] item: Sitrus Berry
|-hitcount|p1b: Incineroar|3
|
|-damage|p2b: Urshifu|95/100 brn|[from] brn
|upkeep
|
|t:|1750810513
|switch|p2a: Incineroar|Incineroar, L50, M|100/100
|-ability|p2a: Incineroar|Intimidate|boost
|-unboost|p1a: Lunala|atk|1
|-unboost|p1b: Incineroar|atk|1
|turn|3
|
|t:|1750810529
|-terastallize|p1a: Lunala|Fairy
|move|p1b: Incineroar|Parting Shot|p2a: Incineroar
|-unboost|p2a: Incineroar|atk|1
|-unboost|p2a: Incineroar|spa|1
|
|t:|1750810532
|switch|p1b: Goodra|Goodra-Hisui, L50, F|100/100|[from] Parting Shot
|move|p2a: Incineroar|Knock Off|p1a: Lunala
|-resisted|p1a: Lunala
|-damage|p1a: Lunala|96/100
|-enditem|p1a: Lunala|Mental Herb|[from] move: Knock Off|[of] p2a: Incineroar
|move|p1a: Lunala|Moonblast|p2b: Urshifu
|-supereffective|p2b: Urshifu
|-damage|p2b: Urshifu|0 fnt
|faint|p2b: Urshifu
|
|upkeep
|
|t:|1750810544
|switch|p2b: Calyrex|Calyrex-Shadow, L50|100/100
|-ability|p2b: Calyrex|As One
|-ability|p2b: Calyrex|Unnerve
|turn|4
|
|t:|1750810566
|move|p1b: Goodra|Acid Armor|p1b: Goodra
|-boost|p1b: Goodra|def|2
|move|p2a: Incineroar|Flare Blitz|p1b: Goodra
|-damage|p1b: Goodra|86/100
|-status|p1b: Goodra|brn
|-damage|p2a: Incineroar|96/100|[from] Recoil
|move|p1a: Lunala|Moongeist Beam|p2b: Calyrex
|-supereffective|p2b: Calyrex
|-damage|p2b: Calyrex|0 fnt
|faint|p2b: Calyrex
|
|-heal|p1b: Goodra|91/100 brn|[from] item: Leftovers
|-damage|p1b: Goodra|86/100 brn|[from] brn
|upkeep
|turn|5
|-message|ButterfreeisGreat forfeited.
|
|win|goldenfree
|raw|goldenfree's rating: 1079 &rarr; <strong>1111</strong><br />(+32 for winning)
|raw|ButterfreeisGreat's rating: 1125 &rarr; <strong>1097</strong><br />(-28 for losing)
|l|☆ButterfreeisGreat
|player|p2|
|l|☆goldenfree
|player|p1|
