|j|☆5am Hails
|j|☆paranoid deer
|t:|1750851308
|gametype|doubles
|player|p1|5am Hails|lacey|1101
|player|p2|paranoid deer|burglar|1149
|teamsize|p1|6
|teamsize|p2|6
|gen|9
|tier|[Gen 9] VGC 2025 Reg I
|rated|
|rule|Species Clause: Limit one of each Pokémon
|rule|Item Clause: Limit 1 of each item
|clearpoke
|poke|p1|Regice, L50|
|poke|p1|Ninetales-Alola, L50, F|
|poke|p1|Miraidon, L50|
|poke|p1|Calyrex-Ice, L50|
|poke|p1|Landorus, L50, M|
|poke|p1|Incineroar, L50, F|
|poke|p2|Calyrex-Shadow, L50|
|poke|p2|Zamazenta-*, L50|
|poke|p2|Ogerpon-Hearthflame, L50, F|
|poke|p2|Tornadus, L50, M|
|poke|p2|Indeedee-F, L50, F|
|poke|p2|Urshifu-*, L50, F|
|teampreview|4
|
|t:|1750851357
|start
|switch|p1a: Ninetales|Ninetales-Alola, L50, F, shiny|100/100
|switch|p1b: Miraidon|Miraidon, L50|100/100
|switch|p2a: Zamazenta|Zamazenta-Crowned, L50|100/100
|switch|p2b: Ogerpon|Ogerpon-Hearthflame, L50, F|100/100
|-fieldstart|move: Electric Terrain|[from] ability: Hadron Engine|[of] p1b: Miraidon
|-ability|p2a: Zamazenta|Dauntless Shield|boost
|-boost|p2a: Zamazenta|def|1
|-weather|Snowscape|[from] ability: Snow Warning|[of] p1a: Ninetales
|-ability|p2b: Ogerpon|Mold Breaker
|turn|1
|inactive|Battle timer is ON: inactive players will automatically lose when time's up. (requested by paranoid deer)
|inactive|paranoid deer has 60 seconds left.
|
|t:|1750851411
|switch|p1a: Incineroar|Incineroar, L50, F|100/100
|-ability|p1a: Incineroar|Intimidate|boost
|-unboost|p2a: Zamazenta|atk|1
|-unboost|p2b: Ogerpon|atk|1
|move|p1b: Miraidon|Volt Switch|p2a: Zamazenta
|-damage|p2a: Zamazenta|27/100
|
|t:|1750851420
|switch|p1b: Calyrex|Calyrex-Ice, L50|100/100|[from] Volt Switch
|-ability|p1b: Calyrex|As One
|-ability|p1b: Calyrex|Unnerve
|move|p2a: Zamazenta|Behemoth Bash|p1a: Incineroar
|-resisted|p1a: Incineroar
|-damage|p1a: Incineroar|88/100
|move|p2b: Ogerpon|Knock Off|p1b: Calyrex
|-supereffective|p1b: Calyrex
|-damage|p1b: Calyrex|81/100
|-enditem|p1b: Calyrex|Leftovers|[from] move: Knock Off|[of] p2b: Ogerpon
|
|-weather|Snowscape|[upkeep]
|upkeep
|turn|2
|inactive|5am Hails has 30 seconds left.
|inactive|paranoid deer has 30 seconds left.
|inactive|5am Hails has 20 seconds left.
|
|t:|1750851457
|-terastallize|p1b: Calyrex|Water
|move|p2b: Ogerpon|Spiky Shield|p2b: Ogerpon
|-singleturn|p2b: Ogerpon|move: Protect
|move|p1a: Incineroar|Fake Out|p2a: Zamazenta
|-resisted|p2a: Zamazenta
|-damage|p2a: Zamazenta|24/100
|cant|p2a: Zamazenta|flinch
|move|p1b: Calyrex|Glacial Lance|p2a: Zamazenta|[spread] p2a
|-activate|p2b: Ogerpon|move: Protect
|-resisted|p2a: Zamazenta
|-damage|p2a: Zamazenta|14/100
|
|-weather|Snowscape|[upkeep]
|upkeep
|turn|3
|inactive|5am Hails has 30 seconds left.
|inactive|paranoid deer has 30 seconds left.
|inactive|5am Hails has 20 seconds left.
|inactive|5am Hails has 15 seconds left.
|
|t:|1750851498
|switch|p1a: Miraidon|Miraidon, L50|100/100
|-activate|p1a: Miraidon|ability: Hadron Engine
|move|p2a: Zamazenta|Body Press|p1a: Miraidon
|-damage|p1a: Miraidon|21/100
|move|p2b: Ogerpon|Wood Hammer|p1b: Calyrex
|-supereffective|p1b: Calyrex
|-damage|p1b: Calyrex|27/100
|-damage|p2b: Ogerpon|78/100|[from] Recoil
|move|p1b: Calyrex|Glacial Lance|p2b: Ogerpon|[spread] p2a,p2b
|-resisted|p2a: Zamazenta
|-damage|p2a: Zamazenta|3/100
|-damage|p2b: Ogerpon|13/100
|
|-weather|Snowscape|[upkeep]
|upkeep
|turn|4
|inactive|5am Hails has 30 seconds left.
|inactive|paranoid deer has 30 seconds left.
|inactive|5am Hails has 20 seconds left.
|inactive|paranoid deer has 20 seconds left.
|
|t:|1750851537
|move|p2b: Ogerpon|Spiky Shield|p2b: Ogerpon
|-singleturn|p2b: Ogerpon|move: Protect
|move|p1a: Miraidon|Dazzling Gleam|p2a: Zamazenta|[spread] p2a
|-activate|p2b: Ogerpon|move: Protect
|-damage|p2a: Zamazenta|0 fnt
|faint|p2a: Zamazenta
|move|p1b: Calyrex|Glacial Lance|p2b: Ogerpon
|-activate|p2b: Ogerpon|move: Protect
|
|-weather|Snowscape|[upkeep]
|upkeep
|
|t:|1750851545
|switch|p2a: Calyrex|Calyrex-Shadow, L50|100/100
|-ability|p2a: Calyrex|As One
|-ability|p2a: Calyrex|Unnerve
|turn|5
|
|t:|1750851562
|switch|p1a: Incineroar|Incineroar, L50, F|88/100
|-ability|p1a: Incineroar|Intimidate|boost
|-unboost|p2a: Calyrex|atk|1
|-unboost|p2b: Ogerpon|atk|1
|move|p1b: Calyrex|Protect|p1b: Calyrex
|-singleturn|p1b: Calyrex|Protect
|move|p2a: Calyrex|Astral Barrage|p1a: Incineroar|[spread] p1a
|-activate|p1b: Calyrex|move: Protect
|-resisted|p1a: Incineroar
|-crit|p1a: Incineroar
|-damage|p1a: Incineroar|57/100
|-damage|p2a: Calyrex|91/100|[from] item: Life Orb
|move|p2b: Ogerpon|Wood Hammer|p1b: Calyrex
|-activate|p1b: Calyrex|move: Protect
|
|-weather|none
|-fieldend|move: Electric Terrain
|upkeep
|turn|6
|inactive|5am Hails has 30 seconds left.
|inactive|5am Hails has 20 seconds left.
|inactive|paranoid deer has 30 seconds left.
|inactive|paranoid deer has 20 seconds left.
|inactive|paranoid deer has 15 seconds left.
|inactive|paranoid deer has 10 seconds left.
|
|t:|1750851626
|switch|p1b: Ninetales|Ninetales-Alola, L50, F, shiny|100/100
|-weather|Snowscape|[from] ability: Snow Warning|[of] p1b: Ninetales
|move|p2b: Ogerpon|Spiky Shield|p2b: Ogerpon
|-singleturn|p2b: Ogerpon|move: Protect
|move|p2a: Calyrex|Astral Barrage|p1a: Incineroar|[spread] p1a,p1b
|-resisted|p1a: Incineroar
|-damage|p1a: Incineroar|37/100
|-damage|p1b: Ninetales|30/100
|-damage|p2a: Calyrex|81/100|[from] item: Life Orb
|move|p1a: Incineroar|Knock Off|p2a: Calyrex
|-supereffective|p2a: Calyrex
|-damage|p2a: Calyrex|0 fnt
|-enditem|p2a: Calyrex|Life Orb|[from] move: Knock Off|[of] p1a: Incineroar
|faint|p2a: Calyrex
|
|-weather|Snowscape|[upkeep]
|upkeep
|
|t:|1750851639
|switch|p2a: Urshifu|Urshifu-Rapid-Strike, L50, F|100/100
|turn|7
|inactive|paranoid deer has 30 seconds left.
|
|t:|1750851665
|-terastallize|p2a: Urshifu|Water
|move|p1b: Ninetales|Encore|p2b: Ogerpon
|-start|p2b: Ogerpon|Encore
|move|p2a: Urshifu|Surging Strikes|p1a: Incineroar
|-supereffective|p1a: Incineroar
|-crit|p1a: Incineroar
|-damage|p1a: Incineroar|0 fnt
|faint|p1a: Incineroar
|-hitcount|p1: Incineroar|1
|move|p2b: Ogerpon|Spiky Shield||[still]
|-fail|p2b: Ogerpon
|
|-weather|Snowscape|[upkeep]
|upkeep
|
|t:|1750851679
|switch|p1a: Miraidon|Miraidon, L50|21/100
|-fieldstart|move: Electric Terrain|[from] ability: Hadron Engine|[of] p1a: Miraidon
|turn|8
|
|t:|1750851697
|move|p2b: Ogerpon|Spiky Shield|p2b: Ogerpon
|-singleturn|p2b: Ogerpon|move: Protect
|move|p1a: Miraidon|Electro Drift|p2a: Urshifu
|-supereffective|p2a: Urshifu
|-enditem|p2a: Urshifu|Focus Sash
|-damage|p2a: Urshifu|1/100
|move|p1b: Ninetales|Moonblast|p2a: Urshifu
|-damage|p2a: Urshifu|0 fnt
|faint|p2a: Urshifu
|
|-weather|Snowscape|[upkeep]
|upkeep
|turn|9
|-message|paranoid deer forfeited.
|
|win|5am Hails
|raw|5am Hails's rating: 1101 &rarr; <strong>1129</strong><br />(+28 for winning)
|raw|paranoid deer's rating: 1149 &rarr; <strong>1121</strong><br />(-28 for losing)
|l|☆paranoid deer
|player|p2|
|c|☆5am Hails|gg
