|j|☆RaidenVGC7
|j|☆cjjsir
|t:|1750863720
|gametype|doubles
|player|p1|RaidenVGC7|266|1600
|player|p2|cjjsir|101|1631
|teamsize|p1|6
|teamsize|p2|6
|gen|9
|tier|[Gen 9] VGC 2025 Reg I
|rated|
|rule|Species Clause: Limit one of each Pokémon
|rule|Item Clause: Limit 1 of each item
|clearpoke
|poke|p1|Calyrex-Ice, L50|
|poke|p1|Miraidon, L50|
|poke|p1|Drowzee, L50, M|
|poke|p1|Iron Hands, L50|
|poke|p1|Urshifu-*, L50, F|
|poke|p1|Incineroar, L50, M|
|poke|p2|Grimmsnarl, L50, M|
|poke|p2|Gallade, L50, M|
|poke|p2|Metagross, L50|
|poke|p2|Lunala, L50|
|poke|p2|Amoonguss, L50, M|
|poke|p2|Calyrex-Ice, L50|
|teampreview|4
|inactive|Battle timer is ON: inactive players will automatically lose when time's up. (requested by RaidenVGC7)
|inactive|RaidenVGC7 has 60 seconds left.
|
|t:|1750863762
|start
|switch|p1a: Miraidon|Miraidon, L50|100/100
|switch|p1b: Urshifu|Urshifu-Rapid-Strike, L50, F|100/100
|switch|p2a: Grimmsnarl|Grimmsnarl, L50, M|100/100
|switch|p2b: Lunala|Lunala, L50|100/100
|-fieldstart|move: Electric Terrain|[from] ability: Hadron Engine|[of] p1a: Miraidon
|turn|1
|inactive|RaidenVGC7 has 30 seconds left.
|inactive|RaidenVGC7 has 20 seconds left.
|inactive|RaidenVGC7 has 15 seconds left.
|inactive|RaidenVGC7 has 10 seconds left.
|inactive|RaidenVGC7 has 5 seconds left.
|
|t:|1750863812
|move|p2a: Grimmsnarl|Light Screen|p2a: Grimmsnarl
|-sidestart|p2: cjjsir|move: Light Screen
|move|p1b: Urshifu|Surging Strikes|p2a: Grimmsnarl
|-crit|p2a: Grimmsnarl
|-damage|p2a: Grimmsnarl|72/100
|-crit|p2a: Grimmsnarl
|-damage|p2a: Grimmsnarl|43/100
|-crit|p2a: Grimmsnarl
|-damage|p2a: Grimmsnarl|16/100
|-hitcount|p2a: Grimmsnarl|3
|move|p1a: Miraidon|Dazzling Gleam|p2b: Lunala|[spread] p2a,p2b
|-supereffective|p2a: Grimmsnarl
|-damage|p2a: Grimmsnarl|0 fnt
|-damage|p2b: Lunala|90/100
|faint|p2a: Grimmsnarl
|move|p2b: Lunala|Meteor Beam||[still]
|-prepare|p2b: Lunala|Meteor Beam
|-boost|p2b: Lunala|spa|1
|-enditem|p2b: Lunala|Power Herb
|-anim|p2b: Lunala|Meteor Beam|p1a: Miraidon
|-damage|p1a: Miraidon|48/100
|
|upkeep
|
|t:|1750863821
|switch|p2a: Calyrex|Calyrex-Ice, L50|100/100
|-ability|p2a: Calyrex|As One
|-ability|p2a: Calyrex|Unnerve
|turn|2
|inactive|RaidenVGC7 has 30 seconds left.
|inactive|RaidenVGC7 has 20 seconds left.
|inactive|RaidenVGC7 has 15 seconds left.
|
|t:|1750863862
|switch|p1a: Incineroar|Incineroar, L50, M|100/100
|-ability|p1a: Incineroar|Intimidate|boost
|-unboost|p2a: Calyrex|atk|1
|-unboost|p2b: Lunala|atk|1
|move|p1b: Urshifu|Surging Strikes|p2a: Calyrex
|-crit|p2a: Calyrex
|-damage|p2a: Calyrex|87/100
|-crit|p2a: Calyrex
|-damage|p2a: Calyrex|73/100
|-crit|p2a: Calyrex
|-damage|p2a: Calyrex|60/100
|-hitcount|p2a: Calyrex|3
|move|p2b: Lunala|Moonblast|p1b: Urshifu
|-supereffective|p1b: Urshifu
|-damage|p1b: Urshifu|0 fnt
|faint|p1b: Urshifu
|move|p2a: Calyrex|Glacial Lance|p1a: Incineroar
|-resisted|p1a: Incineroar
|-damage|p1a: Incineroar|81/100
|
|upkeep
|
|t:|1750863885
|switch|p1b: Miraidon|Miraidon, L50|48/100
|-activate|p1b: Miraidon|ability: Hadron Engine
|turn|3
|
|t:|1750863906
|move|p1a: Incineroar|Fake Out|p2a: Calyrex
|-damage|p2a: Calyrex|54/100
|move|p1b: Miraidon|Electro Drift|p2b: Lunala
|-damage|p2b: Lunala|21/100
|move|p2b: Lunala|Moonblast|p1b: Miraidon
|-supereffective|p1b: Miraidon
|-damage|p1b: Miraidon|0 fnt
|faint|p1b: Miraidon
|cant|p2a: Calyrex|flinch
|
|upkeep
|
|t:|1750863919
|switch|p1b: Calyrex|Calyrex-Ice, L50|100/100
|-ability|p1b: Calyrex|As One
|-ability|p1b: Calyrex|Unnerve
|turn|4
|inactive|RaidenVGC7 has 30 seconds left.
|inactive|RaidenVGC7 has 20 seconds left.
|inactive|RaidenVGC7 has 15 seconds left.
|inactive|RaidenVGC7 has 10 seconds left.
|inactive|RaidenVGC7 has 5 seconds left.
|
|t:|1750863971
|-terastallize|p1b: Calyrex|Dragon
|-terastallize|p2a: Calyrex|Water
|move|p2b: Lunala|Moonblast|p1a: Incineroar
|-damage|p1a: Incineroar|30/100
|move|p1a: Incineroar|Knock Off|p2a: Calyrex
|-damage|p2a: Calyrex|32/100
|-enditem|p2a: Calyrex|Safety Goggles|[from] move: Knock Off|[of] p1a: Incineroar
|move|p1b: Calyrex|Glacial Lance|p2b: Lunala|[spread] p2a,p2b
|-resisted|p2a: Calyrex
|-crit|p2b: Lunala
|-damage|p2a: Calyrex|13/100
|-damage|p2b: Lunala|0 fnt
|faint|p2b: Lunala
|-ability|p1b: Calyrex|Chilling Neigh|boost
|-boost|p1b: Calyrex|atk|1
|move|p2a: Calyrex|Leech Seed|p1b: Calyrex
|-start|p1b: Calyrex|move: Leech Seed
|
|-damage|p1b: Calyrex|88/100|[from] Leech Seed|[of] p2a: Calyrex
|-heal|p2a: Calyrex|25/100|[silent]
|upkeep
|
|t:|1750863990
|switch|p2b: Gallade|Gallade, L50, M|100/100
|turn|5
|
|t:|1750864012
|move|p2b: Gallade|Sacred Sword|p1a: Incineroar
|-supereffective|p1a: Incineroar
|-damage|p1a: Incineroar|0 fnt
|faint|p1a: Incineroar
|move|p2a: Calyrex|Glacial Lance|p1b: Calyrex
|-supereffective|p1b: Calyrex
|-damage|p1b: Calyrex|24/100
|move|p1b: Calyrex|High Horsepower|p2b: Gallade
|-enditem|p2b: Gallade|Focus Sash
|-damage|p2b: Gallade|1/100
|
|-damage|p1b: Calyrex|12/100|[from] Leech Seed|[of] p2a: Calyrex
|-heal|p2a: Calyrex|37/100|[silent]
|-sideend|p2: cjjsir|move: Light Screen
|-fieldend|move: Electric Terrain
|upkeep
|turn|6
|-message|RaidenVGC7 forfeited.
|
|win|cjjsir
|raw|RaidenVGC7's rating: 1600 &rarr; <strong>1582</strong><br />(-18 for losing)
|raw|cjjsir's rating: 1631 &rarr; <strong>1649</strong><br />(+18 for winning)
|l|☆RaidenVGC7
|player|p1|
|l|☆cjjsir
|player|p2|
