|j|☆Muniizzzz
|j|☆Markiito18
|t:|1750870806
|gametype|doubles
|player|p1|Muniizzzz|n|1157
|player|p2|Markiito18|1|1210
|teamsize|p1|6
|teamsize|p2|6
|gen|9
|tier|[Gen 9] VGC 2025 Reg I
|rated|
|rule|Species Clause: Limit one of each Pokémon
|rule|Item Clause: Limit 1 of each item
|clearpoke
|poke|p1|Calyrex-Shadow, L50|
|poke|p1|Miraidon, L50|
|poke|p1|Tornadus, L50, M|
|poke|p1|Incineroar, L50, F|
|poke|p1|Indeedee-F, L50, F|
|poke|p1|Amoonguss, L50, F|
|poke|p2|Lunala, L50|
|poke|p2|Indeedee-F, L50, F|
|poke|p2|Zamazenta-*, L50|
|poke|p2|Garganacl, L50, F|
|poke|p2|Ursaluna-Bloodmoon, L50, M|
|poke|p2|Ting-Lu, L50|
|teampreview|4
|inactive|Battle timer is ON: inactive players will automatically lose when time's up. (requested by Muniizzzz)
|inactive|Markiito18 has 60 seconds left.
|inactive|Muniizzzz has 60 seconds left.
|inactive|Markiito18 has 30 seconds left.
|inactive|Markiito18 has 20 seconds left.
|inactive|Markiito18 has 15 seconds left.
|inactive|Markiito18 has 10 seconds left.
|inactive|Markiito18 has 5 seconds left.
|
|t:|1750870896
|start
|switch|p1a: Amoonguss|Amoonguss, L50, F|100/100
|switch|p1b: Incineroar|Incineroar, L50, F|100/100
|switch|p2a: Lunala|Lunala, L50, shiny|100/100
|switch|p2b: Indeedee|Indeedee-F, L50, F, shiny|100/100
|-fieldstart|move: Psychic Terrain|[from] ability: Psychic Surge|[of] p2b: Indeedee
|-ability|p1b: Incineroar|Intimidate|boost
|-unboost|p2a: Lunala|atk|1
|-unboost|p2b: Indeedee|atk|1
|turn|1
|inactive|Muniizzzz has 30 seconds left.
|inactive|Markiito18 has 30 seconds left.
|inactive|Markiito18 has 20 seconds left.
|inactive|Markiito18 has 15 seconds left.
|inactive|Markiito18 has 10 seconds left.
|inactive|Markiito18 has 5 seconds left.
|
|t:|1750870949
|move|p2b: Indeedee|Follow Me|p2b: Indeedee
|-singleturn|p2b: Indeedee|move: Follow Me
|move|p2a: Lunala|Meteor Beam||[still]
|-prepare|p2a: Lunala|Meteor Beam
|-boost|p2a: Lunala|spa|1
|-enditem|p2a: Lunala|Power Herb
|-anim|p2a: Lunala|Meteor Beam|p1b: Incineroar|[miss]
|-miss|p2a: Lunala|p1b: Incineroar
|move|p1b: Incineroar|Knock Off|p2b: Indeedee
|-supereffective|p2b: Indeedee
|-damage|p2b: Indeedee|23/100
|-damage|p1b: Incineroar|84/100|[from] item: Rocky Helmet|[of] p2b: Indeedee
|-enditem|p2b: Indeedee|Rocky Helmet|[from] move: Knock Off|[of] p1b: Incineroar
|move|p1a: Amoonguss|Spore|p2b: Indeedee
|-status|p2b: Indeedee|slp|[from] move: Spore
|
|upkeep
|turn|2
|inactive|Muniizzzz has 30 seconds left.
|inactive|Markiito18 has 30 seconds left.
|inactive|Markiito18 has 20 seconds left.
|
|t:|1750870986
|switch|p2b: Garganacl|Garganacl, L50, F, shiny|100/100
|move|p1a: Amoonguss|Protect|p1a: Amoonguss
|-singleturn|p1a: Amoonguss|Protect
|move|p2a: Lunala|Meteor Beam||[still]
|-prepare|p2a: Lunala|Meteor Beam
|-boost|p2a: Lunala|spa|1
|move|p1b: Incineroar|Knock Off|p2a: Lunala
|-supereffective|p2a: Lunala
|-damage|p2a: Lunala|60/100
|
|upkeep
|turn|3
|inactive|Markiito18 has 30 seconds left.
|inactive|Markiito18 has 20 seconds left.
|inactive|Markiito18 has 15 seconds left.
|inactive|Markiito18 has 10 seconds left.
|inactive|Markiito18 has 5 seconds left.
|
|t:|1750871041
|move|p2a: Lunala|Meteor Beam|p1b: Incineroar|[from] lockedmove
|-supereffective|p1b: Incineroar
|-damage|p1b: Incineroar|0 fnt
|faint|p1b: Incineroar
|move|p2b: Garganacl|Salt Cure|p1a: Amoonguss
|-damage|p1a: Amoonguss|86/100
|-start|p1a: Amoonguss|Salt Cure
|move|p1a: Amoonguss|Spore|p2b: Garganacl
|-immune|p2b: Garganacl|[from] ability: Purifying Salt
|
|-damage|p1a: Amoonguss|74/100|[from] Salt Cure
|upkeep
|
|t:|1750871055
|switch|p1b: Calyrex|Calyrex-Shadow, L50|100/100
|-ability|p1b: Calyrex|As One
|-ability|p1b: Calyrex|Unnerve
|turn|4
|inactive|Markiito18 has 30 seconds left.
|
|t:|1750871083
|-terastallize|p1b: Calyrex|Ghost
|-terastallize|p2a: Lunala|Fairy
|move|p2b: Garganacl|Wide Guard|p2b: Garganacl
|-singleturn|p2b: Garganacl|Wide Guard
|move|p1a: Amoonguss|Rage Powder|p1a: Amoonguss
|-singleturn|p1a: Amoonguss|move: Rage Powder
|move|p1b: Calyrex|Astral Barrage|p2b: Garganacl|[spread] 
|-activate|p2a: Lunala|move: Wide Guard
|-activate|p2b: Garganacl|move: Wide Guard
|move|p2a: Lunala|Moongeist Beam|p1a: Amoonguss
|-crit|p1a: Amoonguss
|-damage|p1a: Amoonguss|0 fnt
|faint|p1a: Amoonguss
|
|upkeep
|
|t:|1750871092
|switch|p1a: Indeedee|Indeedee-F, L50, F|100/100
|-enditem|p1a: Indeedee|Psychic Seed
|-boost|p1a: Indeedee|spd|1|[from] item: Psychic Seed
|turn|5
|
|t:|1750871113
|move|p2b: Garganacl|Wide Guard|p2b: Garganacl
|-singleturn|p2b: Garganacl|Wide Guard
|move|p1a: Indeedee|Follow Me|p1a: Indeedee
|-singleturn|p1a: Indeedee|move: Follow Me
|move|p1b: Calyrex|Psychic|p2a: Lunala
|-damage|p2a: Lunala|0 fnt
|faint|p2a: Lunala
|-ability|p1b: Calyrex|Grim Neigh|boost
|-boost|p1b: Calyrex|spa|1
|-damage|p1b: Calyrex|91/100|[from] item: Life Orb
|
|-fieldend|move: Psychic Terrain
|upkeep
|
|t:|1750871131
|switch|p2a: Zamazenta|Zamazenta-Crowned, L50, shiny|100/100
|-ability|p2a: Zamazenta|Dauntless Shield|boost
|-boost|p2a: Zamazenta|def|1
|turn|6
|inactive|Muniizzzz has 30 seconds left.
|
|t:|1750871160
|move|p1a: Indeedee|Follow Me|p1a: Indeedee
|-singleturn|p1a: Indeedee|move: Follow Me
|move|p1b: Calyrex|Psychic|p2b: Garganacl
|-damage|p2b: Garganacl|14/100
|-damage|p1b: Calyrex|81/100|[from] item: Life Orb
|move|p2a: Zamazenta|Body Press|p1a: Indeedee
|-damage|p1a: Indeedee|37/100
|move|p2b: Garganacl|Salt Cure|p1a: Indeedee
|-damage|p1a: Indeedee|22/100
|-start|p1a: Indeedee|Salt Cure
|
|-heal|p2b: Garganacl|20/100|[from] item: Leftovers
|-damage|p1a: Indeedee|10/100|[from] Salt Cure
|upkeep
|turn|7
|
|t:|1750871176
|move|p2a: Zamazenta|Protect|p2a: Zamazenta
|-singleturn|p2a: Zamazenta|Protect
|move|p2b: Garganacl|Protect|p2b: Garganacl
|-singleturn|p2b: Garganacl|Protect
|move|p1a: Indeedee|Follow Me|p1a: Indeedee
|-singleturn|p1a: Indeedee|move: Follow Me
|move|p1b: Calyrex|Psychic|p2b: Garganacl
|-activate|p2b: Garganacl|move: Protect
|
|-heal|p2b: Garganacl|26/100|[from] item: Leftovers
|-damage|p1a: Indeedee|0 fnt|[from] Salt Cure
|faint|p1a: Indeedee
|upkeep
|turn|8
|
|t:|1750871197
|move|p1b: Calyrex|Psychic|p2b: Garganacl
|-damage|p2b: Garganacl|0 fnt
|faint|p2b: Garganacl
|-ability|p1b: Calyrex|Grim Neigh|boost
|-boost|p1b: Calyrex|spa|1
|-damage|p1b: Calyrex|72/100|[from] item: Life Orb
|move|p2a: Zamazenta|Heavy Slam|p1b: Calyrex
|-damage|p1b: Calyrex|14/100
|
|upkeep
|
|t:|1750871205
|switch|p2b: Indeedee|Indeedee-F, L50, F, shiny|23/100 slp
|-fieldstart|move: Psychic Terrain|[from] ability: Psychic Surge|[of] p2b: Indeedee
|turn|9
|
|t:|1750871223
|move|p1b: Calyrex|Astral Barrage|p2b: Indeedee|[spread] p2a
|-immune|p2b: Indeedee
|-damage|p2a: Zamazenta|0 fnt
|faint|p2a: Zamazenta
|-ability|p1b: Calyrex|Grim Neigh|boost
|-boost|p1b: Calyrex|spa|1
|-damage|p1b: Calyrex|4/100|[from] item: Life Orb
|cant|p2b: Indeedee|slp
|
|upkeep
|turn|10
|
|t:|1750871237
|move|p1b: Calyrex|Astral Barrage|p2b: Indeedee
|-immune|p2b: Indeedee
|-curestatus|p2b: Indeedee|slp|[msg]
|move|p2b: Indeedee|Psychic|p1b: Calyrex
|-damage|p1b: Calyrex|0 fnt
|faint|p1b: Calyrex
|
|win|Markiito18
|raw|Muniizzzz's rating: 1157 &rarr; <strong>1136</strong><br />(-21 for losing)
|raw|Markiito18's rating: 1210 &rarr; <strong>1231</strong><br />(+21 for winning)
|l|☆Muniizzzz
|player|p1|
