|j|☆What The Groudon
|j|☆ttars
|t:|1750830333
|gametype|doubles
|player|p1|What The Groudon|acerola-masters2|1581
|player|p2|ttars|pokemaniac|1477
|teamsize|p1|6
|teamsize|p2|6
|gen|9
|tier|[Gen 9] VGC 2025 Reg I
|rated|
|rule|Species Clause: Limit one of each Pokémon
|rule|Item Clause: Limit 1 of each item
|clearpoke
|poke|p1|Groudon, L50|
|poke|p1|Miraidon, L50|
|poke|p1|Entei, L50|
|poke|p1|Whimsicott, L50, F|
|poke|p1|Urshifu-*, L50, F|
|poke|p1|Volcarona, L50, M|
|poke|p2|Ditto, L50|
|poke|p2|Incineroar, L50, F|
|poke|p2|Ursaluna, L50, F|
|poke|p2|Miraidon, L50|
|poke|p2|Calyrex-Ice, L50|
|poke|p2|Grimmsnarl, L50, M|
|teampreview|4
|inactive|Battle timer is ON: inactive players will automatically lose when time's up. (requested by What The Groudon)
|inactive|ttars has 60 seconds left.
|j| bcvhbe35654
|inactive|ttars has 30 seconds left.
|
|t:|1750830395
|start
|switch|p1a: Groudon|Groudon, L50|100/100
|switch|p1b: Entei|Entei, L50|100/100
|switch|p2a: Incineroar|Incineroar, L50, F|100/100
|switch|p2b: Calyrex|Calyrex-Ice, L50|100/100
|-ability|p2b: Calyrex|As One
|-ability|p2b: Calyrex|Unnerve
|-weather|SunnyDay|[from] ability: Drought|[of] p1a: Groudon
|-ability|p2a: Incineroar|Intimidate|boost
|-fail|p1a: Groudon|unboost|[from] item: Clear Amulet|[of] p1a: Groudon
|-fail|p1b: Entei|unboost|Attack|[from] ability: Inner Focus|[of] p1b: Entei
|turn|1
|inactive|ttars has 30 seconds left.
|inactive|ttars has 20 seconds left.
|inactive|ttars has 15 seconds left.
|
|t:|1750830436
|-terastallize|p1b: Entei|Fire
|-terastallize|p2b: Calyrex|Normal
|move|p1a: Groudon|Helping Hand|p1b: Entei
|-singleturn|p1b: Entei|Helping Hand|[of] p1a: Groudon
|move|p2a: Incineroar|Fake Out|p1b: Entei
|-damage|p1b: Entei|90/100
|move|p1b: Entei|Eruption|p2a: Incineroar|[spread] p2a,p2b
|-resisted|p2a: Incineroar
|-damage|p2a: Incineroar|44/100
|-damage|p2b: Calyrex|21/100
|move|p2b: Calyrex|Trick Room|p2b: Calyrex
|-fieldstart|move: Trick Room|[of] p2b: Calyrex
|
|-weather|SunnyDay|[upkeep]
|-heal|p2b: Calyrex|27/100|[from] item: Leftovers
|upkeep
|turn|2
|inactive|ttars has 30 seconds left.
|inactive|ttars has 20 seconds left.
|inactive|ttars has 15 seconds left.
|inactive|ttars has 10 seconds left.
|
|t:|1750830485
|switch|p1a: Volcarona|Volcarona, L50, M|100/100
|move|p2b: Calyrex|Glacial Lance|p1b: Entei|[spread] p1a,p1b
|-resisted|p1a: Volcarona
|-resisted|p1b: Entei
|-damage|p1a: Volcarona|71/100
|-damage|p1b: Entei|61/100
|move|p2a: Incineroar|Parting Shot|p1b: Entei
|-unboost|p1b: Entei|atk|1
|-unboost|p1b: Entei|spa|1
|
|t:|1750830496
|switch|p2a: Miraidon|Miraidon, L50|100/100|[from] Parting Shot
|-fieldstart|move: Electric Terrain|[from] ability: Hadron Engine|[of] p2a: Miraidon
|-enditem|p1a: Volcarona|Electric Seed
|-boost|p1a: Volcarona|def|1|[from] item: Electric Seed
|move|p1b: Entei|Eruption|p2b: Calyrex|[spread] p2a,p2b
|-resisted|p2a: Miraidon
|-damage|p2a: Miraidon|86/100
|-damage|p2b: Calyrex|2/100
|
|-weather|SunnyDay|[upkeep]
|-heal|p2b: Calyrex|8/100|[from] item: Leftovers
|upkeep
|turn|3
|inactive|ttars has 30 seconds left.
|inactive|ttars has 20 seconds left.
|inactive|ttars has 15 seconds left.
|inactive|ttars has 10 seconds left.
|
|t:|1750830545
|move|p2b: Calyrex|Glacial Lance|p1b: Entei|[spread] p1a,p1b
|-resisted|p1a: Volcarona
|-crit|p1a: Volcarona
|-resisted|p1b: Entei
|-crit|p1b: Entei
|-damage|p1a: Volcarona|22/100
|-damage|p1b: Entei|20/100
|move|p1a: Volcarona|Struggle Bug|p2b: Calyrex|[spread] p2a,p2b
|-damage|p2a: Miraidon|75/100
|-damage|p2b: Calyrex|0 fnt
|-unboost|p2a: Miraidon|spa|1
|faint|p2b: Calyrex
|move|p2a: Miraidon|Electro Drift|p1a: Volcarona
|-damage|p1a: Volcarona|0 fnt
|faint|p1a: Volcarona
|move|p1b: Entei|Eruption|p2a: Miraidon
|-resisted|p2a: Miraidon
|-damage|p2a: Miraidon|69/100
|
|-weather|SunnyDay|[upkeep]
|upkeep
|
|t:|1750830563
|switch|p2b: Ursaluna|Ursaluna, L50, F|100/100
|switch|p1a: Groudon|Groudon, L50|100/100
|turn|4
|inactive|ttars has 30 seconds left.
|inactive|ttars has 20 seconds left.
|inactive|ttars has 15 seconds left.
|inactive|ttars has 10 seconds left.
|inactive|ttars has 5 seconds left.
|
|t:|1750830615
|switch|p2a: Incineroar|Incineroar, L50, F|44/100
|-ability|p2a: Incineroar|Intimidate|boost
|-fail|p1a: Groudon|unboost|[from] item: Clear Amulet|[of] p1a: Groudon
|-fail|p1b: Entei|unboost|Attack|[from] ability: Inner Focus|[of] p1b: Entei
|switch|p1b: Miraidon|Miraidon, L50|100/100
|-activate|p1b: Miraidon|ability: Hadron Engine
|move|p2b: Ursaluna|Headlong Rush|p1a: Groudon
|-damage|p1a: Groudon|58/100
|-unboost|p2b: Ursaluna|def|1
|-unboost|p2b: Ursaluna|spd|1
|move|p1a: Groudon|Precipice Blades|p2a: Incineroar|[spread] p2a
|-miss|p1a: Groudon|p2b: Ursaluna
|-supereffective|p2a: Incineroar
|-damage|p2a: Incineroar|0 fnt
|faint|p2a: Incineroar
|
|-weather|SunnyDay|[upkeep]
|-status|p2b: Ursaluna|brn|[from] item: Flame Orb
|upkeep
|
|t:|1750830635
|switch|p2a: Miraidon|Miraidon, L50|69/100
|-activate|p2a: Miraidon|ability: Hadron Engine
|turn|5
|inactive|ttars has 30 seconds left.
|inactive|ttars has 20 seconds left.
|inactive|ttars has 15 seconds left.
|inactive|What The Groudon has 30 seconds left.
|inactive|ttars has 10 seconds left.
|
|t:|1750830683
|move|p2b: Ursaluna|Facade|p1b: Miraidon
|-damage|p1b: Miraidon|5/100
|move|p1a: Groudon|Precipice Blades|p2b: Ursaluna|[spread] p2a,p2b
|-supereffective|p2a: Miraidon
|-damage|p2a: Miraidon|0 fnt
|-damage|p2b: Ursaluna|44/100 brn
|faint|p2a: Miraidon
|move|p1b: Miraidon|Dazzling Gleam|p2b: Ursaluna
|-damage|p2b: Ursaluna|0 fnt
|faint|p2b: Ursaluna
|
|win|What The Groudon
|raw|What The Groudon's rating: 1581 &rarr; <strong>1595</strong><br />(+14 for winning)
|raw|ttars's rating: 1477 &rarr; <strong>1463</strong><br />(-14 for losing)
|l|☆What The Groudon
|player|p1|
|l|☆ttars
|player|p2|
