|j|☆eldrixx007
|j|☆consider serpents
|t:|1750712610
|gametype|doubles
|player|p1|eldrixx007|blue|1306
|player|p2|consider serpents|102|1310
|teamsize|p1|6
|teamsize|p2|6
|gen|9
|tier|[Gen 9] VGC 2025 Reg I
|rated|
|rule|Species Clause: Limit one of each Pokémon
|rule|Item Clause: Limit 1 of each item
|clearpoke
|poke|p1|Incineroar, L50, F|
|poke|p1|Raging Bolt, L50|
|poke|p1|Koraidon, L50|
|poke|p1|Metagross, L50|
|poke|p1|Calyrex-Shadow, L50|
|poke|p1|Gastrodon, L50, M|
|poke|p2|Miraidon, L50|
|poke|p2|Zamazenta-*, L50|
|poke|p2|Volcarona, L50, M|
|poke|p2|Rillaboom, L50, F|
|poke|p2|Ogerpon, L50, F|
|poke|p2|Chien-Pao, L50|
|teampreview|4
|
|t:|1750712645
|start
|switch|p1a: Koraidon|Koraidon, L50|100/100
|switch|p1b: Metagross|Metagross, L50|100/100
|switch|p2a: Ogerpon|Ogerpon, L50, F|100/100
|switch|p2b: Chien-Pao|Chien-Pao, L50|100/100
|-ability|p2b: Chien-Pao|Sword of Ruin
|-weather|SunnyDay|[from] ability: Orichalcum Pulse|[of] p1a: Koraidon
|-activate|p1a: Koraidon|Orichalcum Pulse|[source]
|turn|1
|inactive|Battle timer is ON: inactive players will automatically lose when time's up. (requested by eldrixx007)
|
|t:|1750712683
|move|p1a: Koraidon|Protect|p1a: Koraidon
|-singleturn|p1a: Koraidon|Protect
|move|p2a: Ogerpon|Spiky Shield|p2a: Ogerpon
|-singleturn|p2a: Ogerpon|move: Protect
|move|p2b: Chien-Pao|Icicle Crash|p1a: Koraidon
|-activate|p1a: Koraidon|move: Protect
|move|p1b: Metagross|Explosion|p2a: Ogerpon|[spread] p2b
|-activate|p1a: Koraidon|move: Protect
|-activate|p2a: Ogerpon|move: Protect
|-enditem|p2b: Chien-Pao|Focus Sash
|-damage|p2b: Chien-Pao|1/100
|faint|p1b: Metagross
|
|-weather|SunnyDay|[upkeep]
|upkeep
|
|t:|1750712699
|switch|p1b: Calyrex|Calyrex-Shadow, L50|100/100
|-ability|p1b: Calyrex|As One
|-ability|p1b: Calyrex|Unnerve
|turn|2
|
|t:|1750712708
|-terastallize|p2a: Ogerpon|Grass
|detailschange|p2a: Ogerpon|Ogerpon-Teal-Tera, L50, F, tera:Grass
|-ability|p2a: Ogerpon|Embody Aspect (Teal)|boost
|-boost|p2a: Ogerpon|spe|1
|move|p2b: Chien-Pao|Sucker Punch|p1b: Calyrex
|-supereffective|p1b: Calyrex
|-enditem|p1b: Calyrex|Focus Sash
|-damage|p1b: Calyrex|1/100
|move|p2a: Ogerpon|Encore|p1a: Koraidon
|-start|p1a: Koraidon|Encore
|move|p1b: Calyrex|Astral Barrage|p2b: Chien-Pao|[spread] p2a,p2b
|-resisted|p2b: Chien-Pao
|-damage|p2a: Ogerpon|37/100
|-damage|p2b: Chien-Pao|0 fnt
|faint|p2b: Chien-Pao
|-ability|p1b: Calyrex|Grim Neigh|boost
|-boost|p1b: Calyrex|spa|1
|move|p1a: Koraidon|Protect||[still]
|-fail|p1a: Koraidon
|
|-weather|SunnyDay|[upkeep]
|upkeep
|
|t:|1750712731
|switch|p2b: Miraidon|Miraidon, L50|100/100
|-fieldstart|move: Electric Terrain|[from] ability: Hadron Engine|[of] p2b: Miraidon
|turn|3
|inactive|eldrixx007 has 30 seconds left.
|
|t:|1750712758
|switch|p1a: Raging Bolt|Raging Bolt, L50|100/100
|-activate|p1a: Raging Bolt|ability: Protosynthesis
|-start|p1a: Raging Bolt|protosynthesisspa
|move|p2b: Miraidon|Snarl|p1a: Raging Bolt|[spread] p1a,p1b
|-crit|p1a: Raging Bolt
|-supereffective|p1b: Calyrex
|-damage|p1a: Raging Bolt|83/100
|-damage|p1b: Calyrex|0 fnt
|-unboost|p1a: Raging Bolt|spa|1
|faint|p1b: Calyrex
|move|p2a: Ogerpon|Ivy Cudgel|p1a: Raging Bolt
|-resisted|p1a: Raging Bolt
|-damage|p1a: Raging Bolt|54/100
|
|-weather|SunnyDay|[upkeep]
|upkeep
|
|t:|1750712768
|switch|p1b: Koraidon|Koraidon, L50|100/100
|-activate|p1b: Koraidon|ability: Orichalcum Pulse
|turn|4
|
|t:|1750712784
|switch|p2b: Zamazenta|Zamazenta-Crowned, L50|100/100
|-ability|p2b: Zamazenta|Dauntless Shield|boost
|-boost|p2b: Zamazenta|def|1
|-terastallize|p1b: Koraidon|Fire
|move|p2a: Ogerpon|Spiky Shield|p2a: Ogerpon
|-singleturn|p2a: Ogerpon|move: Protect
|move|p1b: Koraidon|Dragon Claw|p2b: Zamazenta
|-resisted|p2b: Zamazenta
|-damage|p2b: Zamazenta|85/100
|-damage|p1b: Koraidon|91/100|[from] item: Life Orb
|move|p1a: Raging Bolt|Draco Meteor|p2b: Zamazenta
|-resisted|p2b: Zamazenta
|-damage|p2b: Zamazenta|61/100
|-unboost|p1a: Raging Bolt|spa|2
|
|-weather|SunnyDay|[upkeep]
|upkeep
|turn|5
|
|t:|1750712803
|move|p2a: Ogerpon|Encore|p1b: Koraidon
|-start|p1b: Koraidon|Encore
|move|p1b: Koraidon|Dragon Claw|p2a: Ogerpon
|-damage|p2a: Ogerpon|0 fnt
|faint|p2a: Ogerpon
|detailschange|p2: Ogerpon|Ogerpon, L50, F|[silent]
|-damage|p1b: Koraidon|81/100|[from] item: Life Orb
|move|p2b: Zamazenta|Body Press|p1a: Raging Bolt
|-damage|p1a: Raging Bolt|0 fnt
|faint|p1a: Raging Bolt
|-end|p1a: Raging Bolt|Protosynthesis|[silent]
|
|-weather|none
|upkeep
|
|t:|1750712813
|switch|p2a: Miraidon|Miraidon, L50|100/100
|-activate|p2a: Miraidon|ability: Hadron Engine
|turn|6
|
|t:|1750712819
|move|p2a: Miraidon|Electro Drift|p1b: Koraidon
|-damage|p1b: Koraidon|0 fnt
|faint|p1b: Koraidon
|
|win|consider serpents
|raw|eldrixx007's rating: 1306 &rarr; <strong>1286</strong><br />(-20 for losing)
|raw|consider serpents's rating: 1310 &rarr; <strong>1330</strong><br />(+20 for winning)
|l|☆eldrixx007
|player|p1|
|l|☆consider serpents
|player|p2|
