|j|☆johnkharkiv
|j|☆glizzytoter
|t:|1750734495
|gametype|doubles
|player|p1|johnkharkiv|swimmerf-gen4dp|1437
|player|p2|glizzytoter|mars|1389
|teamsize|p1|6
|teamsize|p2|6
|gen|9
|tier|[Gen 9] VGC 2025 Reg I
|rated|
|rule|Species Clause: Limit one of each Pokémon
|rule|Item Clause: Limit 1 of each item
|clearpoke
|poke|p1|Calyrex-Ice, L50|
|poke|p1|Miraidon, L50|
|poke|p1|Torkoal, L50, F|
|poke|p1|Whimsicott, L50, F|
|poke|p1|Farigiraf, L50, F|
|poke|p1|Passimian, L50, F|
|poke|p2|Miraidon, L50|
|poke|p2|Whimsicott, L50, M|
|poke|p2|Incineroar, L50, F|
|poke|p2|Calyrex-Ice, L50|
|poke|p2|Urshifu-*, L50, M|
|poke|p2|Landorus, L50, M|
|teampreview|4
|inactive|Battle timer is ON: inactive players will automatically lose when time's up. (requested by glizzytoter)
|inactive|glizzytoter has 60 seconds left.
|
|t:|1750734545
|start
|switch|p1a: Passimian|Passimian, L50, F, shiny|100/100
|switch|p1b: Calyrex|Calyrex-Ice, L50|100/100
|switch|p2a: Whimsicott|Whimsicott, L50, M, shiny|100/100
|switch|p2b: Miraidon|Miraidon, L50|100/100
|-ability|p1b: Calyrex|As One
|-ability|p1b: Calyrex|Unnerve
|-fieldstart|move: Electric Terrain|[from] ability: Hadron Engine|[of] p2b: Miraidon
|turn|1
|inactive|glizzytoter has 30 seconds left.
|
|t:|1750734575
|switch|p2a: Calyrex|Calyrex-Ice, L50|100/100
|-ability|p2a: Calyrex|As One
|-ability|p2a: Calyrex|Unnerve
|-terastallize|p1b: Calyrex|Ground
|move|p2b: Miraidon|Volt Switch|p1b: Calyrex
|-immune|p1b: Calyrex
|move|p1a: Passimian|Knock Off|p2b: Miraidon
|-damage|p2b: Miraidon|72/100
|-enditem|p2b: Miraidon|Assault Vest|[from] move: Knock Off|[of] p1a: Passimian
|move|p1b: Calyrex|Trick Room|p1b: Calyrex
|-fieldstart|move: Trick Room|[of] p1b: Calyrex
|
|upkeep
|turn|2
|inactive|glizzytoter has 30 seconds left.
|inactive|glizzytoter has 20 seconds left.
|inactive|glizzytoter has 15 seconds left.
|inactive|glizzytoter has 10 seconds left.
|inactive|glizzytoter has 5 seconds left.
|
|t:|1750734629
|-terastallize|p2b: Miraidon|Fairy
|move|p2a: Calyrex|Protect|p2a: Calyrex
|-singleturn|p2a: Calyrex|Protect
|move|p1b: Calyrex|Glacial Lance|p2a: Calyrex|[spread] p2b
|-activate|p2a: Calyrex|move: Protect
|-damage|p2b: Miraidon|28/100
|move|p1a: Passimian|Knock Off|p2a: Calyrex
|-activate|p2a: Calyrex|move: Protect
|move|p2b: Miraidon|Volt Switch|p1a: Passimian
|-damage|p1a: Passimian|43/100
|
|t:|1750734648
|switch|p2b: Whimsicott|Whimsicott, L50, M, shiny|100/100|[from] Volt Switch
|
|upkeep
|turn|3
|
|t:|1750734662
|move|p1a: Passimian|Feint|p2b: Whimsicott
|-damage|p2b: Whimsicott|90/100
|move|p2b: Whimsicott|Tickle|p1b: Calyrex
|-fail|p1b: Calyrex|unboost|[from] item: Clear Amulet|[of] p1b: Calyrex
|move|p1b: Calyrex|Glacial Lance|p2b: Whimsicott|[spread] p2a,p2b
|-resisted|p2a: Calyrex
|-supereffective|p2b: Whimsicott
|-damage|p2a: Calyrex|84/100
|-damage|p2b: Whimsicott|0 fnt
|faint|p2b: Whimsicott
|-ability|p1b: Calyrex|Chilling Neigh|boost
|-boost|p1b: Calyrex|atk|1
|move|p2a: Calyrex|Glacial Lance|p1b: Calyrex|[spread] p1a,p1b
|-supereffective|p1b: Calyrex
|-damage|p1a: Passimian|0 fnt
|-damage|p1b: Calyrex|10/100
|faint|p1a: Passimian
|-ability|p2a: Calyrex|Chilling Neigh|boost
|-boost|p2a: Calyrex|atk|1
|
|upkeep
|inactive|glizzytoter has 30 seconds left.
|
|t:|1750734688
|switch|p1a: Torkoal|Torkoal, L50, F|100/100
|switch|p2b: Landorus|Landorus, L50, M|100/100
|-weather|SunnyDay|[from] ability: Drought|[of] p1a: Torkoal
|turn|4
|
|t:|1750734704
|switch|p2a: Miraidon|Miraidon, L50, tera:Fairy|28/100
|-activate|p2a: Miraidon|ability: Hadron Engine
|move|p2b: Landorus|Protect|p2b: Landorus
|-singleturn|p2b: Landorus|Protect
|move|p1a: Torkoal|Eruption|p2a: Miraidon|[spread] p2a
|-activate|p2b: Landorus|move: Protect
|-damage|p2a: Miraidon|0 fnt
|faint|p2a: Miraidon
|move|p1b: Calyrex|Glacial Lance|p2b: Landorus
|-activate|p2b: Landorus|move: Protect
|
|-weather|SunnyDay|[upkeep]
|upkeep
|
|t:|1750734720
|switch|p2a: Calyrex|Calyrex-Ice, L50|84/100
|-ability|p2a: Calyrex|As One
|-ability|p2a: Calyrex|Unnerve
|turn|5
|
|t:|1750734731
|move|p2a: Calyrex|Protect|p2a: Calyrex
|-singleturn|p2a: Calyrex|Protect
|move|p2b: Landorus|Protect||[still]
|-fail|p2b: Landorus
|move|p1a: Torkoal|Eruption|p2a: Calyrex|[spread] p2b
|-activate|p2a: Calyrex|move: Protect
|-damage|p2b: Landorus|20/100
|move|p1b: Calyrex|Glacial Lance|p2b: Landorus|[spread] p2b
|-activate|p2a: Calyrex|move: Protect
|-supereffective|p2b: Landorus
|-damage|p2b: Landorus|0 fnt
|faint|p2b: Landorus
|-ability|p1b: Calyrex|Chilling Neigh|boost
|-boost|p1b: Calyrex|atk|1
|
|-weather|SunnyDay|[upkeep]
|-fieldend|move: Trick Room
|-fieldend|move: Electric Terrain
|upkeep
|turn|6
|
|t:|1750734752
|move|p2a: Calyrex|Leech Seed|p1a: Torkoal
|-start|p1a: Torkoal|move: Leech Seed
|move|p1b: Calyrex|Throat Chop|p2a: Calyrex
|-supereffective|p2a: Calyrex
|-damage|p2a: Calyrex|5/100
|-start|p2a: Calyrex|Throat Chop|[silent]
|move|p1a: Torkoal|Flamethrower|p2a: Calyrex
|-supereffective|p2a: Calyrex
|-damage|p2a: Calyrex|0 fnt
|faint|p2a: Calyrex
|
|win|johnkharkiv
|raw|johnkharkiv's rating: 1415 &rarr; <strong>1434</strong><br />(+19 for winning)
|raw|glizzytoter's rating: 1389 &rarr; <strong>1370</strong><br />(-19 for losing)
|l|☆glizzytoter
|player|p2|
