|j|☆RaidenVGC7
|j|☆AllInternalScreams
|t:|1750878511
|gametype|doubles
|player|p1|RaidenVGC7|102|1491
|player|p2|AllInternalScreams|brycen|1392
|teamsize|p1|6
|teamsize|p2|6
|gen|9
|tier|[Gen 9] VGC 2025 Reg I
|rated|
|rule|Species Clause: Limit one of each Pokémon
|rule|Item Clause: Limit 1 of each item
|clearpoke
|poke|p1|Calyrex-Ice, L50|
|poke|p1|Kyogre, L50|
|poke|p1|Drowzee, L50, F|
|poke|p1|Tornadus, L50, M|
|poke|p1|Urshifu-*, L50, F|
|poke|p1|Rillaboom, L50, F|
|poke|p2|Amoonguss, L50, M|
|poke|p2|Kyogre, L50|
|poke|p2|Grimmsnarl, L50, M|
|poke|p2|Flutter Mane, L50|
|poke|p2|Basculegion, L50, M|
|poke|p2|Calyrex-Ice, L50|
|teampreview|4
|inactive|Battle timer is ON: inactive players will automatically lose when time's up. (requested by RaidenVGC7)
|inactive|AllInternalScreams has 60 seconds left.
|
|t:|1750878552
|start
|switch|p1a: Calyrex|Calyrex-Ice, L50|100/100
|switch|p1b: Rillaboom|Rillaboom, L50, F|100/100
|switch|p2a: Grimmsnarl|Grimmsnarl, L50, M, shiny|100/100
|switch|p2b: Kyogre|Kyogre, L50|100/100
|-ability|p1a: Calyrex|As One
|-ability|p1a: Calyrex|Unnerve
|-weather|RainDance|[from] ability: Drizzle|[of] p2b: Kyogre
|turn|1
|inactive|RaidenVGC7 has 30 seconds left.
|
|t:|1750878587
|switch|p2b: Calyrex|Calyrex-Ice, L50|100/100
|-ability|p2b: Calyrex|As One
|-ability|p2b: Calyrex|Unnerve
|move|p1b: Rillaboom|Fake Out|p2b: Calyrex
|-damage|p2b: Calyrex|93/100
|move|p2a: Grimmsnarl|Reflect|p2a: Grimmsnarl
|-sidestart|p2: AllInternalScreams|Reflect
|move|p1a: Calyrex|Trick Room|p1a: Calyrex
|-fieldstart|move: Trick Room|[of] p1a: Calyrex
|
|-weather|RainDance|[upkeep]
|upkeep
|turn|2
|inactive|RaidenVGC7 has 30 seconds left.
|
|t:|1750878620
|-terastallize|p1b: Rillaboom|Fire
|move|p2a: Grimmsnarl|Sucker Punch|p1a: Calyrex
|-supereffective|p1a: Calyrex
|-damage|p1a: Calyrex|68/100
|move|p1a: Calyrex|Glacial Lance|p2a: Grimmsnarl|[spread] p2a,p2b
|-resisted|p2b: Calyrex
|-damage|p2a: Grimmsnarl|59/100
|-damage|p2b: Calyrex|81/100
|move|p2b: Calyrex|Glacial Lance|p1a: Calyrex|[spread] p1a,p1b
|-resisted|p1a: Calyrex
|-resisted|p1b: Rillaboom
|-damage|p1a: Calyrex|52/100
|-damage|p1b: Rillaboom|74/100
|move|p1b: Rillaboom|Wood Hammer|p2b: Calyrex
|-damage|p2b: Calyrex|60/100
|-damage|p1b: Rillaboom|67/100|[from] Recoil
|
|-weather|RainDance|[upkeep]
|upkeep
|turn|3
|inactive|AllInternalScreams has 30 seconds left.
|
|t:|1750878647
|move|p1a: Calyrex|Protect|p1a: Calyrex
|-singleturn|p1a: Calyrex|Protect
|move|p2a: Grimmsnarl|Sucker Punch|p1b: Rillaboom
|-damage|p1b: Rillaboom|40/100
|move|p2b: Calyrex|Glacial Lance|p1a: Calyrex|[spread] p1b
|-activate|p1a: Calyrex|move: Protect
|-resisted|p1b: Rillaboom
|-crit|p1b: Rillaboom
|-damage|p1b: Rillaboom|2/100
|move|p1b: Rillaboom|U-turn|p2b: Calyrex
|-supereffective|p2b: Calyrex
|-damage|p2b: Calyrex|42/100
|
|t:|1750878662
|switch|p1b: Kyogre|Kyogre, L50|100/100|[from] U-turn
|
|-weather|RainDance|[upkeep]
|upkeep
|turn|4
|
|t:|1750878675
|switch|p1a: Urshifu|Urshifu-Rapid-Strike, L50, F|100/100
|move|p2b: Calyrex|Protect|p2b: Calyrex
|-singleturn|p2b: Calyrex|Protect
|move|p2a: Grimmsnarl|Light Screen|p2a: Grimmsnarl
|-sidestart|p2: AllInternalScreams|move: Light Screen
|move|p1b: Kyogre|Origin Pulse|p2a: Grimmsnarl|[spread] p2a
|-activate|p2b: Calyrex|move: Protect
|-damage|p2a: Grimmsnarl|17/100
|
|-weather|RainDance|[upkeep]
|upkeep
|turn|5
|inactive|RaidenVGC7 has 30 seconds left.
|
|t:|1750878704
|switch|p1a: Rillaboom|Rillaboom, L50, F, tera:Fire|2/100
|-terastallize|p2b: Calyrex|Grass
|move|p2b: Calyrex|Seed Bomb|p1a: Rillaboom
|-resisted|p1a: Rillaboom
|-damage|p1a: Rillaboom|0 fnt
|faint|p1a: Rillaboom
|-ability|p2b: Calyrex|Chilling Neigh|boost
|-boost|p2b: Calyrex|atk|1
|move|p2a: Grimmsnarl|Spirit Break|p1b: Kyogre
|-damage|p1b: Kyogre|74/100
|-unboost|p1b: Kyogre|spa|1
|move|p1b: Kyogre|Origin Pulse|p2a: Grimmsnarl|[spread] p2a,p2b
|-resisted|p2b: Calyrex
|-damage|p2a: Grimmsnarl|0 fnt
|-damage|p2b: Calyrex|31/100
|faint|p2a: Grimmsnarl
|
|-weather|none
|-fieldend|move: Trick Room
|upkeep
|inactive|RaidenVGC7 has 30 seconds left.
|inactive|RaidenVGC7 has 20 seconds left.
|inactive|RaidenVGC7 has 15 seconds left.
|
|t:|1750878745
|switch|p1a: Urshifu|Urshifu-Rapid-Strike, L50, F|100/100
|switch|p2a: Kyogre|Kyogre, L50|100/100
|-weather|RainDance|[from] ability: Drizzle|[of] p2a: Kyogre
|turn|6
|
|t:|1750878765
|move|p1a: Urshifu|U-turn|p2b: Calyrex
|-supereffective|p2b: Calyrex
|-damage|p2b: Calyrex|8/100
|
|t:|1750878768
|switch|p1a: Calyrex|Calyrex-Ice, L50|52/100|[from] U-turn
|-ability|p1a: Calyrex|As One
|-ability|p1a: Calyrex|Unnerve
|move|p2a: Kyogre|Origin Pulse|p1a: Calyrex|[spread] p1b
|-miss|p2a: Kyogre|p1a: Calyrex
|-resisted|p1b: Kyogre
|-damage|p1b: Kyogre|45/100
|move|p1b: Kyogre|Ice Beam|p2b: Calyrex
|-supereffective|p2b: Calyrex
|-damage|p2b: Calyrex|0 fnt
|faint|p2b: Calyrex
|
|-weather|RainDance|[upkeep]
|upkeep
|
|t:|1750878780
|switch|p2b: Basculegion|Basculegion, L50, M, shiny|100/100
|turn|7
|inactive|RaidenVGC7 has 30 seconds left.
|inactive|RaidenVGC7 has 20 seconds left.
|
|t:|1750878816
|move|p2b: Basculegion|Last Respects|p1b: Kyogre
|-damage|p1b: Kyogre|0 fnt
|faint|p1b: Kyogre
|-damage|p2b: Basculegion|91/100|[from] item: Life Orb
|move|p2a: Kyogre|Water Spout|p1a: Calyrex
|-damage|p1a: Calyrex|0 fnt
|faint|p1a: Calyrex
|
|-weather|RainDance|[upkeep]
|upkeep
|
|t:|1750878828
|switch|p1a: Urshifu|Urshifu-Rapid-Strike, L50, F|100/100
|turn|8
|
|t:|1750878832
|move|p2b: Basculegion|Last Respects|p1a: Urshifu
|-damage|p1a: Urshifu|0 fnt
|faint|p1a: Urshifu
|-damage|p2b: Basculegion|81/100|[from] item: Life Orb
|
|win|AllInternalScreams
|raw|RaidenVGC7's rating: 1491 &rarr; <strong>1465</strong><br />(-26 for losing)
|raw|AllInternalScreams's rating: 1392 &rarr; <strong>1418</strong><br />(+26 for winning)
|l|☆AllInternalScreams
|player|p2|
|l|☆RaidenVGC7
|player|p1|
