|j|☆bernell00
|j|☆Imnewnobully
|t:|1750860823
|gametype|doubles
|player|p1|bernell00|veteran|1185
|player|p2|Imnewnobully|170|1120
|teamsize|p1|6
|teamsize|p2|6
|gen|9
|tier|[Gen 9] VGC 2025 Reg I
|rated|
|rule|Species Clause: Limit one of each Pokémon
|rule|Item Clause: Limit 1 of each item
|clearpoke
|poke|p1|Miraidon, L50|
|poke|p1|Ogerpon-Cornerstone, L50, F|
|poke|p1|Ho-Oh, L50|
|poke|p1|Suicune, L50|
|poke|p1|Incineroar, L50, M|
|poke|p1|Sylveon, L50, F|
|poke|p2|Mudsdale, L50, F|
|poke|p2|Dialga, L50|
|poke|p2|Incineroar, L50, F|
|poke|p2|Indeedee-F, L50, F|
|poke|p2|Lunala, L50|
|poke|p2|Gallade, L50, M|
|teampreview|4
|inactive|Battle timer is ON: inactive players will automatically lose when time's up. (requested by bernell00)
|inactive|Imnewnobully has 60 seconds left.
|
|t:|1750860920
|start
|switch|p1a: Miraidon|Miraidon, L50|100/100
|switch|p1b: Incineroar|Incineroar, L50, M|100/100
|switch|p2a: Indeedee|Indeedee-F, L50, F|100/100
|switch|p2b: Dialga|Dialga, L50|100/100
|-fieldstart|move: Electric Terrain|[from] ability: Hadron Engine|[of] p1a: Miraidon
|-fieldstart|move: Psychic Terrain|[from] ability: Psychic Surge|[of] p2a: Indeedee
|-enditem|p2b: Dialga|Psychic Seed
|-boost|p2b: Dialga|spd|1|[from] item: Psychic Seed
|-ability|p1b: Incineroar|Intimidate|boost
|-unboost|p2a: Indeedee|atk|1
|-unboost|p2b: Dialga|atk|1
|turn|1
|inactive|bernell00 has 30 seconds left.
|inactive|bernell00 has 20 seconds left.
|inactive|bernell00 has 15 seconds left.
|
|t:|1750860961
|move|p2a: Indeedee|Follow Me|p2a: Indeedee
|-singleturn|p2a: Indeedee|move: Follow Me
|move|p1a: Miraidon|Volt Switch|p2a: Indeedee
|-damage|p2a: Indeedee|68/100
|
|t:|1750860969
|switch|p1a: Suicune|Suicune, L50|100/100|[from] Volt Switch
|-ability|p1a: Suicune|Pressure
|move|p1b: Incineroar|Parting Shot|p2a: Indeedee
|-unboost|p2a: Indeedee|atk|1
|-unboost|p2a: Indeedee|spa|1
|
|t:|1750860992
|switch|p1b: Ho-Oh|Ho-Oh, L50|100/100|[from] Parting Shot
|move|p2b: Dialga|Trick Room|p2b: Dialga
|-fieldstart|move: Trick Room|[of] p2b: Dialga
|
|upkeep
|turn|2
|inactive|Imnewnobully has 30 seconds left.
|
|t:|1750861018
|switch|p2a: FLORIDA MAN|Incineroar, L50, F|100/100
|-ability|p2a: FLORIDA MAN|Intimidate|boost
|-unboost|p1a: Suicune|atk|1
|-fail|p1b: Ho-Oh|unboost|[from] item: Clear Amulet|[of] p1b: Ho-Oh
|move|p2b: Dialga|Protect|p2b: Dialga
|-singleturn|p2b: Dialga|Protect
|move|p1b: Ho-Oh|Protect|p1b: Ho-Oh
|-singleturn|p1b: Ho-Oh|Protect
|move|p1a: Suicune|Snarl|p2b: Dialga|[spread] p2a
|-activate|p2b: Dialga|move: Protect
|-resisted|p2a: FLORIDA MAN
|-damage|p2a: FLORIDA MAN|97/100
|
|upkeep
|turn|3
|
|t:|1750861040
|move|p2a: FLORIDA MAN|Knock Off|p1b: Ho-Oh
|-damage|p1b: Ho-Oh|59/100
|-enditem|p1b: Ho-Oh|Clear Amulet|[from] move: Knock Off|[of] p2a: FLORIDA MAN
|move|p1a: Suicune|Snarl|p2b: Dialga|[spread] p2a,p2b
|-resisted|p2a: FLORIDA MAN
|-damage|p2a: FLORIDA MAN|94/100
|-damage|p2b: Dialga|95/100
|-unboost|p2b: Dialga|spa|1
|move|p2b: Dialga|Roar of Time|p1b: Ho-Oh
|-damage|p1b: Ho-Oh|15/100
|-mustrecharge|p2b: Dialga
|move|p1b: Ho-Oh|Sacred Fire|p2b: Dialga
|-damage|p2b: Dialga|57/100
|-status|p2b: Dialga|brn
|
|-damage|p2b: Dialga|51/100 brn|[from] brn
|upkeep
|turn|4
|inactive|bernell00 has 30 seconds left.
|
|t:|1750861068
|move|p1b: Ho-Oh|Protect|p1b: Ho-Oh
|-singleturn|p1b: Ho-Oh|Protect
|move|p2a: FLORIDA MAN|Knock Off|p1a: Suicune
|-damage|p1a: Suicune|73/100
|-enditem|p1a: Suicune|Chesto Berry|[from] move: Knock Off|[of] p2a: FLORIDA MAN
|move|p1a: Suicune|Snarl|p2b: Dialga|[spread] p2a,p2b
|-resisted|p2a: FLORIDA MAN
|-damage|p2a: FLORIDA MAN|91/100
|-damage|p2b: Dialga|45/100 brn
|-unboost|p2b: Dialga|spa|1
|cant|p2b: Dialga|recharge
|
|-damage|p2b: Dialga|40/100 brn|[from] brn
|upkeep
|turn|5
|
|t:|1750861089
|switch|p1b: Incineroar|Incineroar, L50, M|100/100
|-ability|p1b: Incineroar|Intimidate|boost
|-unboost|p2a: FLORIDA MAN|atk|1
|-unboost|p2b: Dialga|atk|1
|move|p1a: Suicune|Snarl|p2b: Dialga|[spread] p2a,p2b
|-resisted|p2a: FLORIDA MAN
|-damage|p2a: FLORIDA MAN|87/100
|-damage|p2b: Dialga|34/100 brn
|-unboost|p2b: Dialga|spa|1
|move|p2b: Dialga|Roar of Time|p1b: Incineroar|[miss]
|-miss|p2b: Dialga|p1b: Incineroar
|move|p2a: FLORIDA MAN|Roar|p2b: Dialga
|drag|p2b: Indeedee|Indeedee-F, L50, F|68/100
|
|-fieldend|move: Trick Room
|-fieldend|move: Psychic Terrain
|upkeep
|turn|6
|inactive|bernell00 has 30 seconds left.
|inactive|Imnewnobully has 30 seconds left.
|inactive|bernell00 has 20 seconds left.
|inactive|Imnewnobully has 20 seconds left.
|inactive|bernell00 has 15 seconds left.
|inactive|bernell00 has 10 seconds left.
|
|t:|1750861135
|-terastallize|p2b: Indeedee|Fairy
|move|p1a: Suicune|Snarl|p2b: Indeedee|[spread] p2a,p2b
|-resisted|p2a: FLORIDA MAN
|-crit|p2a: FLORIDA MAN
|-resisted|p2b: Indeedee
|-damage|p2a: FLORIDA MAN|82/100
|-damage|p2b: Indeedee|65/100
|-unboost|p2b: Indeedee|spa|1
|move|p1b: Incineroar|Knock Off|p2a: FLORIDA MAN
|-resisted|p2a: FLORIDA MAN
|-damage|p2a: FLORIDA MAN|69/100
|-enditem|p2a: FLORIDA MAN|Covert Cloak|[from] move: Knock Off|[of] p1b: Incineroar
|move|p2a: FLORIDA MAN|Parting Shot|p1a: Suicune
|-unboost|p1a: Suicune|atk|1
|-unboost|p1a: Suicune|spa|1
|
|t:|1750861149
|switch|p2a: Mudsdale|Mudsdale, L50, F|100/100|[from] Parting Shot
|move|p2b: Indeedee|Trick Room|p2b: Indeedee
|-fieldstart|move: Trick Room|[of] p2b: Indeedee
|
|upkeep
|turn|7
|inactive|bernell00 has 30 seconds left.
|inactive|bernell00 has 20 seconds left.
|inactive|bernell00 has 15 seconds left.
|inactive|bernell00 has 10 seconds left.
|
|t:|1750861195
|switch|p1b: Ho-Oh|Ho-Oh, L50|49/100
|move|p2b: Indeedee|Follow Me|p2b: Indeedee
|-singleturn|p2b: Indeedee|move: Follow Me
|move|p2a: Mudsdale|Earthquake|p1b: Ho-Oh|[spread] p2b,p1a
|-immune|p1b: Ho-Oh
|-damage|p2b: Indeedee|0 fnt
|-damage|p1a: Suicune|26/100
|faint|p2b: Indeedee
|move|p1a: Suicune|Scald|p2a: Mudsdale
|-supereffective|p2a: Mudsdale
|-damage|p2a: Mudsdale|65/100
|
|upkeep
|
|t:|1750861210
|switch|p2b: Dialga|Dialga, L50|34/100 brn
|turn|8
|inactive|bernell00 has 30 seconds left.
|inactive|bernell00 has 20 seconds left.
|
|t:|1750861249
|move|p1b: Ho-Oh|Protect|p1b: Ho-Oh
|-singleturn|p1b: Ho-Oh|Protect
|move|p2a: Mudsdale|Earthquake|p1b: Ho-Oh|[spread] p1a
|-activate|p1b: Ho-Oh|move: Protect
|-activate|p2b: Dialga|ability: Telepathy
|-damage|p1a: Suicune|0 fnt
|faint|p1a: Suicune
|move|p2b: Dialga|Roar of Time|p1b: Ho-Oh
|-activate|p1b: Ho-Oh|move: Protect
|
|-damage|p2b: Dialga|29/100 brn|[from] brn
|upkeep
|
|t:|1750861264
|switch|p1a: Incineroar|Incineroar, L50, M|100/100
|-ability|p1a: Incineroar|Intimidate|boost
|-fail|p2a: Mudsdale|unboost|Attack|[from] ability: Inner Focus|[of] p2a: Mudsdale
|-unboost|p2b: Dialga|atk|1
|turn|9
|inactive|bernell00 has 30 seconds left.
|inactive|Imnewnobully has 30 seconds left.
|inactive|bernell00 has 20 seconds left.
|inactive|bernell00 has 15 seconds left.
|
|t:|1750861304
|-terastallize|p1a: Incineroar|Ghost
|move|p1a: Incineroar|Fake Out|p2a: Mudsdale
|-damage|p2a: Mudsdale|57/100
|move|p2a: Mudsdale|Earthquake|p1b: Ho-Oh|[spread] p1a
|-activate|p2b: Dialga|ability: Telepathy
|-immune|p1b: Ho-Oh
|-damage|p1a: Incineroar|43/100
|-enditem|p1a: Incineroar|Sitrus Berry|[eat]
|-heal|p1a: Incineroar|67/100|[from] item: Sitrus Berry
|move|p2b: Dialga|Roar of Time|p1b: Ho-Oh
|-damage|p1b: Ho-Oh|0 fnt
|-mustrecharge|p2b: Dialga
|faint|p1b: Ho-Oh
|
|-damage|p2b: Dialga|23/100 brn|[from] brn
|upkeep
|
|t:|1750861323
|switch|p1b: Miraidon|Miraidon, L50|100/100
|-fieldstart|move: Electric Terrain|[from] ability: Hadron Engine|[of] p1b: Miraidon
|turn|10
|
|t:|1750861339
|move|p1b: Miraidon|Protect|p1b: Miraidon
|-singleturn|p1b: Miraidon|Protect
|move|p2a: Mudsdale|Earthquake|p1b: Miraidon|[spread] p1a
|-activate|p1b: Miraidon|move: Protect
|-activate|p2b: Dialga|ability: Telepathy
|-damage|p1a: Incineroar|9/100
|move|p1a: Incineroar|Will-O-Wisp|p2a: Mudsdale
|-status|p2a: Mudsdale|brn
|cant|p2b: Dialga|recharge
|
|-damage|p2a: Mudsdale|51/100 brn|[from] brn
|-damage|p2b: Dialga|17/100 brn|[from] brn
|-fieldend|move: Trick Room
|upkeep
|turn|11
|inactive|bernell00 has 30 seconds left.
|
|t:|1750861373
|move|p1b: Miraidon|Draco Meteor|p2a: Mudsdale
|-damage|p2a: Mudsdale|0 fnt
|-unboost|p1b: Miraidon|spa|2
|faint|p2a: Mudsdale
|move|p1a: Incineroar|Knock Off|p2b: Dialga
|-damage|p2b: Dialga|1/100 brn
|move|p2b: Dialga|Trick Room|p2b: Dialga
|-fieldstart|move: Trick Room|[of] p2b: Dialga
|
|-damage|p2b: Dialga|0 fnt|[from] brn
|faint|p2b: Dialga
|upkeep
|
|t:|1750861378
|switch|p2b: FLORIDA MAN|Incineroar, L50, F|69/100
|-ability|p2b: FLORIDA MAN|Intimidate|boost
|-unboost|p1a: Incineroar|atk|1
|-unboost|p1b: Miraidon|atk|1
|turn|12
|inactive|bernell00 has 30 seconds left.
|inactive|bernell00 has 20 seconds left.
|inactive|bernell00 has 15 seconds left.
|inactive|bernell00 has 10 seconds left.
|
|t:|1750861403
|move|p2b: FLORIDA MAN|Knock Off|p1a: Incineroar
|-supereffective|p1a: Incineroar
|-damage|p1a: Incineroar|0 fnt
|faint|p1a: Incineroar
|move|p1b: Miraidon|Electro Drift|p2b: FLORIDA MAN
|-damage|p2b: FLORIDA MAN|27/100
|
|upkeep
|turn|13
|inactive|bernell00 has 10 seconds left this turn.
|inactive|bernell00 has 5 seconds left.
|
|t:|1750861412
|move|p2b: FLORIDA MAN|Knock Off|p1b: Miraidon
|-damage|p1b: Miraidon|63/100
|-enditem|p1b: Miraidon|Focus Sash|[from] move: Knock Off|[of] p2b: FLORIDA MAN
|move|p1b: Miraidon|Electro Drift|p2b: FLORIDA MAN
|-damage|p2b: FLORIDA MAN|0 fnt
|faint|p2b: FLORIDA MAN
|
|win|bernell00
|raw|bernell00's rating: 1185 &rarr; <strong>1205</strong><br />(+20 for winning)
|raw|Imnewnobully's rating: 1120 &rarr; <strong>1100</strong><br />(-20 for losing)
