|j|☆soap858
|j|☆KD-Alt-711
|t:|1750772970
|gametype|doubles
|player|p1|soap858|101|1708
|player|p2|KD-Alt-711|101|1609
|teamsize|p1|6
|teamsize|p2|6
|gen|9
|tier|[Gen 9] VGC 2025 Reg I
|rated|
|rule|Species Clause: Limit one of each Pokémon
|rule|Item Clause: Limit 1 of each item
|clearpoke
|poke|p1|Calyrex-Shadow, L50|
|poke|p1|Koraidon, L50|
|poke|p1|Weezing-Galar, L50, F|
|poke|p1|Rillaboom, L50, M|
|poke|p1|Incineroar, L50, M|
|poke|p1|Raging Bolt, L50|
|poke|p2|Lunala, L50|
|poke|p2|Rillaboom, L50, F|
|poke|p2|Groudon, L50|
|poke|p2|Ogerpon-Hearthflame, L50, F|
|poke|p2|Flutter Mane, L50|
|poke|p2|Ursaluna-Bloodmoon, L50, M|
|teampreview|4
|l|☆soap858
|player|p1|
|inactive|Battle timer is ON: inactive players will automatically lose when time's up. (requested by KD-Alt-711)
|j|☆soap858
|inactive|soap858 reconnected and has 90 seconds left.
|player|p1|soap858|101|
|inactive|soap858 has 60 seconds left.
|
|t:|1750773027
|start
|switch|p1a: Calyrex|Calyrex-Shadow, L50|100/100
|switch|p1b: Weezing|Weezing-Galar, L50, F|100/100
|switch|p2a: Lunala|Lunala, L50, shiny|100/100
|switch|p2b: Groudon|Groudon, L50, shiny|100/100
|-ability|p1b: Weezing|Neutralizing Gas
|-ability|p1a: Calyrex|As One
|-ability|p1a: Calyrex|Unnerve
|turn|1
|
|t:|1750773041
|-terastallize|p2a: Lunala|Fairy
|-terastallize|p1b: Weezing|Water
|move|p1a: Calyrex|Protect|p1a: Calyrex
|-singleturn|p1a: Calyrex|Protect
|move|p2a: Lunala|Tailwind|p2a: Lunala
|-sidestart|p2: KD-Alt-711|move: Tailwind
|move|p2b: Groudon|Precipice Blades|p1a: Calyrex|[spread] p1b
|-activate|p1a: Calyrex|move: Protect
|-damage|p1b: Weezing|60/100
|move|p1b: Weezing|Taunt|p2a: Lunala
|-start|p2a: Lunala|move: Taunt
|
|upkeep
|turn|2
|inactive|KD-Alt-711 has 30 seconds left.
|
|t:|1750773071
|switch|p1a: Incineroar|Incineroar, L50, M|100/100
|move|p2a: Lunala|Moongeist Beam|p1a: Incineroar
|-resisted|p1a: Incineroar
|-damage|p1a: Incineroar|80/100
|move|p2b: Groudon|Precipice Blades|p1a: Incineroar|[spread] p1a,p1b
|-supereffective|p1a: Incineroar
|-damage|p1a: Incineroar|0 fnt
|-damage|p1b: Weezing|14/100
|faint|p1a: Incineroar
|move|p1b: Weezing|Will-O-Wisp|p2b: Groudon
|-status|p2b: Groudon|brn
|
|-damage|p2b: Groudon|95/100 brn|[from] brn
|upkeep
|inactive|soap858 has 30 seconds left.
|
|t:|1750773099
|switch|p1a: Koraidon|Koraidon, L50|100/100
|-weather|SunnyDay|[from] ability: Orichalcum Pulse|[of] p1a: Koraidon
|-activate|p1a: Koraidon|Orichalcum Pulse|[source]
|turn|3
|
|t:|1750773113
|move|p1a: Koraidon|Protect|p1a: Koraidon
|-singleturn|p1a: Koraidon|Protect
|move|p2a: Lunala|Moonblast|p1a: Koraidon
|-activate|p1a: Koraidon|move: Protect
|move|p2b: Groudon|Precipice Blades|p1b: Weezing|[spread] p1b
|-activate|p1a: Koraidon|move: Protect
|-damage|p1b: Weezing|0 fnt
|faint|p1b: Weezing
|-end|p1b: Weezing|ability: Neutralizing Gas
|
|-weather|SunnyDay|[upkeep]
|-damage|p2b: Groudon|89/100 brn|[from] brn
|upkeep
|
|t:|1750773120
|switch|p1b: Calyrex|Calyrex-Shadow, L50|100/100
|-ability|p1b: Calyrex|As One
|-ability|p1b: Calyrex|Unnerve
|turn|4
|
|t:|1750773128
|move|p1a: Koraidon|Protect||[still]
|-fail|p1a: Koraidon
|move|p2a: Lunala|Moonblast|p1a: Koraidon
|-supereffective|p1a: Koraidon
|-damage|p1a: Koraidon|0 fnt
|faint|p1a: Koraidon
|move|p2b: Groudon|Heat Crash|p1b: Calyrex
|-damage|p1b: Calyrex|56/100
|move|p1b: Calyrex|Astral Barrage|p2a: Lunala|[spread] p2a,p2b
|-damage|p2a: Lunala|83/100
|-damage|p2b: Groudon|38/100 brn
|
|-weather|SunnyDay|[upkeep]
|-damage|p2b: Groudon|32/100 brn|[from] brn
|-end|p2a: Lunala|move: Taunt
|-sideend|p2: KD-Alt-711|move: Tailwind
|upkeep
|turn|5
|-message|soap858 forfeited.
|
|win|KD-Alt-711
|raw|soap858's rating: 1708 &rarr; <strong>1682</strong><br />(-26 for losing)
|raw|KD-Alt-711's rating: 1609 &rarr; <strong>1635</strong><br />(+26 for winning)
|l|☆soap858
|player|p1|
|l|☆KD-Alt-711
|player|p2|
