|j|☆Netheros
|j|☆casteropia
|t:|1750778473
|gametype|doubles
|player|p1|Netheros|266|1089
|player|p2|casteropia|cynthia|1087
|teamsize|p1|6
|teamsize|p2|6
|gen|9
|tier|[Gen 9] VGC 2025 Reg I
|rated|
|rule|Species Clause: Limit one of each Pokémon
|rule|Item Clause: Limit 1 of each item
|clearpoke
|poke|p1|Zacian-*, L50|
|poke|p1|Kyurem-White, L50|
|poke|p1|Chansey, L50, F|
|poke|p1|Conkeldurr, L50, F|
|poke|p1|Arcanine, L50, F|
|poke|p1|Exeggutor-Alola, L50, F|
|poke|p2|Zamazenta-*, L50|
|poke|p2|Palkia, L50|
|poke|p2|Chien-Pao, L50|
|poke|p2|Sinistcha-Masterpiece, L50|
|poke|p2|Incineroar, L50, F|
|poke|p2|Grimmsnarl, L50, M|
|teampreview|4
|inactive|Battle timer is ON: inactive players will automatically lose when time's up. (requested by casteropia)
casteropia rejected open team sheets.
|
|t:|1750778511
|start
|switch|p1a: Kyurem|Kyurem-White, L50|100/100
|switch|p1b: Chansey|Chansey, L50, F|100/100
|switch|p2a: Incineroar|Incineroar, L50, F, shiny|100/100
|switch|p2b: Grimmsnarl|Grimmsnarl, L50, M, shiny|100/100
|-ability|p1a: Kyurem|Turboblaze
|-ability|p2a: Incineroar|Intimidate|boost
|-unboost|p1a: Kyurem|atk|1
|-unboost|p1b: Chansey|atk|1
|turn|1
|inactive|Netheros has 30 seconds left.
|inactive|Netheros has 20 seconds left.
|inactive|Netheros has 15 seconds left.
|inactive|Netheros has 10 seconds left.
|
|t:|1750778558
|switch|p1a: Arcanine|Arcanine, L50, F|100/100
|-ability|p1a: Arcanine|Intimidate|boost
|-unboost|p2a: Incineroar|atk|1
|-unboost|p2b: Grimmsnarl|atk|1
|move|p2a: Incineroar|Fake Out|p1a: Arcanine
|-damage|p1a: Arcanine|92/100
|move|p2b: Grimmsnarl|Light Screen|p2b: Grimmsnarl
|-sidestart|p2: casteropia|move: Light Screen
|move|p1b: Chansey|Snowscape|p1b: Chansey
|-weather|Snowscape
|
|-weather|Snowscape|[upkeep]
|upkeep
|turn|2
|inactive|Netheros has 30 seconds left.
|
|t:|1750778589
|move|p1b: Chansey|Helping Hand|p1a: Arcanine
|-singleturn|p1a: Arcanine|Helping Hand|[of] p1b: Chansey
|move|p1a: Arcanine|Extreme Speed|p2b: Grimmsnarl
|-damage|p2b: Grimmsnarl|63/100
|move|p2b: Grimmsnarl|Reflect|p2b: Grimmsnarl
|-sidestart|p2: casteropia|Reflect
|move|p2a: Incineroar|Parting Shot|p1a: Arcanine
|-unboost|p1a: Arcanine|atk|1
|-unboost|p1a: Arcanine|spa|1
|
|t:|1750778610
|switch|p2a: Zamazenta|Zamazenta-Crowned, L50, shiny|100/100|[from] Parting Shot
|-ability|p2a: Zamazenta|Dauntless Shield|boost
|-boost|p2a: Zamazenta|def|1
|
|-weather|Snowscape|[upkeep]
|upkeep
|turn|3
|
|t:|1750778625
|-terastallize|p2a: Zamazenta|Fairy
|move|p1b: Chansey|Helping Hand|p1a: Arcanine
|-singleturn|p1a: Arcanine|Helping Hand|[of] p1b: Chansey
|move|p2b: Grimmsnarl|Thunder Wave|p1a: Arcanine
|-status|p1a: Arcanine|par
|move|p2a: Zamazenta|Body Press|p1b: Chansey
|-supereffective|p1b: Chansey
|-damage|p1b: Chansey|0 fnt
|faint|p1b: Chansey
|move|p1a: Arcanine|Flare Blitz|p2a: Zamazenta
|-damage|p2a: Zamazenta|86/100
|-damage|p1a: Arcanine|87/100 par|[from] Recoil
|
|-weather|Snowscape|[upkeep]
|upkeep
|
|t:|1750778643
|switch|p1b: Kyurem|Kyurem-White, L50|100/100
|-ability|p1b: Kyurem|Turboblaze
|turn|4
|inactive|Netheros has 30 seconds left.
|
|t:|1750778676
|-terastallize|p1b: Kyurem|Fairy
|move|p1a: Arcanine|Protect|p1a: Arcanine
|-singleturn|p1a: Arcanine|Protect
|move|p2b: Grimmsnarl|Thunder Wave|p1b: Kyurem
|-status|p1b: Kyurem|par
|move|p2a: Zamazenta|Body Press|p1b: Kyurem
|-resisted|p1b: Kyurem
|-damage|p1b: Kyurem|73/100 par
|move|p1b: Kyurem|Blizzard|p2b: Grimmsnarl|[spread] p2a,p2b
|-damage|p2a: Zamazenta|67/100
|-damage|p2b: Grimmsnarl|30/100
|
|-weather|Snowscape|[upkeep]
|upkeep
|turn|5
|
|t:|1750778697
|switch|p1a: Zacian|Zacian-Crowned, L50, shiny|100/100
|-ability|p1a: Zacian|Intrepid Sword|boost
|-boost|p1a: Zacian|atk|1
|move|p2a: Zamazenta|Heavy Slam|p1b: Kyurem
|-supereffective|p1b: Kyurem
|-damage|p1b: Kyurem|27/100 par
|cant|p1b: Kyurem|par
|move|p2b: Grimmsnarl|Spirit Break|p1b: Kyurem
|-crit|p1b: Kyurem
|-damage|p1b: Kyurem|0 fnt
|faint|p1b: Kyurem
|
|-weather|none
|upkeep
|
|t:|1750778713
|switch|p1b: Arcanine|Arcanine, L50, F|87/100 par
|-ability|p1b: Arcanine|Intimidate|boost
|-unboost|p2a: Zamazenta|atk|1
|-unboost|p2b: Grimmsnarl|atk|1
|turn|6
|
|t:|1750778735
|move|p1a: Zacian|Protect|p1a: Zacian
|-singleturn|p1a: Zacian|Protect
|move|p2b: Grimmsnarl|Thunder Wave|p1a: Zacian
|-activate|p1a: Zacian|move: Protect
|move|p2a: Zamazenta|Heavy Slam|p1a: Zacian
|-activate|p1a: Zacian|move: Protect
|move|p1b: Arcanine|Flare Blitz|p2b: Grimmsnarl
|-damage|p2b: Grimmsnarl|0 fnt
|faint|p2b: Grimmsnarl
|-damage|p1b: Arcanine|77/100 par|[from] Recoil
|
|upkeep
|
|t:|1750778750
|switch|p2b: Incineroar|Incineroar, L50, F, shiny|100/100
|-ability|p2b: Incineroar|Intimidate|boost
|-unboost|p1a: Zacian|atk|1
|-unboost|p1b: Arcanine|atk|1
|turn|7
|
|t:|1750778772
|move|p1a: Zacian|Protect|p1a: Zacian
|-singleturn|p1a: Zacian|Protect
|move|p2b: Incineroar|Fake Out|p1a: Zacian
|-activate|p1a: Zacian|move: Protect
|cant|p1b: Arcanine|par
|move|p2a: Zamazenta|Heavy Slam|p1a: Zacian
|-activate|p1a: Zacian|move: Protect
|
|upkeep
|turn|8
|inactive|Netheros has 30 seconds left.
|
|t:|1750778800
|move|p1b: Arcanine|Extreme Speed|p2b: Incineroar
|-damage|p2b: Incineroar|93/100
|move|p1a: Zacian|Sacred Sword|p2b: Incineroar
|-supereffective|p2b: Incineroar
|-damage|p2b: Incineroar|58/100
|move|p2a: Zamazenta|Heavy Slam|p1a: Zacian
|-damage|p1a: Zacian|84/100
|move|p2b: Incineroar|Parting Shot|p1a: Zacian
|-unboost|p1a: Zacian|atk|1
|-unboost|p1a: Zacian|spa|1
|
|t:|1750778814
|switch|p2b: Chien-Pao|Chien-Pao, L50|100/100|[from] Parting Shot
|-ability|p2b: Chien-Pao|Sword of Ruin
|
|-sideend|p2: casteropia|move: Light Screen
|upkeep
|turn|9
|
|t:|1750778831
|move|p1a: Zacian|Protect|p1a: Zacian
|-singleturn|p1a: Zacian|Protect
|move|p2b: Chien-Pao|Sacred Sword|p1a: Zacian
|-activate|p1a: Zacian|move: Protect
|move|p2a: Zamazenta|Body Press|p1b: Arcanine
|-crit|p1b: Arcanine
|-damage|p1b: Arcanine|0 fnt
|faint|p1b: Arcanine
|
|-sideend|p2: casteropia|Reflect
|upkeep
|turn|10
|
|t:|1750778847
|switch|p2b: Incineroar|Incineroar, L50, F, shiny|58/100
|-ability|p2b: Incineroar|Intimidate|boost
|-unboost|p1a: Zacian|atk|1
|move|p1a: Zacian|Behemoth Blade|p2a: Zamazenta
|-supereffective|p2a: Zamazenta
|-damage|p2a: Zamazenta|43/100
|move|p2a: Zamazenta|Body Press|p1a: Zacian
|-damage|p1a: Zacian|26/100
|
|upkeep
|turn|11
|-message|Netheros forfeited.
|
|win|casteropia
|raw|Netheros's rating: 1089 &rarr; <strong>1066</strong><br />(-23 for losing)
|raw|casteropia's rating: 1087 &rarr; <strong>1114</strong><br />(+27 for winning)
|l|☆Netheros
|player|p1|
|l|☆casteropia
|player|p2|
