|j|☆Leacenh
|j|☆flumensilvi95
|t:|1750737746
|gametype|doubles
|player|p1|Leacenh|102|1175
|player|p2|flumensilvi95|101|1214
|teamsize|p1|6
|teamsize|p2|6
|gen|9
|tier|[Gen 9] VGC 2025 Reg I
|rated|
|rule|Species Clause: Limit one of each Pokémon
|rule|Item Clause: Limit 1 of each item
|clearpoke
|poke|p1|Calyrex-Shadow, L50|
|poke|p1|Zamazenta-*, L50|
|poke|p1|Incineroar, L50, F|
|poke|p1|Rillaboom, L50, M|
|poke|p1|Raging Bolt, L50|
|poke|p1|Ogerpon-Hearthflame, L50, F|
|poke|p2|Calyrex-Shadow, L50|
|poke|p2|Chi-Yu, L50|
|poke|p2|Koraidon, L50|
|poke|p2|Walking Wake, L50|
|poke|p2|Tornadus, L50, M|
|poke|p2|Arcanine, L50, F|
|teampreview|4
|
|t:|1750737775
|start
|switch|p1a: Calyrex|Calyrex-Shadow, L50|100/100
|switch|p1b: Incineroar|Incineroar, L50, F|100/100
|switch|p2a: Walking Wake|Walking Wake, L50|100/100
|switch|p2b: Tornadus|Tornadus, L50, M|100/100
|-ability|p1a: Calyrex|As One
|-ability|p1a: Calyrex|Unnerve
|-ability|p1b: Incineroar|Intimidate|boost
|-unboost|p2a: Walking Wake|atk|1
|-unboost|p2b: Tornadus|atk|1
|turn|1
|
|t:|1750737798
|-terastallize|p2b: Tornadus|Ghost
|move|p1b: Incineroar|Fake Out|p2a: Walking Wake
|-damage|p2a: Walking Wake|90/100
|move|p2b: Tornadus|Sunny Day|p2b: Tornadus
|-weather|SunnyDay
|-activate|p2a: Walking Wake|ability: Protosynthesis
|-start|p2a: Walking Wake|protosynthesisspe
|cant|p2a: Walking Wake|flinch
|move|p1a: Calyrex|Nasty Plot|p1a: Calyrex
|-boost|p1a: Calyrex|spa|2
|
|-weather|SunnyDay|[upkeep]
|upkeep
|turn|2
|
|t:|1750737836
|move|p1a: Calyrex|Protect|p1a: Calyrex
|-singleturn|p1a: Calyrex|Protect
|move|p2a: Walking Wake|Hydro Steam|p1a: Calyrex
|-activate|p1a: Calyrex|move: Protect
|move|p2b: Tornadus|Bleakwind Storm|p1b: Incineroar|[spread] p1b
|-activate|p1a: Calyrex|move: Protect
|-damage|p1b: Incineroar|79/100
|-unboost|p1b: Incineroar|spe|1
|move|p1b: Incineroar|Parting Shot|p2a: Walking Wake
|-unboost|p2a: Walking Wake|atk|1
|-unboost|p2a: Walking Wake|spa|1
|
|t:|1750737848
|switch|p1b: Raging Bolt|Raging Bolt, L50|100/100|[from] Parting Shot
|-activate|p1b: Raging Bolt|ability: Protosynthesis
|-start|p1b: Raging Bolt|protosynthesisspa
|
|-weather|SunnyDay|[upkeep]
|upkeep
|turn|3
|
|t:|1750737884
|move|p2b: Tornadus|Tailwind|p2b: Tornadus
|-sidestart|p2: flumensilvi95|move: Tailwind
|move|p2a: Walking Wake|Hydro Steam|p1a: Calyrex
|-damage|p1a: Calyrex|57/100
|move|p1a: Calyrex|Astral Barrage|p2a: Walking Wake|[spread] p2a,p2b
|-supereffective|p2b: Tornadus
|-damage|p2a: Walking Wake|10/100
|-damage|p2b: Tornadus|0 fnt
|faint|p2b: Tornadus
|-ability|p1a: Calyrex|Grim Neigh|boost
|-boost|p1a: Calyrex|spa|1
|move|p1b: Raging Bolt|Thunderbolt|p2a: Walking Wake
|-damage|p2a: Walking Wake|0 fnt
|faint|p2a: Walking Wake
|-end|p2a: Walking Wake|Protosynthesis|[silent]
|
|-weather|SunnyDay|[upkeep]
|upkeep
|
|t:|1750737904
|switch|p2b: Calyrex|Calyrex-Shadow, L50|100/100
|switch|p2a: Koraidon|Koraidon, L50|100/100
|-ability|p2b: Calyrex|As One
|-ability|p2b: Calyrex|Unnerve
|-activate|p2a: Koraidon|ability: Orichalcum Pulse
|turn|4
|
|t:|1750737926
|move|p1a: Calyrex|Protect|p1a: Calyrex
|-singleturn|p1a: Calyrex|Protect
|move|p1b: Raging Bolt|Thunderclap|p2b: Calyrex
|-damage|p2b: Calyrex|39/100
|move|p2b: Calyrex|Astral Barrage|p1a: Calyrex|[spread] p1b
|-activate|p1a: Calyrex|move: Protect
|-damage|p1b: Raging Bolt|41/100
|-damage|p2b: Calyrex|29/100|[from] item: Life Orb
|move|p2a: Koraidon|Close Combat|p1b: Raging Bolt
|-damage|p1b: Raging Bolt|0 fnt
|-unboost|p2a: Koraidon|def|1
|-unboost|p2a: Koraidon|spd|1
|faint|p1b: Raging Bolt
|-end|p1b: Raging Bolt|Protosynthesis|[silent]
|
|-weather|SunnyDay|[upkeep]
|upkeep
|
|t:|1750737941
|switch|p1b: Incineroar|Incineroar, L50, F|79/100
|-ability|p1b: Incineroar|Intimidate|boost
|-fail|p2a: Koraidon|unboost|[from] item: Clear Amulet|[of] p2a: Koraidon
|-unboost|p2b: Calyrex|atk|1
|turn|5
|
|t:|1750737957
|-terastallize|p1a: Calyrex|Normal
|move|p2a: Koraidon|Protect|p2a: Koraidon
|-singleturn|p2a: Koraidon|Protect
|move|p1b: Incineroar|Fake Out|p2a: Koraidon
|-activate|p2a: Koraidon|move: Protect
|move|p2b: Calyrex|Astral Barrage|p1b: Incineroar|[spread] p1b
|-immune|p1a: Calyrex
|-resisted|p1b: Incineroar
|-damage|p1b: Incineroar|52/100
|-damage|p2b: Calyrex|20/100|[from] item: Life Orb
|move|p1a: Calyrex|Astral Barrage|p2b: Calyrex|[spread] p2b
|-activate|p2a: Koraidon|move: Protect
|-supereffective|p2b: Calyrex
|-damage|p2b: Calyrex|0 fnt
|faint|p2b: Calyrex
|-ability|p1a: Calyrex|Grim Neigh|boost
|-boost|p1a: Calyrex|spa|1
|
|-weather|none
|upkeep
|turn|6
|
|t:|1750737985
|move|p1a: Calyrex|Protect|p1a: Calyrex
|-singleturn|p1a: Calyrex|Protect
|move|p2a: Koraidon|Close Combat|p1b: Incineroar
|-supereffective|p1b: Incineroar
|-damage|p1b: Incineroar|0 fnt
|-unboost|p2a: Koraidon|def|1
|-unboost|p2a: Koraidon|spd|1
|faint|p1b: Incineroar
|
|-sideend|p2: flumensilvi95|move: Tailwind
|upkeep
|
|t:|1750737994
|switch|p1b: Zamazenta|Zamazenta-Crowned, L50|100/100
|-ability|p1b: Zamazenta|Dauntless Shield|boost
|-boost|p1b: Zamazenta|def|1
|turn|7
|
|t:|1750738000
|move|p1a: Calyrex|Psychic|p2a: Koraidon
|-supereffective|p2a: Koraidon
|-damage|p2a: Koraidon|0 fnt
|faint|p2a: Koraidon
|
|win|Leacenh
|raw|Leacenh's rating: 1175 &rarr; <strong>1203</strong><br />(+28 for winning)
|raw|flumensilvi95's rating: 1214 &rarr; <strong>1186</strong><br />(-28 for losing)
|l|☆flumensilvi95
|player|p2|
|l|☆Leacenh
|player|p1|
