|j|☆ROOOO11
|j|☆Lavacat412
|t:|1750821230
|gametype|doubles
|player|p1|ROOOO11|flannery|1079
|player|p2|Lavacat412|102|1116
|teamsize|p1|6
|teamsize|p2|6
|gen|9
|tier|[Gen 9] VGC 2025 Reg I
|rated|
|rule|Species Clause: Limit one of each Pokémon
|rule|Item Clause: Limit 1 of each item
|clearpoke
|poke|p1|Lugia, L50|
|poke|p1|Groudon, L50|
|poke|p1|Volcarona, L50, F|
|poke|p1|Raging Bolt, L50|
|poke|p1|Brute Bonnet, L50|
|poke|p1|Flutter Mane, L50|
|poke|p2|Kyogre, L50|
|poke|p2|Scizor, L50, F|
|poke|p2|Chien-Pao, L50|
|poke|p2|Grimmsnarl, L50, M|
|poke|p2|Lunala, L50|
|poke|p2|Iron Hands, L50|
|teampreview|4
ROOOO11 rejected open team sheets.
|inactive|Battle timer is ON: inactive players will automatically lose when time's up. (requested by ROOOO11)
|
|t:|1750821258
|start
|switch|p1a: Groudon|Groudon, L50, shiny|100/100
|switch|p1b: Raging Bolt|Raging Bolt, L50|100/100
|switch|p2a: Lunala|Lunala, L50|100/100
|switch|p2b: Scizor|Scizor, L50, F|100/100
|-weather|SunnyDay|[from] ability: Drought|[of] p1a: Groudon
|-activate|p1b: Raging Bolt|ability: Protosynthesis
|-start|p1b: Raging Bolt|protosynthesisspa
|turn|1
|inactive|ROOOO11 has 30 seconds left.
|inactive|Lavacat412 has 30 seconds left.
|inactive|ROOOO11 has 20 seconds left.
|inactive|ROOOO11 has 15 seconds left.
|inactive|ROOOO11 has 10 seconds left.
|
|t:|1750821307
|move|p1b: Raging Bolt|Thunderclap||[still]
|-fail|p1b: Raging Bolt
|move|p2b: Scizor|U-turn|p1b: Raging Bolt
|-damage|p1b: Raging Bolt|50/100
|inactive|Lavacat412 has 30 seconds left.
|inactive|Lavacat412 has 20 seconds left.
|
|t:|1750821343
|switch|p2b: Iron Hands|Iron Hands, L50|100/100|[from] U-turn
|move|p1a: Groudon|Precipice Blades|p2a: Lunala|[spread] p2a,p2b
|-supereffective|p2b: Iron Hands
|-damage|p2a: Lunala|71/100
|-damage|p2b: Iron Hands|16/100
|-damage|p1a: Groudon|91/100|[from] item: Life Orb
|move|p2a: Lunala|Trick Room|p2a: Lunala
|-fieldstart|move: Trick Room|[of] p2a: Lunala
|
|-weather|SunnyDay|[upkeep]
|-heal|p2a: Lunala|78/100|[from] item: Leftovers
|upkeep
|turn|2
|inactive|Lavacat412 has 30 seconds left.
|
|t:|1750821376
|move|p2b: Iron Hands|Fake Out|p1b: Raging Bolt
|-damage|p1b: Raging Bolt|38/100
|move|p2a: Lunala|Wide Guard|p2a: Lunala
|-singleturn|p2a: Lunala|Wide Guard
|cant|p1b: Raging Bolt|flinch
|move|p1a: Groudon|Precipice Blades|p2a: Lunala|[spread] 
|-activate|p2a: Lunala|move: Wide Guard
|-activate|p2b: Iron Hands|move: Wide Guard
|
|-weather|SunnyDay|[upkeep]
|-heal|p2a: Lunala|84/100|[from] item: Leftovers
|upkeep
|turn|3
|inactive|ROOOO11 has 30 seconds left.
|inactive|Lavacat412 has 30 seconds left.
|inactive|ROOOO11 has 20 seconds left.
|
|t:|1750821412
|-terastallize|p2b: Iron Hands|Bug
|-terastallize|p1a: Groudon|Fire
|move|p1b: Raging Bolt|Thunderclap|p2a: Lunala
|-damage|p2a: Lunala|35/100
|move|p2b: Iron Hands|Drain Punch|p1a: Groudon
|-damage|p1a: Groudon|66/100
|-heal|p2b: Iron Hands|25/100|[from] drain|[of] p1a: Groudon
|move|p1a: Groudon|Heat Crash|p2a: Lunala
|-damage|p2a: Lunala|0 fnt
|faint|p2a: Lunala
|-damage|p1a: Groudon|57/100|[from] item: Life Orb
|
|-weather|SunnyDay|[upkeep]
|upkeep
|
|t:|1750821426
|switch|p2a: Scizor|Scizor, L50, F|100/100
|turn|4
|
|t:|1750821444
|move|p1a: Groudon|Protect|p1a: Groudon
|-singleturn|p1a: Groudon|Protect
|move|p1b: Raging Bolt|Thunderclap|p2b: Iron Hands
|-damage|p2b: Iron Hands|0 fnt
|faint|p2b: Iron Hands
|-end|p2b: Iron Hands|Quark Drive|[silent]
|move|p2a: Scizor|Bullet Punch|p1b: Raging Bolt
|-resisted|p1b: Raging Bolt
|-damage|p1b: Raging Bolt|18/100
|
|-weather|SunnyDay|[upkeep]
|upkeep
|
|t:|1750821453
|switch|p2b: Chien-Pao|Chien-Pao, L50|100/100
|-ability|p2b: Chien-Pao|Sword of Ruin
|turn|5
|
|t:|1750821465
|switch|p1a: Lugia|Lugia, L50|100/100
|move|p1b: Raging Bolt|Thunderclap|p2b: Chien-Pao
|-enditem|p2b: Chien-Pao|Focus Sash
|-damage|p2b: Chien-Pao|1/100
|move|p2a: Scizor|Bullet Punch|p1b: Raging Bolt
|-resisted|p1b: Raging Bolt
|-damage|p1b: Raging Bolt|0 fnt
|faint|p1b: Raging Bolt
|-end|p1b: Raging Bolt|Protosynthesis|[silent]
|move|p2b: Chien-Pao|Sucker Punch||[still]
|-fail|p2b: Chien-Pao
|
|-weather|none
|-fieldend|move: Trick Room
|upkeep
|
|t:|1750821477
|switch|p1b: Groudon|Groudon, L50, shiny, tera:Fire|57/100
|-weather|SunnyDay|[from] ability: Drought|[of] p1b: Groudon
|turn|6
|
|t:|1750821498
|move|p2b: Chien-Pao|Sucker Punch|p1b: Groudon
|-damage|p1b: Groudon|29/100
|move|p2a: Scizor|Bullet Punch|p1a: Lugia
|-damage|p1a: Lugia|82/100
|move|p1a: Lugia|Tailwind|p1a: Lugia
|-sidestart|p1: ROOOO11|move: Tailwind
|move|p1b: Groudon|Precipice Blades|p2a: Scizor|[spread] p2a,p2b
|-damage|p2a: Scizor|13/100
|-damage|p2b: Chien-Pao|0 fnt
|faint|p2b: Chien-Pao
|-damage|p1b: Groudon|19/100|[from] item: Life Orb
|
|-weather|SunnyDay|[upkeep]
|-heal|p1a: Lugia|88/100|[from] item: Leftovers
|upkeep
|turn|7
|
|t:|1750821516
|move|p2a: Scizor|Bullet Punch|p1b: Groudon
|-resisted|p1b: Groudon
|-damage|p1b: Groudon|5/100
|move|p1a: Lugia|Aeroblast|p2a: Scizor
|-damage|p2a: Scizor|0 fnt
|faint|p2a: Scizor
|
|win|ROOOO11
|raw|ROOOO11's rating: 1079 &rarr; <strong>1110</strong><br />(+31 for winning)
|raw|Lavacat412's rating: 1116 &rarr; <strong>1088</strong><br />(-28 for losing)
