|j|☆theblackgatsby
|j|☆yinyangchu
|t:|1750805912
|gametype|doubles
|player|p1|theblackgatsby|102|1287
|player|p2|yinyangchu|169|1259
|teamsize|p1|6
|teamsize|p2|6
|gen|9
|tier|[Gen 9] VGC 2025 Reg I
|rated|
|rule|Species Clause: Limit one of each Pokémon
|rule|Item Clause: Limit 1 of each item
|clearpoke
|poke|p1|Tyranitar, L50, M|
|poke|p1|Miraidon, L50|
|poke|p1|Garchomp, L50, M|
|poke|p1|Volcarona, L50, M|
|poke|p1|Whimsicott, L50, F|
|poke|p1|Zamazenta-*, L50|
|poke|p2|Rillaboom, L50, M|
|poke|p2|Alcremie, L50, F|
|poke|p2|Incineroar, L50, F|
|poke|p2|Terapagos, L50, M|
|poke|p2|Scream Tail, L50|
|poke|p2|Miraidon, L50|
|teampreview|4
|inactive|Battle timer is ON: inactive players will automatically lose when time's up. (requested by theblackgatsby)
|inactive|yinyangchu has 60 seconds left.
|
|t:|1750805994
|start
|switch|p1a: Miraidon|Miraidon, L50|100/100
|switch|p1b: Tyranitar|Tyranitar, L50, M|100/100
|switch|p2a: Rillaboom|Rillaboom, L50, M|100/100
|switch|p2b: Alcremie|Alcremie, L50, F|100/100
|-fieldstart|move: Electric Terrain|[from] ability: Hadron Engine|[of] p1a: Miraidon
|-fieldstart|move: Grassy Terrain|[from] ability: Grassy Surge|[of] p2a: Rillaboom
|-weather|Sandstorm|[from] ability: Sand Stream|[of] p1b: Tyranitar
|turn|1
|
|t:|1750806016
|switch|p1b: Zamazenta|Zamazenta-Crowned, L50|100/100
|-ability|p1b: Zamazenta|Dauntless Shield|boost
|-boost|p1b: Zamazenta|def|1
|move|p2a: Rillaboom|Fake Out|p1a: Miraidon
|-damage|p1a: Miraidon|83/100
|-damage|p2a: Rillaboom|91/100|[from] item: Life Orb
|cant|p1a: Miraidon|flinch
|move|p2b: Alcremie|Dazzling Gleam|p1a: Miraidon|[spread] p1a,p1b
|-supereffective|p1a: Miraidon
|-damage|p1a: Miraidon|18/100
|-damage|p1b: Zamazenta|75/100
|
|-weather|Sandstorm|[upkeep]
|-damage|p1a: Miraidon|12/100|[from] Sandstorm
|-damage|p2a: Rillaboom|85/100|[from] Sandstorm
|-damage|p2b: Alcremie|94/100|[from] Sandstorm
|-heal|p1a: Miraidon|18/100|[from] Grassy Terrain
|-heal|p1b: Zamazenta|82/100|[from] Grassy Terrain
|-heal|p2a: Rillaboom|91/100|[from] Grassy Terrain
|-heal|p2b: Alcremie|100/100|[from] Grassy Terrain
|upkeep
|turn|2
|inactive|yinyangchu has 30 seconds left.
|
|t:|1750806046
|switch|p2b: Terapagos|Terapagos, L50, M|100/100
|-activate|p2b: Terapagos|ability: Tera Shift
|detailschange|p2b: Terapagos|Terapagos-Terastal, L50, M
|-heal|p2b: Terapagos|100/100|[silent]
|move|p2a: Rillaboom|Grassy Glide|p1a: Miraidon
|-resisted|p1a: Miraidon
|-damage|p1a: Miraidon|0 fnt
|faint|p1a: Miraidon
|-damage|p2a: Rillaboom|81/100|[from] item: Life Orb
|move|p1b: Zamazenta|Body Press|p2a: Rillaboom
|-damage|p2a: Rillaboom|22/100
|
|-weather|Sandstorm|[upkeep]
|-damage|p2a: Rillaboom|16/100|[from] Sandstorm
|-damage|p2b: Terapagos|94/100|[from] Sandstorm
|-heal|p1b: Zamazenta|88/100|[from] Grassy Terrain
|-heal|p2a: Rillaboom|22/100|[from] Grassy Terrain
|-heal|p2b: Terapagos|100/100|[from] Grassy Terrain
|upkeep
|
|t:|1750806068
|switch|p1a: Tyranitar|Tyranitar, L50, M|100/100
|turn|3
|inactive|yinyangchu has 30 seconds left.
|inactive|theblackgatsby has 30 seconds left.
|
|t:|1750806110
|switch|p2a: Miraidon|Miraidon, L50|100/100
|-fieldstart|move: Electric Terrain|[from] ability: Hadron Engine|[of] p2a: Miraidon
|-terastallize|p1a: Tyranitar|Flying
|move|p2b: Terapagos|Protect|p2b: Terapagos
|-singleturn|p2b: Terapagos|Protect
|move|p1b: Zamazenta|Wide Guard|p1b: Zamazenta
|-singleturn|p1b: Zamazenta|Wide Guard
|move|p1a: Tyranitar|Tera Blast|p2a: Miraidon|[anim] Tera Blast Flying
|-resisted|p2a: Miraidon
|-damage|p2a: Miraidon|79/100
|
|-weather|Sandstorm|[upkeep]
|-damage|p2a: Miraidon|73/100|[from] Sandstorm
|-damage|p2b: Terapagos|94/100|[from] Sandstorm
|-damage|p1a: Tyranitar|95/100|[from] Sandstorm
|-heal|p2b: Terapagos|100/100|[from] item: Leftovers
|upkeep
|turn|4
|
|t:|1750806133
|switch|p1a: Garchomp|Garchomp, L50, M|100/100
|move|p2a: Miraidon|Volt Switch|p1a: Garchomp
|-immune|p1a: Garchomp
|move|p1b: Zamazenta|Body Press|p2a: Miraidon
|-damage|p2a: Miraidon|8/100
|move|p2b: Terapagos|Calm Mind|p2b: Terapagos
|-boost|p2b: Terapagos|spa|1
|-boost|p2b: Terapagos|spd|1
|
|-weather|Sandstorm|[upkeep]
|-damage|p2a: Miraidon|3/100|[from] Sandstorm
|-damage|p2b: Terapagos|94/100|[from] Sandstorm
|-heal|p2b: Terapagos|100/100|[from] item: Leftovers
|upkeep
|turn|5
|
|t:|1750806156
|switch|p2a: Alcremie|Alcremie, L50, F|100/100
|move|p1a: Garchomp|Protect|p1a: Garchomp
|-singleturn|p1a: Garchomp|Protect
|move|p2b: Terapagos|Protect|p2b: Terapagos
|-singleturn|p2b: Terapagos|Protect
|move|p1b: Zamazenta|Body Press|p2b: Terapagos
|-activate|p2b: Terapagos|move: Protect
|
|-weather|none
|upkeep
|turn|6
|inactive|yinyangchu has 30 seconds left.
|inactive|theblackgatsby has 30 seconds left.
|inactive|yinyangchu has 20 seconds left.
|
|t:|1750806195
|switch|p1a: Tyranitar|Tyranitar, L50, M, tera:Flying|95/100
|-weather|Sandstorm|[from] ability: Sand Stream|[of] p1a: Tyranitar
|move|p1b: Zamazenta|Behemoth Bash|p2a: Alcremie
|-supereffective|p2a: Alcremie
|-damage|p2a: Alcremie|14/100
|move|p2b: Terapagos|Calm Mind|p2b: Terapagos
|-boost|p2b: Terapagos|spa|1
|-boost|p2b: Terapagos|spd|1
|move|p2a: Alcremie|Decorate|p2b: Terapagos
|-boost|p2b: Terapagos|atk|2
|-boost|p2b: Terapagos|spa|2
|
|-weather|Sandstorm|[upkeep]
|-damage|p2b: Terapagos|94/100|[from] Sandstorm
|-damage|p2a: Alcremie|8/100|[from] Sandstorm
|-damage|p1a: Tyranitar|89/100|[from] Sandstorm
|-heal|p2b: Terapagos|100/100|[from] item: Leftovers
|upkeep
|turn|7
|inactive|theblackgatsby has 30 seconds left.
|inactive|yinyangchu has 30 seconds left.
|inactive|yinyangchu has 20 seconds left.
|
|t:|1750806230
|move|p1b: Zamazenta|Body Press|p2b: Terapagos
|-activate|p2b: Terapagos|ability: Tera Shell
|-resisted|p2b: Terapagos
|-damage|p2b: Terapagos|76/100
|move|p2b: Terapagos|Earth Power|p1b: Zamazenta
|-supereffective|p1b: Zamazenta
|-damage|p1b: Zamazenta|0 fnt
|faint|p1b: Zamazenta
|move|p2a: Alcremie|Decorate|p2b: Terapagos
|-boost|p2b: Terapagos|atk|2
|-boost|p2b: Terapagos|spa|2
|move|p1a: Tyranitar|Rock Slide|p2b: Terapagos|[spread] p2a,p2b
|-damage|p2a: Alcremie|0 fnt
|-damage|p2b: Terapagos|54/100
|faint|p2a: Alcremie
|
|-weather|Sandstorm|[upkeep]
|-damage|p2b: Terapagos|47/100|[from] Sandstorm
|-damage|p1a: Tyranitar|83/100|[from] Sandstorm
|-heal|p2b: Terapagos|54/100|[from] item: Leftovers
|-fieldend|move: Electric Terrain
|upkeep
|-message|theblackgatsby forfeited.
|
|win|yinyangchu
|raw|theblackgatsby's rating: 1287 &rarr; <strong>1260</strong><br />(-27 for losing)
|raw|yinyangchu's rating: 1259 &rarr; <strong>1286</strong><br />(+27 for winning)
|l|☆theblackgatsby
|player|p1|
|l|☆yinyangchu
|player|p2|
