|j|☆yuseih
|j|☆V Rex VX\
|t:|1750720348
|gametype|doubles
|player|p1|yuseih|lance|1059
|player|p2|V Rex VX\|101|1079
|teamsize|p1|5
|teamsize|p2|6
|gen|9
|tier|[Gen 9] VGC 2025 Reg I
|rated|
|rule|Species Clause: Limit one of each Pokémon
|rule|Item Clause: Limit 1 of each item
|clearpoke
|poke|p1|Rillaboom, L50, F|
|poke|p1|Ampharos, L50, F|
|poke|p1|Toxtricity-Low-Key, L50, M|
|poke|p1|Dusknoir, L50, F|
|poke|p1|Meowstic, L50, M|
|poke|p2|Calyrex-Ice, L50|
|poke|p2|Indeedee-F, L50, F|
|poke|p2|Incineroar, L50, M|
|poke|p2|Iron Hands, L50|
|poke|p2|Ursaluna-Bloodmoon, L50, M|
|poke|p2|Amoonguss, L50, M|
|teampreview|4
|
|t:|1750720362
|start
|switch|p1a: Meowstic|Meowstic, L50, M|100/100
|switch|p1b: Dusknoir|Dusknoir, L50, F|100/100
|switch|p2a: horse|Calyrex-Ice, L50|100/100
|switch|p2b: baller|Indeedee-F, L50, F, shiny|100/100
|-ability|p2a: horse|As One
|-ability|p2a: horse|Unnerve
|-fieldstart|move: Psychic Terrain|[from] ability: Psychic Surge|[of] p2b: baller
|-ability|p1b: Dusknoir|Pressure
|turn|1
|inactive|Battle timer is ON: inactive players will automatically lose when time's up. (requested by V Rex VX\)
|
|t:|1750720387
|-terastallize|p2a: horse|Water
|move|p2a: horse|Protect|p2a: horse
|-singleturn|p2a: horse|Protect
|move|p2b: baller|Follow Me|p2b: baller
|-singleturn|p2b: baller|move: Follow Me
|move|p1a: Meowstic|Reflect|p1a: Meowstic
|-sidestart|p1: yuseih|Reflect
|move|p1b: Dusknoir|Will-O-Wisp|p2b: baller
|-status|p2b: baller|brn
|
|-damage|p2b: baller|94/100 brn|[from] brn
|upkeep
|turn|2
|inactive|yuseih has 30 seconds left.
|
|t:|1750720412
|move|p1a: Meowstic|Helping Hand|p1b: Dusknoir
|-singleturn|p1b: Dusknoir|Helping Hand|[of] p1a: Meowstic
|move|p2a: horse|Glacial Lance|p1b: Dusknoir|[spread] p1a,p1b
|-damage|p1a: Meowstic|53/100
|-damage|p1b: Dusknoir|60/100
|move|p1b: Dusknoir|Poltergeist|p2a: horse
|-activate|p2a: horse|move: Poltergeist|Clear Amulet
|-damage|p2a: horse|60/100
|move|p2b: baller|Trick Room|p2b: baller
|-fieldstart|move: Trick Room|[of] p2b: baller
|
|-damage|p2b: baller|88/100 brn|[from] brn
|upkeep
|turn|3
|
|t:|1750720435
|switch|p2b: bernard bear|Ursaluna-Bloodmoon, L50, M|100/100
|move|p1a: Meowstic|Light Screen|p1a: Meowstic
|-sidestart|p1: yuseih|move: Light Screen
|move|p1b: Dusknoir|Will-O-Wisp|p2a: horse
|-status|p2a: horse|brn
|move|p2a: horse|Glacial Lance|p1a: Meowstic|[spread] p1a,p1b
|-damage|p1a: Meowstic|30/100
|-damage|p1b: Dusknoir|39/100
|
|-damage|p2a: horse|54/100 brn|[from] brn
|upkeep
|turn|4
|
|t:|1750720458
|move|p1b: Dusknoir|Will-O-Wisp|p2b: bernard bear
|-status|p2b: bernard bear|brn
|move|p2a: horse|Glacial Lance|p1b: Dusknoir|[spread] p1a,p1b
|-damage|p1a: Meowstic|4/100
|-damage|p1b: Dusknoir|16/100
|move|p2b: bernard bear|Blood Moon|p1a: Meowstic
|-damage|p1a: Meowstic|0 fnt
|faint|p1a: Meowstic
|
|-damage|p2a: horse|48/100 brn|[from] brn
|-damage|p2b: bernard bear|95/100 brn|[from] brn
|upkeep
|
|t:|1750720476
|switch|p1a: Ampharos|Ampharos, L50, F|100/100
|turn|5
|
|t:|1750720487
|switch|p1b: Toxtricity|Toxtricity-Low-Key, L50, M|100/100
|move|p2a: horse|Glacial Lance|p1a: Ampharos|[spread] p1a,p1b
|-damage|p1a: Ampharos|80/100
|-damage|p1b: Toxtricity|72/100
|move|p2b: bernard bear|Hyper Voice|p1a: Ampharos|[spread] p1a,p1b
|-damage|p1a: Ampharos|52/100
|-damage|p1b: Toxtricity|36/100
|move|p1a: Ampharos|Meteor Beam||[still]
|-prepare|p1a: Ampharos|Meteor Beam
|-boost|p1a: Ampharos|spa|1
|
|-damage|p2a: horse|43/100 brn|[from] brn
|-damage|p2b: bernard bear|89/100 brn|[from] brn
|-fieldend|move: Psychic Terrain
|upkeep
|turn|6
|
|t:|1750720507
|move|p2a: horse|Glacial Lance|p1a: Ampharos|[spread] p1a,p1b
|-damage|p1a: Ampharos|30/100
|-damage|p1b: Toxtricity|11/100
|move|p2b: bernard bear|Blood Moon|p1a: Ampharos
|-damage|p1a: Ampharos|0 fnt
|faint|p1a: Ampharos
|move|p1b: Toxtricity|Discharge|p2b: bernard bear|[spread] p2a
|-immune|p2b: bernard bear
|-supereffective|p2a: horse
|-crit|p2a: horse
|-damage|p2a: horse|0 fnt
|faint|p2a: horse
|
|-damage|p2b: bernard bear|83/100 brn|[from] brn
|-fieldend|move: Trick Room
|upkeep
|-message|yuseih forfeited.
|
|win|V Rex VX\
|raw|yuseih's rating: 1059 &rarr; <strong>1041</strong><br />(-18 for losing)
|raw|V Rex VX\'s rating: 1079 &rarr; <strong>1106</strong><br />(+27 for winning)
|l|☆yuseih
|player|p1|
|l|☆V Rex VX\
|player|p2|
