|j|☆SpikyWhale
|j|☆jgvitvyvt
|t:|1750825274
|gametype|doubles
|player|p1|SpikyWhale|169|1192
|player|p2|jgvitvyvt|unknown|1225
|teamsize|p1|6
|teamsize|p2|6
|gen|9
|tier|[Gen 9] VGC 2025 Reg I
|rated|
|rule|Species Clause: Limit one of each Pokémon
|rule|Item Clause: Limit 1 of each item
|clearpoke
|poke|p1|Landorus, L50, M|
|poke|p1|Incineroar, L50, F|
|poke|p1|Kyogre, L50|
|poke|p1|Amoonguss, L50, F|
|poke|p1|Calyrex-Ice, L50|
|poke|p1|Ditto, L50|
|poke|p2|Miraidon, L50|
|poke|p2|Groudon, L50|
|poke|p2|Chi-Yu, L50|
|poke|p2|Walking Wake, L50|
|poke|p2|Farigiraf, L50, M|
|poke|p2|Scovillain, L50, M|
|teampreview|4
|inactive|Battle timer is ON: inactive players will automatically lose when time's up. (requested by SpikyWhale)
|inactive|SpikyWhale has 60 seconds left.
|inactive|jgvitvyvt has 60 seconds left.
|inactive|SpikyWhale has 30 seconds left.
|
|t:|1750825335
|start
|switch|p1a: Incineroar|Incineroar, L50, F|100/100
|switch|p1b: Landorus|Landorus, L50, M|100/100
|switch|p2a: Miraidon|Miraidon, L50|100/100
|switch|p2b: Farigiraf|Farigiraf, L50, M|100/100
|-fieldstart|move: Electric Terrain|[from] ability: Hadron Engine|[of] p2a: Miraidon
|-ability|p1a: Incineroar|Intimidate|boost
|-unboost|p2a: Miraidon|atk|1
|-unboost|p2b: Farigiraf|atk|1
|turn|1
|inactive|jgvitvyvt has 30 seconds left.
|
|t:|1750825368
|switch|p2a: Walking Wake|Walking Wake, L50|100/100
|switch|p1b: Kyogre|Kyogre, L50|100/100
|-weather|RainDance|[from] ability: Drizzle|[of] p1b: Kyogre
|switch|p1a: Calyrex|Calyrex-Ice, L50|100/100
|-ability|p1a: Calyrex|As One
|-ability|p1a: Calyrex|Unnerve
|move|p2b: Farigiraf|Twin Beam|p1b: Kyogre
|-damage|p1b: Kyogre|92/100
|-damage|p1b: Kyogre|83/100
|-hitcount|p1b: Kyogre|2
|
|-weather|RainDance|[upkeep]
|upkeep
|turn|2
|inactive|SpikyWhale has 30 seconds left.
|inactive|jgvitvyvt has 30 seconds left.
|inactive|jgvitvyvt has 20 seconds left.
|inactive|jgvitvyvt has 15 seconds left.
|inactive|jgvitvyvt has 10 seconds left.
|
|t:|1750825418
|move|p2a: Walking Wake|Snarl|p1a: Calyrex|[spread] p1a,p1b
|-supereffective|p1a: Calyrex
|-damage|p1a: Calyrex|87/100
|-damage|p1b: Kyogre|77/100
|-unboost|p1a: Calyrex|spa|1
|-unboost|p1b: Kyogre|spa|1
|move|p1b: Kyogre|Thunder|p2a: Walking Wake
|-damage|p2a: Walking Wake|76/100
|move|p1a: Calyrex|Trick Room|p1a: Calyrex
|-fieldstart|move: Trick Room|[of] p1a: Calyrex
|move|p2b: Farigiraf|Trick Room|p2b: Farigiraf
|-fieldend|move: Trick Room
|
|-weather|RainDance|[upkeep]
|-heal|p1a: Calyrex|93/100|[from] item: Leftovers
|upkeep
|turn|3
|
|t:|1750825441
|switch|p1b: Incineroar|Incineroar, L50, F|100/100
|-ability|p1b: Incineroar|Intimidate|boost
|-unboost|p2a: Walking Wake|atk|1
|-unboost|p2b: Farigiraf|atk|1
|move|p2a: Walking Wake|Breaking Swipe|p1b: Incineroar|[spread] p1a,p1b
|-damage|p1a: Calyrex|88/100
|-damage|p1b: Incineroar|94/100
|-unboost|p1a: Calyrex|atk|1
|-unboost|p1b: Incineroar|atk|1
|move|p1a: Calyrex|Leech Seed|p2a: Walking Wake
|-start|p2a: Walking Wake|move: Leech Seed
|move|p2b: Farigiraf|Twin Beam|p1b: Incineroar
|-immune|p1b: Incineroar
|
|-weather|RainDance|[upkeep]
|-heal|p1a: Calyrex|94/100|[from] item: Leftovers
|-damage|p2a: Walking Wake|64/100|[from] Leech Seed|[of] p1a: Calyrex
|-heal|p1a: Calyrex|100/100|[silent]
|upkeep
|turn|4
|inactive|jgvitvyvt has 30 seconds left.
|
|t:|1750825468
|switch|p1b: Kyogre|Kyogre, L50|77/100
|move|p2b: Farigiraf|Protect|p2b: Farigiraf
|-singleturn|p2b: Farigiraf|Protect
|move|p2a: Walking Wake|Breaking Swipe|p1a: Calyrex|[spread] p1a,p1b
|-damage|p1a: Calyrex|96/100
|-damage|p1b: Kyogre|71/100
|-unboost|p1a: Calyrex|atk|1
|-unboost|p1b: Kyogre|atk|1
|move|p1a: Calyrex|Glacial Lance|p2b: Farigiraf|[spread] p2a
|-activate|p2b: Farigiraf|move: Protect
|-damage|p2a: Walking Wake|40/100
|
|-weather|RainDance|[upkeep]
|-heal|p1a: Calyrex|100/100|[from] item: Leftovers
|-damage|p2a: Walking Wake|28/100|[from] Leech Seed|[of] p1a: Calyrex
|upkeep
|turn|5
|
|t:|1750825488
|-end|p2a: Walking Wake|Protosynthesis|[silent]
|switch|p2a: Groudon|Groudon, L50|100/100
|-weather|SunnyDay|[from] ability: Drought|[of] p2a: Groudon
|move|p1b: Kyogre|Water Spout|p2b: Farigiraf|[spread] p2a,p2b
|-supereffective|p2a: Groudon
|-damage|p2a: Groudon|57/100
|-damage|p2b: Farigiraf|80/100
|move|p1a: Calyrex|Leech Seed|p2b: Farigiraf
|-start|p2b: Farigiraf|move: Leech Seed
|move|p2b: Farigiraf|Trick Room|p2b: Farigiraf
|-fieldstart|move: Trick Room|[of] p2b: Farigiraf
|
|-weather|SunnyDay|[upkeep]
|-heal|p2b: Farigiraf|86/100|[from] item: Leftovers
|-damage|p2b: Farigiraf|74/100|[from] Leech Seed|[of] p1a: Calyrex
|-fieldend|move: Electric Terrain
|upkeep
|turn|6
|
|t:|1750825511
|switch|p1b: Landorus|Landorus, L50, M|100/100
|-terastallize|p2a: Groudon|Water
|move|p2b: Farigiraf|Gravity|p2b: Farigiraf
|-fieldstart|move: Gravity
|move|p1a: Calyrex|Leech Seed|p2a: Groudon
|-start|p2a: Groudon|move: Leech Seed
|move|p2a: Groudon|Precipice Blades|p1a: Calyrex|[spread] p1a,p1b
|-crit|p1b: Landorus
|-damage|p1a: Calyrex|67/100
|-damage|p1b: Landorus|13/100
|
|-weather|SunnyDay|[upkeep]
|-heal|p2b: Farigiraf|80/100|[from] item: Leftovers
|-heal|p1a: Calyrex|72/100|[from] item: Leftovers
|-damage|p2b: Farigiraf|68/100|[from] Leech Seed|[of] p1a: Calyrex
|-heal|p1a: Calyrex|86/100|[silent]
|-damage|p2a: Groudon|45/100|[from] Leech Seed|[of] p1a: Calyrex
|-heal|p1a: Calyrex|98/100|[silent]
|upkeep
|turn|7
|
|t:|1750825531
|switch|p2a: Walking Wake|Walking Wake, L50|28/100
|-activate|p2a: Walking Wake|ability: Protosynthesis
|-start|p2a: Walking Wake|protosynthesisspe
|move|p1b: Landorus|Protect|p1b: Landorus
|-singleturn|p1b: Landorus|Protect
|move|p2b: Farigiraf|Twin Beam|p1b: Landorus
|-activate|p1b: Landorus|move: Protect
|move|p1a: Calyrex|Glacial Lance|p2b: Farigiraf|[spread] p2a,p2b
|-damage|p2a: Walking Wake|2/100
|-damage|p2b: Farigiraf|45/100
|
|-weather|SunnyDay|[upkeep]
|-heal|p2b: Farigiraf|51/100|[from] item: Leftovers
|-heal|p1a: Calyrex|100/100|[from] item: Leftovers
|-damage|p2b: Farigiraf|39/100|[from] Leech Seed|[of] p1a: Calyrex
|upkeep
|turn|8
|inactive|jgvitvyvt has 30 seconds left.
|
|t:|1750825557
|switch|p1b: Incineroar|Incineroar, L50, F|94/100
|-ability|p1b: Incineroar|Intimidate|boost
|-unboost|p2a: Walking Wake|atk|1
|-unboost|p2b: Farigiraf|atk|1
|move|p2b: Farigiraf|Twin Beam|p1b: Incineroar
|-immune|p1b: Incineroar
|move|p1a: Calyrex|Glacial Lance|p2a: Walking Wake|[spread] p2a,p2b
|-damage|p2a: Walking Wake|0 fnt
|-damage|p2b: Farigiraf|12/100
|faint|p2a: Walking Wake
|-end|p2a: Walking Wake|Protosynthesis|[silent]
|-ability|p1a: Calyrex|Chilling Neigh|boost
|-boost|p1a: Calyrex|atk|1
|
|-weather|SunnyDay|[upkeep]
|-heal|p2b: Farigiraf|19/100|[from] item: Leftovers
|-damage|p2b: Farigiraf|6/100|[from] Leech Seed|[of] p1a: Calyrex
|upkeep
|
|t:|1750825565
|switch|p2a: Groudon|Groudon, L50, tera:Water|45/100
|turn|9
|
|t:|1750825584
|-terastallize|p1b: Incineroar|Bug
|move|p2a: Groudon|Protect|p2a: Groudon
|-singleturn|p2a: Groudon|Protect
|move|p1a: Calyrex|Leech Seed|p2a: Groudon
|-activate|p2a: Groudon|move: Protect
|move|p1b: Incineroar|Will-O-Wisp|p2a: Groudon
|-activate|p2a: Groudon|move: Protect
|move|p2b: Farigiraf|Trick Room|p2b: Farigiraf
|-fieldend|move: Trick Room
|
|-weather|none
|-heal|p2b: Farigiraf|12/100|[from] item: Leftovers
|-damage|p2b: Farigiraf|0 fnt|[from] Leech Seed|[of] p1a: Calyrex
|faint|p2b: Farigiraf
|upkeep
|
|t:|1750825587
|switch|p2b: Miraidon|Miraidon, L50|100/100
|-fieldstart|move: Electric Terrain|[from] ability: Hadron Engine|[of] p2b: Miraidon
|turn|10
|inactive|SpikyWhale has 30 seconds left.
|
|t:|1750825613
|move|p1a: Calyrex|Protect|p1a: Calyrex
|-singleturn|p1a: Calyrex|Protect
|move|p2b: Miraidon|Electro Drift|p1a: Calyrex
|-activate|p1a: Calyrex|move: Protect
|move|p2a: Groudon|Precipice Blades|p1a: Calyrex|[spread] p1b
|-activate|p1a: Calyrex|move: Protect
|-resisted|p1b: Incineroar
|-damage|p1b: Incineroar|73/100
|move|p1b: Incineroar|Parting Shot|p2b: Miraidon
|-unboost|p2b: Miraidon|atk|1
|-unboost|p2b: Miraidon|spa|1
|
|t:|1750825629
|switch|p1b: Landorus|Landorus, L50, M|13/100|[from] Parting Shot
|
|-fieldend|move: Gravity
|upkeep
|turn|11
|
|t:|1750825638
|switch|p1a: Kyogre|Kyogre, L50|71/100
|-weather|RainDance|[from] ability: Drizzle|[of] p1a: Kyogre
|move|p2b: Miraidon|Electro Drift|p1a: Kyogre
|-supereffective|p1a: Kyogre
|-damage|p1a: Kyogre|0 fnt
|faint|p1a: Kyogre
|move|p1b: Landorus|Sandsear Storm|p2b: Miraidon|[spread] p2a,p2b
|-supereffective|p2b: Miraidon
|-damage|p2a: Groudon|0 fnt
|-damage|p2b: Miraidon|0 fnt
|faint|p2a: Groudon
|faint|p2b: Miraidon
|
|win|SpikyWhale
|raw|SpikyWhale's rating: 1192 &rarr; <strong>1219</strong><br />(+27 for winning)
|raw|jgvitvyvt's rating: 1225 &rarr; <strong>1198</strong><br />(-27 for losing)
|l|☆jgvitvyvt
|player|p2|
|l|☆SpikyWhale
|player|p1|
