|j|☆aiden yap pak lik
|j|☆JonnydiePommes
|t:|1750748710
|gametype|doubles
|player|p1|aiden yap pak lik|1|1258
|player|p2|JonnydiePommes|1|1219
|teamsize|p1|6
|teamsize|p2|6
|gen|9
|tier|[Gen 9] VGC 2025 Reg I
|rated|
|rule|Species Clause: Limit one of each Pokémon
|rule|Item Clause: Limit 1 of each item
|clearpoke
|poke|p1|Calyrex-Shadow, L50|
|poke|p1|Incineroar, L50, M|
|poke|p1|Miraidon, L50|
|poke|p1|Whimsicott, L50, F|
|poke|p1|Sinistcha-Masterpiece, L50|
|poke|p1|Urshifu-*, L50, M|
|poke|p2|Goodra, L50, F|
|poke|p2|Zamazenta-*, L50|
|poke|p2|Lunala, L50|
|poke|p2|Ogerpon-Wellspring, L50, F|
|poke|p2|Incineroar, L50, F|
|poke|p2|Landorus-Therian, L50, M|
|teampreview|4
|inactive|Battle timer is ON: inactive players will automatically lose when time's up. (requested by JonnydiePommes)
|
|t:|1750748735
|start
|switch|p1a: Calyrex|Calyrex-Shadow, L50|100/100
|switch|p1b: Incineroar|Incineroar, L50, M|100/100
|switch|p2a: Lunala|Lunala, L50|100/100
|switch|p2b: Incineroar|Incineroar, L50, F|100/100
|-ability|p1a: Calyrex|As One
|-ability|p1a: Calyrex|Unnerve
|-ability|p2b: Incineroar|Intimidate|boost
|-unboost|p1a: Calyrex|atk|1
|-unboost|p1b: Incineroar|atk|1
|-ability|p1b: Incineroar|Intimidate|boost
|-unboost|p2a: Lunala|atk|1
|-unboost|p2b: Incineroar|atk|1
|turn|1
|inactive|aiden yap pak lik has 30 seconds left.
|inactive|JonnydiePommes has 30 seconds left.
|inactive|JonnydiePommes has 20 seconds left.
|
|t:|1750748774
|-terastallize|p1a: Calyrex|Dark
|move|p2a: Lunala|Protect|p2a: Lunala
|-singleturn|p2a: Lunala|Protect
|move|p1b: Incineroar|Fake Out|p2b: Incineroar
|-crit|p2b: Incineroar
|-damage|p2b: Incineroar|89/100
|-damage|p1b: Incineroar|84/100|[from] item: Rocky Helmet|[of] p2b: Incineroar
|move|p1a: Calyrex|Taunt|p2a: Lunala
|-activate|p2a: Lunala|move: Protect
|cant|p2b: Incineroar|flinch
|
|upkeep
|turn|2
|inactive|JonnydiePommes has 30 seconds left.
|inactive|JonnydiePommes has 20 seconds left.
|inactive|JonnydiePommes has 15 seconds left.
|inactive|JonnydiePommes has 10 seconds left.
|inactive|JonnydiePommes has 5 seconds left.
|
|t:|1750748824
|switch|p2a: Goodra|Goodra, L50, F, shiny|100/100
|move|p1a: Calyrex|Taunt|p2a: Goodra
|-start|p2a: Goodra|move: Taunt
|move|p2b: Incineroar|Parting Shot|p1a: Calyrex
|-unboost|p1a: Calyrex|atk|1
|-unboost|p1a: Calyrex|spa|1
|
|t:|1750748832
|switch|p2b: Zamazenta|Zamazenta-Crowned, L50|100/100|[from] Parting Shot
|-ability|p2b: Zamazenta|Dauntless Shield|boost
|-boost|p2b: Zamazenta|def|1
|move|p1b: Incineroar|Knock Off|p2a: Goodra
|-damage|p2a: Goodra|72/100
|-enditem|p2a: Goodra|Assault Vest|[from] move: Knock Off|[of] p1b: Incineroar
|
|upkeep
|turn|3
|
|t:|1750748853
|move|p1a: Calyrex|Taunt|p2b: Zamazenta
|-start|p2b: Zamazenta|move: Taunt
|move|p2b: Zamazenta|Body Press|p1a: Calyrex
|-supereffective|p1a: Calyrex
|-damage|p1a: Calyrex|0 fnt
|faint|p1a: Calyrex
|move|p2a: Goodra|Scald|p1b: Incineroar
|-supereffective|p1b: Incineroar
|-damage|p1b: Incineroar|40/100
|move|p1b: Incineroar|Flare Blitz|p2b: Zamazenta
|-supereffective|p2b: Zamazenta
|-damage|p2b: Zamazenta|78/100
|-damage|p1b: Incineroar|32/100|[from] Recoil
|
|upkeep
|
|t:|1750748867
|switch|p1a: Miraidon|Miraidon, L50|100/100
|-fieldstart|move: Electric Terrain|[from] ability: Hadron Engine|[of] p1a: Miraidon
|turn|4
|
|t:|1750748878
|-terastallize|p2b: Zamazenta|Grass
|move|p1a: Miraidon|Dazzling Gleam|p2a: Goodra|[spread] p2a,p2b
|-supereffective|p2a: Goodra
|-damage|p2a: Goodra|21/100
|-damage|p2b: Zamazenta|53/100
|move|p2b: Zamazenta|Body Press|p1b: Incineroar
|-supereffective|p1b: Incineroar
|-damage|p1b: Incineroar|0 fnt
|faint|p1b: Incineroar
|move|p2a: Goodra|Dragon Pulse|p1a: Miraidon
|-supereffective|p1a: Miraidon
|-damage|p1a: Miraidon|24/100
|
|-end|p2a: Goodra|move: Taunt
|upkeep
|
|t:|1750748890
|switch|p1b: Urshifu|Urshifu-Rapid-Strike, L50, M|100/100
|turn|5
|inactive|JonnydiePommes has 30 seconds left.
|
|t:|1750748917
|move|p1a: Miraidon|Dazzling Gleam|p2a: Goodra|[spread] p2a,p2b
|-supereffective|p2a: Goodra
|-crit|p2a: Goodra
|-damage|p2a: Goodra|0 fnt
|-damage|p2b: Zamazenta|30/100
|faint|p2a: Goodra
|move|p1b: Urshifu|Close Combat|p2b: Zamazenta
|-damage|p2b: Zamazenta|5/100
|-unboost|p1b: Urshifu|def|1
|-unboost|p1b: Urshifu|spd|1
|move|p2b: Zamazenta|Body Press|p1a: Miraidon
|-damage|p1a: Miraidon|0 fnt
|faint|p1a: Miraidon
|
|-end|p2b: Zamazenta|move: Taunt
|upkeep
|-message|aiden yap pak lik forfeited.
|
|win|JonnydiePommes
|raw|aiden yap pak lik's rating: 1258 &rarr; <strong>1230</strong><br />(-28 for losing)
|raw|JonnydiePommes's rating: 1219 &rarr; <strong>1247</strong><br />(+28 for winning)
|l|☆aiden yap pak lik
|player|p1|
|l|☆JonnydiePommes
|player|p2|
