|j|☆testphalap
|j|☆drsithlord
|t:|1750874038
|gametype|doubles
|player|p1|testphalap|101|1613
|player|p2|drsithlord|rood|1649
|teamsize|p1|6
|teamsize|p2|6
|gen|9
|tier|[Gen 9] VGC 2025 Reg I
|rated|
|rule|Species Clause: Limit one of each Pokémon
|rule|Item Clause: Limit 1 of each item
|clearpoke
|poke|p1|Miraidon, L50|
|poke|p1|Farigiraf, L50, F|
|poke|p1|Incineroar, L50, M|
|poke|p1|Calyrex-Ice, L50|
|poke|p1|Urshifu-*, L50, M|
|poke|p1|Landorus, L50, M|
|poke|p2|Iron Hands, L50|
|poke|p2|Volcarona, L50, F|
|poke|p2|Chien-Pao, L50|
|poke|p2|Miraidon, L50|
|poke|p2|Grimmsnarl, L50, M|
|poke|p2|Zamazenta-*, L50|
|teampreview|4
|inactive|Battle timer is ON: inactive players will automatically lose when time's up. (requested by testphalap)
|
|t:|1750874070
|start
|switch|p1a: Incineroar|Incineroar, L50, M|100/100
|switch|p1b: Miraidon|Miraidon, L50|100/100
|switch|p2a: Iron Hands|Iron Hands, L50|100/100
|switch|p2b: Miraidon|Miraidon, L50|100/100
|-fieldstart|move: Electric Terrain|[from] ability: Hadron Engine|[of] p2b: Miraidon
|-activate|p2a: Iron Hands|ability: Quark Drive
|-start|p2a: Iron Hands|quarkdriveatk
|-activate|p1b: Miraidon|ability: Hadron Engine
|-ability|p1a: Incineroar|Intimidate|boost
|-unboost|p2a: Iron Hands|atk|1
|-unboost|p2b: Miraidon|atk|1
|turn|1
|inactive|drsithlord has 30 seconds left.
|
|t:|1750874100
|switch|p2b: Zamazenta|Zamazenta-Crowned, L50|100/100
|-ability|p2b: Zamazenta|Dauntless Shield|boost
|-boost|p2b: Zamazenta|def|1
|-terastallize|p2a: Iron Hands|Water
|move|p1a: Incineroar|Fake Out|p2b: Zamazenta
|-resisted|p2b: Zamazenta
|-damage|p2b: Zamazenta|98/100
|move|p1b: Miraidon|Draco Meteor|p2b: Zamazenta
|-resisted|p2b: Zamazenta
|-damage|p2b: Zamazenta|52/100
|-unboost|p1b: Miraidon|spa|2
|move|p2a: Iron Hands|Low Kick|p1b: Miraidon
|-damage|p1b: Miraidon|50/100
|
|upkeep
|turn|2
|inactive|drsithlord has 30 seconds left.
|
|t:|1750874126
|switch|p1b: Landorus|Landorus, L50, M|100/100
|-terastallize|p1a: Incineroar|Bug
|move|p2b: Zamazenta|Body Press|p1a: Incineroar
|-resisted|p1a: Incineroar
|-damage|p1a: Incineroar|75/100
|move|p2a: Iron Hands|Low Kick|p1b: Landorus
|-resisted|p1b: Landorus
|-damage|p1b: Landorus|80/100
|move|p1a: Incineroar|U-turn|p2a: Iron Hands
|-crit|p2a: Iron Hands
|-damage|p2a: Iron Hands|74/100
|
|t:|1750874140
|switch|p1a: Miraidon|Miraidon, L50|50/100|[from] U-turn
|-activate|p1a: Miraidon|ability: Hadron Engine
|
|upkeep
|turn|3
|
|t:|1750874164
|-end|p2a: Iron Hands|Quark Drive|[silent]
|switch|p2a: Miraidon|Miraidon, L50|100/100
|-activate|p2a: Miraidon|ability: Hadron Engine
|move|p1a: Miraidon|Electro Drift|p2a: Miraidon
|-resisted|p2a: Miraidon
|-damage|p2a: Miraidon|68/100
|move|p2b: Zamazenta|Behemoth Bash|p1b: Landorus
|-damage|p1b: Landorus|36/100
|move|p1b: Landorus|Earth Power|p2b: Zamazenta
|-supereffective|p2b: Zamazenta
|-damage|p2b: Zamazenta|0 fnt
|faint|p2b: Zamazenta
|
|upkeep
|l|☆testphalap
|inactive|testphalap disconnected and has a minute to reconnect!
|player|p1|
|j|☆testphalap
|inactive|testphalap reconnected.
|player|p1|testphalap|101|
|
|t:|1750874185
|switch|p2b: Iron Hands|Iron Hands, L50, tera:Water|74/100
|-activate|p2b: Iron Hands|ability: Quark Drive
|-start|p2b: Iron Hands|quarkdriveatk
|turn|4
|
|t:|1750874201
|switch|p1a: Incineroar|Incineroar, L50, M, tera:Bug|75/100
|-ability|p1a: Incineroar|Intimidate|boost
|-unboost|p2a: Miraidon|atk|1
|-unboost|p2b: Iron Hands|atk|1
|move|p1b: Landorus|Protect|p1b: Landorus
|-singleturn|p1b: Landorus|Protect
|move|p2b: Iron Hands|Fake Out|p1a: Incineroar
|-damage|p1a: Incineroar|65/100
|move|p2a: Miraidon|Dazzling Gleam|p1b: Landorus|[spread] p1a
|-activate|p1b: Landorus|move: Protect
|-damage|p1a: Incineroar|42/100
|
|upkeep
|turn|5
|
|t:|1750874224
|switch|p2a: Chien-Pao|Chien-Pao, L50|100/100
|-ability|p2a: Chien-Pao|Sword of Ruin
|move|p1a: Incineroar|Fake Out|p2a: Chien-Pao
|-damage|p2a: Chien-Pao|87/100
|move|p1b: Landorus|Sandsear Storm|p2a: Chien-Pao|[spread] p2b
|-miss|p1b: Landorus|p2a: Chien-Pao
|-damage|p2b: Iron Hands|37/100
|move|p2b: Iron Hands|Drain Punch|p1b: Landorus
|-resisted|p1b: Landorus
|-damage|p1b: Landorus|9/100
|-heal|p2b: Iron Hands|48/100|[from] drain|[of] p1b: Landorus
|
|-fieldend|move: Electric Terrain
|-end|p2b: Iron Hands|Quark Drive
|upkeep
|turn|6
|
|t:|1750874240
|-end|p2b: Iron Hands|Quark Drive|[silent]
|switch|p2b: Miraidon|Miraidon, L50|68/100
|-fieldstart|move: Electric Terrain|[from] ability: Hadron Engine|[of] p2b: Miraidon
|move|p2a: Chien-Pao|Protect|p2a: Chien-Pao
|-singleturn|p2a: Chien-Pao|Protect
|move|p1b: Landorus|Protect|p1b: Landorus
|-singleturn|p1b: Landorus|Protect
|move|p1a: Incineroar|Flare Blitz|p2a: Chien-Pao
|-activate|p2a: Chien-Pao|move: Protect
|
|upkeep
|turn|7
|
|t:|1750874256
|move|p1b: Landorus|Protect||[still]
|-fail|p1b: Landorus
|move|p2b: Miraidon|Dazzling Gleam|p1a: Incineroar|[spread] p1a,p1b
|-damage|p1a: Incineroar|15/100
|-damage|p1b: Landorus|0 fnt
|faint|p1b: Landorus
|move|p2a: Chien-Pao|Crunch|p1a: Incineroar
|-damage|p1a: Incineroar|0 fnt
|faint|p1a: Incineroar
|
|upkeep
|
|t:|1750874259
|switch|p1b: Calyrex|Calyrex-Ice, L50|100/100
|switch|p1a: Miraidon|Miraidon, L50|50/100
|-ability|p1b: Calyrex|As One
|-ability|p1b: Calyrex|Unnerve
|-activate|p1a: Miraidon|ability: Hadron Engine
|turn|8
|
|t:|1750874278
|move|p2b: Miraidon|Dazzling Gleam|p1a: Miraidon|[spread] p1a,p1b
|-supereffective|p1a: Miraidon
|-damage|p1a: Miraidon|0 fnt
|-damage|p1b: Calyrex|75/100
|faint|p1a: Miraidon
|move|p2a: Chien-Pao|Crunch|p1b: Calyrex
|-supereffective|p1b: Calyrex
|-damage|p1b: Calyrex|16/100
|move|p1b: Calyrex|Glacial Lance|p2a: Chien-Pao|[spread] p2a,p2b
|-resisted|p2a: Chien-Pao
|-supereffective|p2b: Miraidon
|-damage|p2a: Chien-Pao|53/100
|-damage|p2b: Miraidon|0 fnt
|faint|p2b: Miraidon
|-ability|p1b: Calyrex|Chilling Neigh|boost
|-boost|p1b: Calyrex|atk|1
|
|-heal|p1b: Calyrex|22/100|[from] item: Leftovers
|upkeep
|-message|testphalap forfeited.
|
|win|drsithlord
|raw|testphalap's rating: 1613 &rarr; <strong>1595</strong><br />(-18 for losing)
|raw|drsithlord's rating: 1649 &rarr; <strong>1667</strong><br />(+18 for winning)
|l|☆testphalap
|player|p1|
