|j|☆Smos aap
|j|☆Marcel113
|t:|1750853534
|gametype|doubles
|player|p1|Smos aap|265|1236
|player|p2|Marcel113|266|1338
|teamsize|p1|6
|teamsize|p2|6
|gen|9
|tier|[Gen 9] VGC 2025 Reg I
|rated|
|rule|Species Clause: Limit one of each Pokémon
|rule|Item Clause: Limit 1 of each item
|clearpoke
|poke|p1|Palkia, L50|
|poke|p1|Calyrex-Ice, L50|
|poke|p1|Amoonguss, L50, M|
|poke|p1|Cresselia, L50, F|
|poke|p1|Torkoal, L50, F|
|poke|p1|Raging Bolt, L50|
|poke|p2|Miraidon, L50|
|poke|p2|Incineroar, L50, M|
|poke|p2|Primarina, L50, M|
|poke|p2|Gothitelle, L50, F|
|poke|p2|Landorus, L50, M|
|poke|p2|Calyrex-Ice, L50|
|teampreview|4
Marcel113 has agreed to open team sheets.
|inactive|Battle timer is ON: inactive players will automatically lose when time's up. (requested by Marcel113)
|inactive|Smos aap has 60 seconds left.
|
|t:|1750853600
|start
|switch|p1a: Cresselia|Cresselia, L50, F|100/100
|switch|p1b: Torkoal|Torkoal, L50, F|100/100
|switch|p2a: Gothitelle|Gothitelle, L50, F|100/100
|switch|p2b: Calyrex|Calyrex-Ice, L50|100/100
|-ability|p2b: Calyrex|As One
|-ability|p2b: Calyrex|Unnerve
|-weather|SunnyDay|[from] ability: Drought|[of] p1b: Torkoal
|turn|1
|inactive|Smos aap has 30 seconds left.
|
|t:|1750853627
|-terastallize|p2b: Calyrex|Water
|move|p1b: Torkoal|Protect|p1b: Torkoal
|-singleturn|p1b: Torkoal|Protect
|move|p2a: Gothitelle|Fake Out|p1a: Cresselia
|-damage|p1a: Cresselia|97/100
|move|p2b: Calyrex|High Horsepower|p1b: Torkoal
|-activate|p1b: Torkoal|move: Protect
|cant|p1a: Cresselia|flinch
|
|-weather|SunnyDay|[upkeep]
|-heal|p1a: Cresselia|100/100|[from] item: Leftovers
|upkeep
|turn|2
|inactive|Smos aap has 30 seconds left.
|
|t:|1750853684
|switch|p2b: Landorus|Landorus, L50, M|100/100
|move|p1b: Torkoal|Protect|p1b: Torkoal
|-singleturn|p1b: Torkoal|Protect
|move|p2a: Gothitelle|Taunt|p1a: Cresselia
|-start|p1a: Cresselia|move: Taunt
|cant|p1a: Cresselia|move: Taunt|Trick Room
|
|-weather|SunnyDay|[upkeep]
|upkeep
|turn|3
|inactive|Smos aap has 30 seconds left.
|
|t:|1750853710
|switch|p2a: Miraidon|Miraidon, L50|100/100
|-fieldstart|move: Electric Terrain|[from] ability: Hadron Engine|[of] p2a: Miraidon
|move|p2b: Landorus|Earth Power|p1b: Torkoal
|-supereffective|p1b: Torkoal
|-damage|p1b: Torkoal|0 fnt
|faint|p1b: Torkoal
|move|p1a: Cresselia|Psychic|p2b: Landorus
|-damage|p2b: Landorus|78/100
|
|-weather|SunnyDay|[upkeep]
|upkeep
|
|t:|1750853717
|switch|p1b: Palkia|Palkia, L50|100/100
|-ability|p1b: Palkia|Pressure
|turn|4
|
|t:|1750853734
|switch|p1a: Calyrex|Calyrex-Ice, L50|100/100
|-ability|p1a: Calyrex|As One
|-ability|p1a: Calyrex|Unnerve
|move|p2a: Miraidon|Volt Switch|p1b: Palkia
|-damage|p1b: Palkia|33/100
|
|t:|1750853745
|switch|p2a: Gothitelle|Gothitelle, L50, F|100/100|[from] Volt Switch
|move|p2b: Landorus|Earth Power|p1b: Palkia
|-damage|p1b: Palkia|0 fnt
|faint|p1b: Palkia
|
|-weather|SunnyDay|[upkeep]
|upkeep
|
|t:|1750853754
|switch|p1b: Cresselia|Cresselia, L50, F|100/100
|turn|5
|
|t:|1750853768
|move|p2b: Landorus|U-turn|p1a: Calyrex
|-supereffective|p1a: Calyrex
|-damage|p1a: Calyrex|71/100
|-damage|p2b: Landorus|68/100|[from] item: Life Orb
|
|t:|1750853774
|switch|p2b: Calyrex|Calyrex-Ice, L50, tera:Water|100/100|[from] U-turn
|-ability|p2b: Calyrex|As One
|-ability|p2b: Calyrex|Unnerve
|move|p2a: Gothitelle|Taunt|p1b: Cresselia
|-start|p1b: Cresselia|move: Taunt
|move|p1b: Cresselia|Psychic|p2a: Gothitelle
|-resisted|p2a: Gothitelle
|-damage|p2a: Gothitelle|90/100
|move|p1a: Calyrex|Trick Room|p1a: Calyrex
|-fieldstart|move: Trick Room|[of] p1a: Calyrex
|
|-weather|none
|upkeep
|turn|6
|inactive|Marcel113 has 30 seconds left.
|
|t:|1750853804
|switch|p2a: Landorus|Landorus, L50, M|68/100
|move|p1a: Calyrex|Glacial Lance|p2b: Calyrex|[spread] p2a,p2b
|-supereffective|p2a: Landorus
|-resisted|p2b: Calyrex
|-crit|p2b: Calyrex
|-damage|p2a: Landorus|0 fnt
|-damage|p2b: Calyrex|73/100
|faint|p2a: Landorus
|-ability|p1a: Calyrex|Chilling Neigh|boost
|-boost|p1a: Calyrex|atk|1
|move|p2b: Calyrex|Crunch|p1a: Calyrex
|-supereffective|p1a: Calyrex
|-damage|p1a: Calyrex|1/100
|move|p1b: Cresselia|Psychic|p2b: Calyrex
|-crit|p2b: Calyrex
|-damage|p2b: Calyrex|49/100
|
|upkeep
|
|t:|1750853818
|switch|p2a: Gothitelle|Gothitelle, L50, F|90/100
|turn|7
|
|t:|1750853829
|move|p2a: Gothitelle|Fake Out|p1a: Calyrex
|-damage|p1a: Calyrex|0 fnt
|faint|p1a: Calyrex
|move|p2b: Calyrex|Crunch|p1b: Cresselia
|-supereffective|p1b: Cresselia
|-damage|p1b: Cresselia|37/100
|move|p1b: Cresselia|Psychic|p2a: Gothitelle
|-resisted|p2a: Gothitelle
|-damage|p2a: Gothitelle|80/100
|
|-heal|p1b: Cresselia|43/100|[from] item: Leftovers
|-end|p1b: Cresselia|move: Taunt
|-fieldend|move: Electric Terrain
|upkeep
|turn|8
|-message|Smos aap forfeited.
|
|win|Marcel113
|raw|Smos aap's rating: 1236 &rarr; <strong>1218</strong><br />(-18 for losing)
|raw|Marcel113's rating: 1338 &rarr; <strong>1352</strong><br />(+14 for winning)
|l|☆Smos aap
|player|p1|
|l|☆Marcel113
|player|p2|
