|j|☆Ruan12e3
|j|☆Smos aap
|t:|1750860273
|gametype|doubles
|player|p1|Ruan12e3|ethan|1190
|player|p2|Smos aap|265|1226
|teamsize|p1|6
|teamsize|p2|6
|gen|9
|tier|[Gen 9] VGC 2025 Reg I
|rated|
|rule|Species Clause: Limit one of each Pokémon
|rule|Item Clause: Limit 1 of each item
|clearpoke
|poke|p1|Miraidon, L50|
|poke|p1|Groudon, L50|
|poke|p1|Pawmot, L50, M|
|poke|p1|Incineroar, L50, M|
|poke|p1|Walking Wake, L50|
|poke|p1|Krookodile, L50, M|
|poke|p2|Palkia, L50|
|poke|p2|Calyrex-Ice, L50|
|poke|p2|Amoonguss, L50, M|
|poke|p2|Ursaluna, L50, F|
|poke|p2|Torkoal, L50, F|
|poke|p2|Sneasler, L50, M|
|teampreview|4
|inactive|Battle timer is ON: inactive players will automatically lose when time's up. (requested by Ruan12e3)
|inactive|Ruan12e3 has 60 seconds left.
|inactive|Smos aap has 60 seconds left.
|
|t:|1750860324
|start
|switch|p1a: Pawmot|Pawmot, L50, M, shiny|100/100
|switch|p1b: Miraidon|Miraidon, L50|100/100
|switch|p2a: Palkia|Palkia, L50|100/100
|switch|p2b: Sneasler|Sneasler, L50, M|100/100
|-fieldstart|move: Electric Terrain|[from] ability: Hadron Engine|[of] p1b: Miraidon
|-ability|p2a: Palkia|Pressure
|turn|1
|
|t:|1750860338
|move|p1a: Pawmot|Fake Out|p2a: Palkia
|-damage|p2a: Palkia|88/100
|move|p2b: Sneasler|Fake Out|p1b: Miraidon
|-enditem|p2b: Sneasler|Normal Gem|[from] gem
|-damage|p1b: Miraidon|81/100
|move|p1b: Miraidon|Calm Mind|p1b: Miraidon
|-boost|p1b: Miraidon|spa|1
|-boost|p1b: Miraidon|spd|1
|cant|p2a: Palkia|flinch
|
|upkeep
|turn|2
|inactive|Ruan12e3 has 30 seconds left.
|
|t:|1750860364
|move|p2b: Sneasler|Dire Claw|p1b: Miraidon
|-damage|p1b: Miraidon|29/100
|move|p1b: Miraidon|Parabolic Charge|p2a: Palkia|[spread] p2a,p2b
|-immune|p1a: Pawmot|[from] ability: Volt Absorb
|-damage|p2a: Palkia|38/100
|-heal|p1b: Miraidon|58/100|[from] drain|[of] p2a: Palkia
|-damage|p2b: Sneasler|19/100
|-heal|p1b: Miraidon|97/100|[from] drain|[of] p2b: Sneasler
|move|p1a: Pawmot|Encore|p2b: Sneasler
|-start|p2b: Sneasler|Encore
|move|p2a: Palkia|Trick Room|p2a: Palkia
|-fieldstart|move: Trick Room|[of] p2a: Palkia
|
|upkeep
|turn|3
|inactive|Ruan12e3 has 30 seconds left.
|inactive|Ruan12e3 has 20 seconds left.
|inactive|Ruan12e3 has 15 seconds left.
|inactive|Smos aap has 30 seconds left.
|inactive|Ruan12e3 has 10 seconds left.
|
|t:|1750860409
|-terastallize|p2a: Palkia|Dragon
|-terastallize|p1b: Miraidon|Fairy
|move|p2a: Palkia|Spacial Rend|p1b: Miraidon
|-immune|p1b: Miraidon
|move|p1a: Pawmot|Double Shock|p2b: Sneasler
|-damage|p2b: Sneasler|0 fnt
|-start|p1a: Pawmot|typechange|???/Fighting|[from] move: Double Shock
|faint|p2b: Sneasler
|move|p1b: Miraidon|Dazzling Gleam|p2a: Palkia
|-supereffective|p2a: Palkia
|-damage|p2a: Palkia|0 fnt
|faint|p2a: Palkia
|
|upkeep
|
|t:|1750860418
|switch|p2a: Calyrex|Calyrex-Ice, L50|100/100
|switch|p2b: Torkoal|Torkoal, L50, F|100/100
|-ability|p2a: Calyrex|As One
|-ability|p2a: Calyrex|Unnerve
|-weather|SunnyDay|[from] ability: Drought|[of] p2b: Torkoal
|turn|4
|
|t:|1750860434
|switch|p1a: Krookodile|Krookodile, L50, M|100/100
|-ability|p1a: Krookodile|Intimidate|boost
|-fail|p2a: Calyrex|unboost|[from] item: Clear Amulet|[of] p2a: Calyrex
|-unboost|p2b: Torkoal|atk|1
|move|p2b: Torkoal|Eruption|p1b: Miraidon|[spread] p1a,p1b
|-damage|p1a: Krookodile|0 fnt
|-damage|p1b: Miraidon|49/100
|faint|p1a: Krookodile
|move|p2a: Calyrex|Glacial Lance|p1b: Miraidon
|-damage|p1b: Miraidon|0 fnt
|faint|p1b: Miraidon
|-ability|p2a: Calyrex|Chilling Neigh|boost
|-boost|p2a: Calyrex|atk|1
|
|-weather|SunnyDay|[upkeep]
|upkeep
|
|t:|1750860446
|switch|p1a: Pawmot|Pawmot, L50, M, shiny|100/100
|switch|p1b: Groudon|Groudon, L50, shiny|100/100
|turn|5
|
|t:|1750860465
|move|p1a: Pawmot|Fake Out|p2a: Calyrex
|-damage|p2a: Calyrex|93/100
|move|p2b: Torkoal|Eruption|p1a: Pawmot|[spread] p1a,p1b
|-crit|p1b: Groudon
|-enditem|p1a: Pawmot|Focus Sash
|-damage|p1a: Pawmot|1/100
|-damage|p1b: Groudon|29/100
|cant|p2a: Calyrex|flinch
|move|p1b: Groudon|Precipice Blades|p2a: Calyrex|[spread] p2a,p2b
|-supereffective|p2b: Torkoal
|-damage|p2a: Calyrex|60/100
|-damage|p2b: Torkoal|18/100
|
|-weather|SunnyDay|[upkeep]
|-fieldend|move: Electric Terrain
|upkeep
|turn|6
|
|t:|1750860487
|move|p2b: Torkoal|Heat Wave|p1a: Pawmot|[spread] p1a,p1b
|-damage|p1a: Pawmot|0 fnt
|-damage|p1b: Groudon|1/100
|faint|p1a: Pawmot
|move|p2a: Calyrex|Glacial Lance|p1b: Groudon
|-supereffective|p1b: Groudon
|-damage|p1b: Groudon|0 fnt
|faint|p1b: Groudon
|
|win|Smos aap
|raw|Ruan12e3's rating: 1190 &rarr; <strong>1168</strong><br />(-22 for losing)
|raw|Smos aap's rating: 1226 &rarr; <strong>1248</strong><br />(+22 for winning)
|c|☆Smos aap|Gg
|l|☆Ruan12e3
|player|p1|
|l|☆Smos aap
|player|p2|
