|j|☆CadaverLuke
|j|‽zer04n
|t:|1750829655
|gametype|doubles
|player|p1|CadaverLuke|266|1162
|player|p2|zer04n|101|1290
|teamsize|p1|4
|teamsize|p2|6
|gen|9
|tier|[Gen 9] VGC 2025 Reg I
|rated|
|rule|Species Clause: Limit one of each Pokémon
|rule|Item Clause: Limit 1 of each item
|clearpoke
|poke|p1|Sylveon, L50, F|
|poke|p1|Calyrex-Shadow, L50|
|poke|p1|Whimsicott, L50, M|
|poke|p1|Kyogre, L50|
|poke|p2|Miraidon, L50|
|poke|p2|Lunala, L50|
|poke|p2|Ursaluna, L50, M|
|poke|p2|Incineroar, L50, F|
|poke|p2|Urshifu-*, L50, F|
|poke|p2|Whimsicott, L50, M|
|teampreview|4
|inactive|Battle timer is ON: inactive players will automatically lose when time's up. (requested by zer04n)
|
|t:|1750829695
|start
|switch|p1a: Sylveon|Sylveon, L50, F|100/100
|switch|p1b: Whimsicott|Whimsicott, L50, M|100/100
|switch|p2a: Miraidon|Miraidon, L50|100/100
|switch|p2b: Lunala|Lunala, L50|100/100
|-fieldstart|move: Electric Terrain|[from] ability: Hadron Engine|[of] p2a: Miraidon
|-enditem|p2b: Lunala|Electric Seed
|-boost|p2b: Lunala|def|1|[from] item: Electric Seed
|turn|1
|inactive|CadaverLuke has 30 seconds left.
|inactive|zer04n has 30 seconds left.
|
|t:|1750829724
|-terastallize|p1a: Sylveon|Fairy
|move|p1b: Whimsicott|Light Screen|p1b: Whimsicott
|-sidestart|p1: CadaverLuke|move: Light Screen
|move|p2a: Miraidon|Volt Switch|p1a: Sylveon
|-damage|p1a: Sylveon|39/100
|
|t:|1750829732
|switch|p2a: Ursaluna|Ursaluna, L50, M|100/100|[from] Volt Switch
|move|p1a: Sylveon|Hyper Voice|p2b: Lunala|[spread] p2a,p2b
|-damage|p2a: Ursaluna|50/100
|-damage|p2b: Lunala|79/100
|move|p2b: Lunala|Trick Room|p2b: Lunala
|-fieldstart|move: Trick Room|[of] p2b: Lunala
|
|-status|p2a: Ursaluna|brn|[from] item: Flame Orb
|upkeep
|turn|2
|inactive|CadaverLuke has 30 seconds left.
|
|t:|1750829764
|move|p1a: Sylveon|Protect|p1a: Sylveon
|-singleturn|p1a: Sylveon|Protect
|move|p2b: Lunala|Wide Guard|p2b: Lunala
|-singleturn|p2b: Lunala|Wide Guard
|move|p1b: Whimsicott|Encore|p2b: Lunala
|-start|p2b: Lunala|Encore
|move|p2a: Ursaluna|Earthquake|p1b: Whimsicott|[spread] p1b
|-activate|p2b: Lunala|move: Wide Guard
|-activate|p1a: Sylveon|move: Protect
|-resisted|p1b: Whimsicott
|-damage|p1b: Whimsicott|48/100
|-enditem|p1b: Whimsicott|Eject Button
|
|t:|1750829785
|switch|p1b: Kyogre|Kyogre, L50|100/100
|-weather|RainDance|[from] ability: Drizzle|[of] p1b: Kyogre
|
|-weather|RainDance|[upkeep]
|-damage|p2a: Ursaluna|44/100 brn|[from] brn
|upkeep
|turn|3
|
|t:|1750829800
|move|p1b: Kyogre|Protect|p1b: Kyogre
|-singleturn|p1b: Kyogre|Protect
|move|p2b: Lunala|Wide Guard|p2b: Lunala
|-singleturn|p2b: Lunala|Wide Guard
|move|p2a: Ursaluna|Earthquake|p1b: Kyogre|[spread] p1a
|-activate|p2b: Lunala|move: Wide Guard
|-activate|p1b: Kyogre|move: Protect
|-damage|p1a: Sylveon|0 fnt
|faint|p1a: Sylveon
|
|-weather|RainDance|[upkeep]
|-damage|p2a: Ursaluna|39/100 brn|[from] brn
|upkeep
|
|t:|1750829814
|switch|p1a: Calyrex|Calyrex-Shadow, L50|100/100
|-ability|p1a: Calyrex|As One
|-ability|p1a: Calyrex|Unnerve
|turn|4
|inactive|CadaverLuke has 30 seconds left.
|
|t:|1750829849
|move|p1a: Calyrex|Protect|p1a: Calyrex
|-singleturn|p1a: Calyrex|Protect
|move|p2b: Lunala|Wide Guard|p2b: Lunala
|-singleturn|p2b: Lunala|Wide Guard
|move|p2a: Ursaluna|Earthquake|p1b: Kyogre|[spread] p1b
|-activate|p2b: Lunala|move: Wide Guard
|-activate|p1a: Calyrex|move: Protect
|-damage|p1b: Kyogre|29/100
|move|p1b: Kyogre|Thunder|p2a: Ursaluna
|-immune|p2a: Ursaluna
|
|-weather|RainDance|[upkeep]
|-damage|p2a: Ursaluna|33/100 brn|[from] brn
|upkeep
|turn|5
|
|t:|1750829867
|move|p1b: Kyogre|Protect|p1b: Kyogre
|-singleturn|p1b: Kyogre|Protect
|move|p1a: Calyrex|Protect|p1a: Calyrex
|-singleturn|p1a: Calyrex|Protect
|move|p2b: Lunala|Wide Guard|p2b: Lunala
|-singleturn|p2b: Lunala|Wide Guard
|move|p2a: Ursaluna|Earthquake|p1b: Kyogre|[spread] 
|-activate|p2b: Lunala|move: Wide Guard
|-activate|p1a: Calyrex|move: Protect
|-activate|p1b: Kyogre|move: Protect
|
|-weather|RainDance|[upkeep]
|-damage|p2a: Ursaluna|27/100 brn|[from] brn
|-end|p2b: Lunala|Encore
|-sideend|p1: CadaverLuke|move: Light Screen
|-fieldend|move: Trick Room
|-fieldend|move: Electric Terrain
|upkeep
|turn|6
|inactive|CadaverLuke has 30 seconds left.
|
|t:|1750829897
|move|p2a: Ursaluna|Protect|p2a: Ursaluna
|-singleturn|p2a: Ursaluna|Protect
|move|p1a: Calyrex|Astral Barrage|p2a: Ursaluna|[spread] p2b
|-activate|p2a: Ursaluna|move: Protect
|-supereffective|p2b: Lunala
|-damage|p2b: Lunala|0 fnt
|faint|p2b: Lunala
|-ability|p1a: Calyrex|Grim Neigh|boost
|-boost|p1a: Calyrex|spa|1
|move|p1b: Kyogre|Origin Pulse|p2a: Ursaluna
|-activate|p2a: Ursaluna|move: Protect
|
|-weather|none
|-damage|p2a: Ursaluna|21/100 brn|[from] brn
|upkeep
|
|t:|1750829914
|switch|p2b: Miraidon|Miraidon, L50|100/100
|-fieldstart|move: Electric Terrain|[from] ability: Hadron Engine|[of] p2b: Miraidon
|turn|7
|
|t:|1750829928
|move|p1a: Calyrex|Astral Barrage|p2b: Miraidon|[spread] p2b
|-immune|p2a: Ursaluna
|-damage|p2b: Miraidon|39/100
|move|p2b: Miraidon|Dazzling Gleam|p1b: Kyogre|[spread] p1a,p1b
|-damage|p1a: Calyrex|51/100
|-damage|p1b: Kyogre|0 fnt
|faint|p1b: Kyogre
|move|p2a: Ursaluna|Earthquake|p1a: Calyrex|[spread] p2b,p1a
|-supereffective|p2b: Miraidon
|-damage|p2b: Miraidon|0 fnt
|-damage|p1a: Calyrex|0 fnt
|faint|p2b: Miraidon
|faint|p1a: Calyrex
|
|-damage|p2a: Ursaluna|15/100 brn|[from] brn
|upkeep
|
|t:|1750829945
|switch|p2b: Urshifu|Urshifu-Rapid-Strike, L50, F|100/100
|switch|p1b: Whimsicott|Whimsicott, L50, M|48/100
|turn|8
|
|t:|1750829956
|-terastallize|p2b: Urshifu|Water
|move|p1b: Whimsicott|Moonblast|p2b: Urshifu
|-crit|p2b: Urshifu
|-damage|p2b: Urshifu|28/100
|-unboost|p2b: Urshifu|spa|1
|move|p2b: Urshifu|Surging Strikes|p1b: Whimsicott
|-resisted|p1b: Whimsicott
|-crit|p1b: Whimsicott
|-damage|p1b: Whimsicott|17/100
|-resisted|p1b: Whimsicott
|-crit|p1b: Whimsicott
|-damage|p1b: Whimsicott|0 fnt
|faint|p1b: Whimsicott
|-hitcount|p1: Whimsicott|2
|
|win|zer04n
|raw|CadaverLuke's rating: 1162 &rarr; <strong>1146</strong><br />(-16 for losing)
|raw|zer04n's rating: 1290 &rarr; <strong>1306</strong><br />(+16 for winning)
|l|‽zer04n
|player|p2|
