|j|☆syunx2
|j|☆xfow
|t:|1750844145
|gametype|doubles
|player|p1|syunx2|marley|1257
|player|p2|xfow|169|1240
|teamsize|p1|6
|teamsize|p2|6
|gen|9
|tier|[Gen 9] VGC 2025 Reg I
|rated|
|rule|Species Clause: Limit one of each Pokémon
|rule|Item Clause: Limit 1 of each item
|clearpoke
|poke|p1|Chi-Yu, L50|
|poke|p1|Glimmora, L50, F|
|poke|p1|Calyrex-Shadow, L50|
|poke|p1|Zamazenta-*, L50|
|poke|p1|Raging Bolt, L50|
|poke|p1|Rillaboom, L50, F|
|poke|p2|Lunala, L50|
|poke|p2|Koraidon, L50|
|poke|p2|Indeedee-F, L50, F|
|poke|p2|Flutter Mane, L50|
|poke|p2|Ogerpon-Cornerstone, L50, F|
|poke|p2|Chi-Yu, L50|
|teampreview|4
|inactive|Battle timer is ON: inactive players will automatically lose when time's up. (requested by syunx2)
xfow rejected open team sheets.
|inactive|syunx2 has 60 seconds left.
|
|t:|1750844186
|start
|switch|p1a: Chi-Yu|Chi-Yu, L50|100/100
|switch|p1b: Glimmora|Glimmora, L50, F|100/100
|switch|p2a: Koraidon|Koraidon, L50|100/100
|switch|p2b: Flutter Mane|Flutter Mane, L50|100/100
|-ability|p1a: Chi-Yu|Beads of Ruin
|-weather|SunnyDay|[from] ability: Orichalcum Pulse|[of] p2a: Koraidon
|-activate|p2b: Flutter Mane|ability: Protosynthesis
|-start|p2b: Flutter Mane|protosynthesisspe
|-activate|p2a: Koraidon|Orichalcum Pulse|[source]
|turn|1
|
|t:|1750844212
|-terastallize|p1a: Chi-Yu|Ghost
|move|p2a: Koraidon|Protect|p2a: Koraidon
|-singleturn|p2a: Koraidon|Protect
|move|p2b: Flutter Mane|Moonblast|p1a: Chi-Yu
|-damage|p1a: Chi-Yu|41/100
|-unboost|p1a: Chi-Yu|spa|1
|move|p1a: Chi-Yu|Heat Wave|p2a: Koraidon|[spread] p2b
|-activate|p2a: Koraidon|move: Protect
|-damage|p2b: Flutter Mane|40/100
|move|p1b: Glimmora|Mortal Spin|p2b: Flutter Mane|[spread] p2b
|-activate|p2a: Koraidon|move: Protect
|-damage|p2b: Flutter Mane|30/100
|-status|p2b: Flutter Mane|psn
|
|-weather|SunnyDay|[upkeep]
|-damage|p2b: Flutter Mane|18/100 psn|[from] psn
|upkeep
|turn|2
|
|t:|1750844237
|move|p2b: Flutter Mane|Shadow Ball|p1a: Chi-Yu
|-supereffective|p1a: Chi-Yu
|-damage|p1a: Chi-Yu|0 fnt
|faint|p1a: Chi-Yu
|move|p2a: Koraidon|Close Combat|p1b: Glimmora
|-damage|p1b: Glimmora|0 fnt
|-unboost|p2a: Koraidon|def|1
|-unboost|p2a: Koraidon|spd|1
|-activate|p1b: Glimmora|ability: Toxic Debris
|-sidestart|p2: xfow|move: Toxic Spikes
|faint|p1b: Glimmora
|-damage|p2a: Koraidon|91/100|[from] item: Life Orb
|
|-weather|SunnyDay|[upkeep]
|-damage|p2b: Flutter Mane|6/100 psn|[from] psn
|upkeep
|
|t:|1750844243
|switch|p1a: Calyrex|Calyrex-Shadow, L50|100/100
|switch|p1b: Raging Bolt|Raging Bolt, L50|100/100
|-ability|p1a: Calyrex|As One
|-ability|p1a: Calyrex|Unnerve
|-activate|p1b: Raging Bolt|ability: Protosynthesis
|-start|p1b: Raging Bolt|protosynthesisspa
|turn|3
|
|t:|1750844263
|move|p1b: Raging Bolt|Thunderclap|p2b: Flutter Mane
|-damage|p2b: Flutter Mane|0 fnt
|faint|p2b: Flutter Mane
|-end|p2b: Flutter Mane|Protosynthesis|[silent]
|move|p1a: Calyrex|Psychic|p2a: Koraidon
|-supereffective|p2a: Koraidon
|-damage|p2a: Koraidon|0 fnt
|faint|p2a: Koraidon
|-ability|p1a: Calyrex|Grim Neigh|boost
|-boost|p1a: Calyrex|spa|1
|
|-weather|SunnyDay|[upkeep]
|upkeep
|
|t:|1750844273
|switch|p2b: Lunala|Lunala, L50|100/100
|switch|p2a: Indeedee|Indeedee-F, L50, F|100/100
|-status|p2b: Lunala|psn
|-status|p2a: Indeedee|psn
|-fieldstart|move: Psychic Terrain|[from] ability: Psychic Surge|[of] p2a: Indeedee
|turn|4
|
|t:|1750844287
|-terastallize|p2b: Lunala|Fairy
|move|p2a: Indeedee|Helping Hand|p2b: Lunala
|-singleturn|p2b: Lunala|Helping Hand|[of] p2a: Indeedee
|move|p1a: Calyrex|Protect|p1a: Calyrex
|-singleturn|p1a: Calyrex|Protect
|move|p2b: Lunala|Meteor Beam||[still]
|-prepare|p2b: Lunala|Meteor Beam
|-boost|p2b: Lunala|spa|1
|-enditem|p2b: Lunala|Power Herb
|-anim|p2b: Lunala|Meteor Beam|p1a: Calyrex
|-activate|p1a: Calyrex|move: Protect
|move|p1b: Raging Bolt|Snarl|p2b: Lunala|[spread] p2a,p2b
|-supereffective|p2a: Indeedee
|-resisted|p2b: Lunala
|-damage|p2a: Indeedee|59/100 psn
|-damage|p2b: Lunala|97/100 psn
|-unboost|p2a: Indeedee|spa|1
|-unboost|p2b: Lunala|spa|1
|
|-weather|SunnyDay|[upkeep]
|-damage|p2b: Lunala|85/100 psn|[from] psn
|-damage|p2a: Indeedee|46/100 psn|[from] psn
|upkeep
|turn|5
|inactive|syunx2 has 30 seconds left.
|
|t:|1750844322
|move|p1a: Calyrex|Psychic|p2b: Lunala
|-damage|p2b: Lunala|0 fnt
|faint|p2b: Lunala
|-ability|p1a: Calyrex|Grim Neigh|boost
|-boost|p1a: Calyrex|spa|1
|move|p2a: Indeedee|Shadow Ball|p1a: Calyrex
|-supereffective|p1a: Calyrex
|-damage|p1a: Calyrex|43/100
|move|p1b: Raging Bolt|Snarl|p2a: Indeedee
|-supereffective|p2a: Indeedee
|-damage|p2a: Indeedee|0 fnt
|faint|p2a: Indeedee
|
|win|syunx2
|raw|syunx2's rating: 1257 &rarr; <strong>1281</strong><br />(+24 for winning)
|raw|xfow's rating: 1240 &rarr; <strong>1216</strong><br />(-24 for losing)
|l|☆xfow
|player|p2|
|l|☆syunx2
|player|p1|
