|j|☆Zeus199
|j|☆matheuzu99
|t:|1750799447
|gametype|doubles
|player|p1|Zeus199|cynthia-gen4|1114
|player|p2|matheuzu99|2|1055
|teamsize|p1|6
|teamsize|p2|6
|gen|9
|tier|[Gen 9] VGC 2025 Reg I
|rated|
|rule|Species Clause: Limit one of each Pokémon
|rule|Item Clause: Limit 1 of each item
|clearpoke
|poke|p1|Gholdengo, L50|
|poke|p1|Basculegion-F, L50, F|
|poke|p1|Meowstic, L50, M|
|poke|p1|Drifblim, L50, M|
|poke|p1|Ho-Oh, L50|
|poke|p1|Groudon, L50|
|poke|p2|Kyogre, L50|
|poke|p2|Koraidon, L50|
|poke|p2|Amoonguss, L50, F|
|poke|p2|Incineroar, L50, M|
|poke|p2|Flutter Mane, L50|
|poke|p2|Urshifu-*, L50, M|
|teampreview|4
|inactive|Battle timer is ON: inactive players will automatically lose when time's up. (requested by Zeus199)
|
|t:|1750799505
|start
|switch|p1a: Drifblim|Drifblim, L50, M, shiny|100/100
|switch|p1b: Basculegion|Basculegion-F, L50, F, shiny|100/100
|switch|p2a: Incineroar|Incineroar, L50, M|100/100
|switch|p2b: Kyogre|Kyogre, L50|100/100
|-weather|RainDance|[from] ability: Drizzle|[of] p2b: Kyogre
|-ability|p2a: Incineroar|Intimidate|boost
|-unboost|p1a: Drifblim|atk|1
|-unboost|p1b: Basculegion|atk|1
|turn|1
|inactive|matheuzu99 has 30 seconds left.
|
|t:|1750799537
|move|p1b: Basculegion|Protect|p1b: Basculegion
|-singleturn|p1b: Basculegion|Protect
|move|p2b: Kyogre|Water Spout|p1b: Basculegion|[spread] p1a
|-activate|p1b: Basculegion|move: Protect
|-enditem|p1a: Drifblim|Focus Sash
|-damage|p1a: Drifblim|1/100
|move|p1a: Drifblim|Tailwind|p1a: Drifblim
|-sidestart|p1: Zeus199|move: Tailwind
|move|p2a: Incineroar|Knock Off|p1b: Basculegion
|-activate|p1b: Basculegion|move: Protect
|
|-weather|RainDance|[upkeep]
|upkeep
|turn|2
|
|t:|1750799557
|switch|p2a: Amoonguss|Amoonguss, L50, F|100/100
|move|p1a: Drifblim|Disable|p2b: Kyogre
|-start|p2b: Kyogre|Disable|Water Spout
|cant|p2b: Kyogre|Disable|Water Spout
|move|p1b: Basculegion|Hydro Pump|p2a: Amoonguss
|-resisted|p2a: Amoonguss
|-damage|p2a: Amoonguss|43/100
|-damage|p1b: Basculegion|90/100|[from] item: Life Orb
|
|-weather|RainDance|[upkeep]
|-heal|p2a: Amoonguss|49/100|[from] item: Black Sludge
|upkeep
|turn|3
|inactive|matheuzu99 has 30 seconds left.
|
|t:|1750799584
|switch|p2b: Koraidon|Koraidon, L50|100/100
|-weather|SunnyDay|[from] ability: Orichalcum Pulse|[of] p2b: Koraidon
|-activate|p2b: Koraidon|Orichalcum Pulse|[source]
|-terastallize|p1b: Basculegion|Ice
|move|p2a: Amoonguss|Rage Powder|p2a: Amoonguss
|-singleturn|p2a: Amoonguss|move: Rage Powder
|move|p1a: Drifblim|Icy Wind|p2b: Koraidon|[spread] p2a,p2b
|-supereffective|p2a: Amoonguss
|-supereffective|p2b: Koraidon
|-damage|p2a: Amoonguss|35/100
|-damage|p2b: Koraidon|82/100
|-unboost|p2a: Amoonguss|spe|1
|-unboost|p2b: Koraidon|spe|1
|move|p1b: Basculegion|Blizzard|p2a: Amoonguss|[spread] p2a
|-miss|p1b: Basculegion|p2b: Koraidon
|-supereffective|p2a: Amoonguss
|-damage|p2a: Amoonguss|0 fnt
|faint|p2a: Amoonguss
|-damage|p1b: Basculegion|80/100|[from] item: Life Orb
|
|-weather|SunnyDay|[upkeep]
|upkeep
|
|t:|1750799607
|switch|p2a: Incineroar|Incineroar, L50, M|100/100
|-ability|p2a: Incineroar|Intimidate|boost
|-unboost|p1a: Drifblim|atk|1
|-unboost|p1b: Basculegion|atk|1
|turn|4
|
|t:|1750799627
|move|p1b: Basculegion|Protect|p1b: Basculegion
|-singleturn|p1b: Basculegion|Protect
|move|p1a: Drifblim|Icy Wind|p2a: Incineroar|[spread] p2a,p2b
|-resisted|p2a: Incineroar
|-supereffective|p2b: Koraidon
|-damage|p2a: Incineroar|97/100
|-damage|p2b: Koraidon|65/100
|-unboost|p2a: Incineroar|spe|1
|-unboost|p2b: Koraidon|spe|1
|move|p2b: Koraidon|U-turn|p1a: Drifblim
|-resisted|p1a: Drifblim
|-damage|p1a: Drifblim|0 fnt
|faint|p1a: Drifblim
|
|t:|1750799640
|switch|p2b: Kyogre|Kyogre, L50|100/100|[from] U-turn
|-weather|RainDance|[from] ability: Drizzle|[of] p2b: Kyogre
|move|p2a: Incineroar|Flare Blitz|p1b: Basculegion
|-activate|p1b: Basculegion|move: Protect
|
|-weather|RainDance|[upkeep]
|-sideend|p1: Zeus199|move: Tailwind
|upkeep
|
|t:|1750799650
|switch|p1a: Meowstic|Meowstic, L50, M, shiny|100/100
|turn|5
|
|t:|1750799668
|move|p1a: Meowstic|Fake Out|p2b: Kyogre
|-damage|p2b: Kyogre|94/100
|cant|p2b: Kyogre|flinch
|move|p1b: Basculegion|Hydro Pump|p2a: Incineroar
|-supereffective|p2a: Incineroar
|-damage|p2a: Incineroar|0 fnt
|faint|p2a: Incineroar
|-damage|p1b: Basculegion|70/100|[from] item: Life Orb
|
|-weather|RainDance|[upkeep]
|upkeep
|
|t:|1750799680
|switch|p2a: Koraidon|Koraidon, L50|65/100
|-weather|SunnyDay|[from] ability: Orichalcum Pulse|[of] p2a: Koraidon
|-activate|p2a: Koraidon|Orichalcum Pulse|[source]
|turn|6
|
|t:|1750799701
|move|p1b: Basculegion|Protect|p1b: Basculegion
|-singleturn|p1b: Basculegion|Protect
|move|p2b: Kyogre|Water Spout|p1b: Basculegion|[spread] p1a
|-activate|p1b: Basculegion|move: Protect
|-damage|p1a: Meowstic|78/100
|move|p2a: Koraidon|Collision Course|p1b: Basculegion
|-activate|p1b: Basculegion|move: Protect
|move|p1a: Meowstic|Trick Room|p1a: Meowstic
|-fieldstart|move: Trick Room|[of] p1a: Meowstic
|
|-weather|SunnyDay|[upkeep]
|upkeep
|turn|7
|-message|matheuzu99 forfeited.
|
|win|Zeus199
|raw|Zeus199's rating: 1114 &rarr; <strong>1135</strong><br />(+21 for winning)
|raw|matheuzu99's rating: 1055 &rarr; <strong>1040</strong><br />(-15 for losing)
|l|☆matheuzu99
|player|p2|
|l|☆Zeus199
|player|p1|
