|j|☆Wwwxxx
|j|☆Diabetic-Dave
|t:|1750795294
|gametype|doubles
|player|p1|Wwwxxx|265|1376
|player|p2|Diabetic-Dave|hiker-gen4|1426
|teamsize|p1|6
|teamsize|p2|6
|gen|9
|tier|[Gen 9] VGC 2025 Reg I
|rated|
|rule|Species Clause: Limit one of each Pokémon
|rule|Item Clause: Limit 1 of each item
|clearpoke
|poke|p1|Oranguru, L50, F|
|poke|p1|Clefairy, L50, M|
|poke|p1|Farigiraf, L50, F|
|poke|p1|Miraidon, L50|
|poke|p1|Groudon, L50|
|poke|p1|Incineroar, L50, M|
|poke|p2|Solgaleo, L50|
|poke|p2|Grimmsnarl, L50, M|
|poke|p2|Oranguru, L50, M|
|poke|p2|Calyrex-Ice, L50|
|poke|p2|Blastoise, L50, M|
|poke|p2|Rillaboom, L50, M|
|teampreview|4
|inactive|Battle timer is ON: inactive players will automatically lose when time's up. (requested by Wwwxxx)
|inactive|Diabetic-Dave has 60 seconds left.
|
|t:|1750795333
|start
|switch|p1a: Oranguru|Oranguru, L50, F|100/100
|switch|p1b: Miraidon|Miraidon, L50|100/100
|switch|p2a: Grimmsnarl|Grimmsnarl, L50, M|100/100
|switch|p2b: Blastoise|Blastoise, L50, M|100/100
|-fieldstart|move: Electric Terrain|[from] ability: Hadron Engine|[of] p1b: Miraidon
|-enditem|p1b: Miraidon|Electric Seed
|-boost|p1b: Miraidon|def|1|[from] item: Electric Seed
|-activate|p1a: Oranguru|ability: Symbiosis|Covert Cloak|[of] p1b: Miraidon
|turn|1
|
|t:|1750795355
|move|p2a: Grimmsnarl|Fake Out|p1b: Miraidon
|-crit|p1b: Miraidon
|-damage|p1b: Miraidon|82/100
|move|p1b: Miraidon|Calm Mind|p1b: Miraidon
|-boost|p1b: Miraidon|spa|1
|-boost|p1b: Miraidon|spd|1
|move|p2b: Blastoise|Iron Defense|p2b: Blastoise
|-boost|p2b: Blastoise|def|2
|move|p1a: Oranguru|Instruct|p1b: Miraidon
|-singleturn|p1b: Miraidon|move: Instruct|[of] p1a: Oranguru
|move|p1b: Miraidon|Calm Mind|p1b: Miraidon
|-boost|p1b: Miraidon|spa|1
|-boost|p1b: Miraidon|spd|1
|
|upkeep
|turn|2
|inactive|Wwwxxx has 30 seconds left.
|
|t:|1750795387
|-terastallize|p2b: Blastoise|Ground
|move|p2a: Grimmsnarl|Light Screen|p2a: Grimmsnarl
|-sidestart|p2: Diabetic-Dave|move: Light Screen
|move|p1b: Miraidon|Parabolic Charge|p2b: Blastoise|[spread] p1a,p2a
|-immune|p2b: Blastoise
|-damage|p1a: Oranguru|39/100
|-heal|p1b: Miraidon|100/100|[from] drain|[of] p1a: Oranguru
|-damage|p2a: Grimmsnarl|45/100
|move|p2b: Blastoise|Iron Defense|p2b: Blastoise
|-boost|p2b: Blastoise|def|2
|move|p1a: Oranguru|Instruct|p1b: Miraidon
|-singleturn|p1b: Miraidon|move: Instruct|[of] p1a: Oranguru
|move|p1b: Miraidon|Parabolic Charge|p2a: Grimmsnarl|[spread] p1a,p2a
|-immune|p2b: Blastoise
|-damage|p1a: Oranguru|0 fnt
|-damage|p2a: Grimmsnarl|0 fnt
|faint|p1a: Oranguru
|faint|p2a: Grimmsnarl
|
|upkeep
|inactive|Wwwxxx has 30 seconds left.
|
|t:|1750795413
|switch|p2a: Calyrex|Calyrex-Ice, L50|100/100
|switch|p1a: Farigiraf|Farigiraf, L50, F|100/100
|-ability|p2a: Calyrex|As One
|-ability|p2a: Calyrex|Unnerve
|turn|3
|
|t:|1750795426
|-terastallize|p1b: Miraidon|Fairy
|move|p1b: Miraidon|Dazzling Gleam|p2a: Calyrex|[spread] p2a,p2b
|-damage|p2a: Calyrex|61/100
|-damage|p2b: Blastoise|55/100
|move|p2b: Blastoise|Body Press|p1b: Miraidon
|-resisted|p1b: Miraidon
|-damage|p1b: Miraidon|78/100
|move|p1a: Farigiraf|Imprison|p1a: Farigiraf
|-start|p1a: Farigiraf|move: Imprison
|move|p2a: Calyrex|Glacial Lance|p1b: Miraidon|[spread] p1a,p1b
|-damage|p1a: Farigiraf|39/100
|-damage|p1b: Miraidon|42/100
|
|-heal|p2b: Blastoise|61/100|[from] item: Leftovers
|upkeep
|turn|4
|inactive|Diabetic-Dave has 30 seconds left.
|
|t:|1750795452
|move|p1a: Farigiraf|Helping Hand|p1b: Miraidon
|-singleturn|p1b: Miraidon|Helping Hand|[of] p1a: Farigiraf
|move|p1b: Miraidon|Dazzling Gleam|p2a: Calyrex|[spread] p2a,p2b
|-damage|p2a: Calyrex|5/100
|-damage|p2b: Blastoise|0 fnt
|faint|p2b: Blastoise
|move|p2a: Calyrex|Glacial Lance|p1b: Miraidon|[spread] p1a,p1b
|-damage|p1a: Farigiraf|0 fnt
|-damage|p1b: Miraidon|2/100
|faint|p1a: Farigiraf
|-ability|p2a: Calyrex|Chilling Neigh|boost
|-boost|p2a: Calyrex|atk|1
|
|upkeep
|
|t:|1750795464
|switch|p2b: Solgaleo|Solgaleo, L50|100/100
|switch|p1a: Clefairy|Clefairy, L50, M|100/100
|turn|5
|
|t:|1750795477
|move|p1a: Clefairy|Helping Hand|p1b: Miraidon
|-singleturn|p1b: Miraidon|Helping Hand|[of] p1a: Clefairy
|move|p2a: Calyrex|Protect|p2a: Calyrex
|-singleturn|p2a: Calyrex|Protect
|move|p1b: Miraidon|Parabolic Charge|p2b: Solgaleo|[spread] p1a,p2b
|-activate|p2a: Calyrex|move: Protect
|-damage|p1a: Clefairy|0 fnt
|-heal|p1b: Miraidon|52/100|[from] drain|[of] p1a: Clefairy
|-damage|p2b: Solgaleo|38/100
|-heal|p1b: Miraidon|92/100|[from] drain|[of] p2b: Solgaleo
|faint|p1a: Clefairy
|move|p2b: Solgaleo|Earthquake|p1b: Miraidon|[spread] p1b
|-activate|p2a: Calyrex|move: Protect
|-damage|p1b: Miraidon|67/100
|-damage|p2b: Solgaleo|28/100|[from] item: Life Orb
|
|-fieldend|move: Electric Terrain
|upkeep
|turn|6
|
|t:|1750795499
|move|p1b: Miraidon|Parabolic Charge|p2a: Calyrex|[spread] p2a,p2b
|-damage|p2a: Calyrex|0 fnt
|-heal|p1b: Miraidon|70/100|[from] drain|[of] p2a: Calyrex
|-damage|p2b: Solgaleo|1/100
|-heal|p1b: Miraidon|87/100|[from] drain|[of] p2b: Solgaleo
|faint|p2a: Calyrex
|move|p2b: Solgaleo|Sunsteel Strike|p1b: Miraidon
|-supereffective|p1b: Miraidon
|-damage|p1b: Miraidon|0 fnt
|faint|p1b: Miraidon
|-damage|p2b: Solgaleo|0 fnt|[from] item: Life Orb
|faint|p2b: Solgaleo
|
|win|Diabetic-Dave
|raw|Wwwxxx's rating: 1376 &rarr; <strong>1359</strong><br />(-17 for losing)
|raw|Diabetic-Dave's rating: 1426 &rarr; <strong>1443</strong><br />(+17 for winning)
|l|☆Wwwxxx
|player|p1|
|l|☆Diabetic-Dave
|player|p2|
