|j|☆a2
|j|☆juacox300
|t:|1750869888
|gametype|doubles
|player|p1|a2|dawn-masters|1662
|player|p2|juacox300|unknown|1669
|teamsize|p1|6
|teamsize|p2|6
|gen|9
|tier|[Gen 9] VGC 2025 Reg I
|rated|
|rule|Species Clause: Limit one of each Pokémon
|rule|Item Clause: Limit 1 of each item
|clearpoke
|poke|p1|Ogerpon-Hearthflame, L50, F|
|poke|p1|Grimmsnarl, L50, M|
|poke|p1|Incineroar, L50, F|
|poke|p1|Miraidon, L50|
|poke|p1|Ursaluna, L50, M|
|poke|p1|Lunala, L50|
|poke|p2|Miraidon, L50|
|poke|p2|Iron Hands, L50|
|poke|p2|Calyrex-Ice, L50|
|poke|p2|Incineroar, L50, M|
|poke|p2|Chi-Yu, L50|
|poke|p2|Alcremie-Salted-Cream, L50, F|
|teampreview|4
|inactive|Battle timer is ON: inactive players will automatically lose when time's up. (requested by a2)
|inactive|a2 has 60 seconds left.
|
|t:|1750869939
|start
|switch|p1a: Grimmsnarl|Grimmsnarl, L50, M|100/100
|switch|p1b: Miraidon|Miraidon, L50|100/100
|switch|p2a: Miraidon|Miraidon, L50|100/100
|switch|p2b: Helena|Alcremie-Salted-Cream, L50, F|100/100
|-fieldstart|move: Electric Terrain|[from] ability: Hadron Engine|[of] p2a: Miraidon
|-activate|p1b: Miraidon|ability: Hadron Engine
|turn|1
|
|t:|1750869961
|-terastallize|p1b: Miraidon|Electric
|move|p2a: Miraidon|Protect|p2a: Miraidon
|-singleturn|p2a: Miraidon|Protect
|move|p2b: Helena|Protect|p2b: Helena
|-singleturn|p2b: Helena|Protect
|move|p1a: Grimmsnarl|Light Screen|p1a: Grimmsnarl
|-sidestart|p1: a2|move: Light Screen
|move|p1b: Miraidon|Calm Mind|p1b: Miraidon
|-boost|p1b: Miraidon|spa|1
|-boost|p1b: Miraidon|spd|1
|
|upkeep
|turn|2
|inactive|a2 has 30 seconds left.
|
|t:|1750869992
|move|p1a: Grimmsnarl|Thunder Wave|p2b: Helena
|-status|p2b: Helena|par
|move|p2a: Miraidon|Electro Drift|p1a: Grimmsnarl
|-damage|p1a: Grimmsnarl|10/100
|-damage|p2a: Miraidon|91/100|[from] item: Life Orb
|move|p1b: Miraidon|Dragon Pulse|p2a: Miraidon
|-supereffective|p2a: Miraidon
|-damage|p2a: Miraidon|0 fnt
|faint|p2a: Miraidon
|move|p2b: Helena|Encore|p1b: Miraidon
|-start|p1b: Miraidon|Encore
|
|upkeep
|
|t:|1750870002
|switch|p2a: Calyrex|Calyrex-Ice, L50|100/100
|-ability|p2a: Calyrex|As One
|-ability|p2a: Calyrex|Unnerve
|turn|3
|
|t:|1750870014
|move|p1a: Grimmsnarl|Thunder Wave|p2a: Calyrex
|-status|p2a: Calyrex|par
|move|p1b: Miraidon|Dragon Pulse|p2a: Calyrex
|-damage|p2a: Calyrex|42/100 par
|cant|p2b: Helena|par
|move|p2a: Calyrex|Trick Room|p2a: Calyrex
|-fieldstart|move: Trick Room|[of] p2a: Calyrex
|
|upkeep
|turn|4
|
|t:|1750870030
|move|p2a: Calyrex|Protect|p2a: Calyrex
|-singleturn|p2a: Calyrex|Protect
|move|p1a: Grimmsnarl|Reflect|p1a: Grimmsnarl
|-sidestart|p1: a2|Reflect
|cant|p2b: Helena|par
|move|p1b: Miraidon|Dragon Pulse|p2a: Calyrex
|-activate|p2a: Calyrex|move: Protect
|
|upkeep
|turn|5
|-message|juacox300 forfeited.
|
|win|a2
|raw|a2's rating: 1662 &rarr; <strong>1682</strong><br />(+20 for winning)
|raw|juacox300's rating: 1669 &rarr; <strong>1649</strong><br />(-20 for losing)
|l|☆juacox300
|player|p2|
|l|☆a2
|player|p1|
