|j|☆Lewissquire
|j|☆Runningman2412
|t:|1750768928
|gametype|doubles
|player|p1|Lewissquire|2|1453
|player|p2|Runningman2412|ninjaboy|1340
|teamsize|p1|6
|teamsize|p2|6
|gen|9
|tier|[Gen 9] VGC 2025 Reg I
|rated|
|rule|Species Clause: Limit one of each Pokémon
|rule|Item Clause: Limit 1 of each item
|clearpoke
|poke|p1|Zamazenta-*, L50|
|poke|p1|Raging Bolt, L50|
|poke|p1|Incineroar, L50, M|
|poke|p1|Rillaboom, L50, M|
|poke|p1|Ogerpon-Hearthflame, L50, F|
|poke|p1|Calyrex-Shadow, L50|
|poke|p2|Calyrex-Shadow, L50|
|poke|p2|Zamazenta-*, L50|
|poke|p2|Incineroar, L50, M|
|poke|p2|Urshifu-*, L50, M|
|poke|p2|Brute Bonnet, L50|
|poke|p2|Rillaboom, L50, M|
|teampreview|4
|inactive|Battle timer is ON: inactive players will automatically lose when time's up. (requested by Runningman2412)
Runningman2412 has agreed to open team sheets.
|
|t:|1750768955
|start
|switch|p1a: Zamazenta|Zamazenta-Crowned, L50|100/100
|switch|p1b: Incineroar|Incineroar, L50, M|100/100
|switch|p2a: Calyrex|Calyrex-Shadow, L50|100/100
|switch|p2b: Zamazenta|Zamazenta-Crowned, L50|100/100
|-ability|p2a: Calyrex|As One
|-ability|p2a: Calyrex|Unnerve
|-ability|p2b: Zamazenta|Dauntless Shield|boost
|-boost|p2b: Zamazenta|def|1
|-ability|p1a: Zamazenta|Dauntless Shield|boost
|-boost|p1a: Zamazenta|def|1
|-ability|p1b: Incineroar|Intimidate|boost
|-unboost|p2a: Calyrex|atk|1
|-unboost|p2b: Zamazenta|atk|1
|turn|1
|
|t:|1750768977
|switch|p1b: Calyrex|Calyrex-Shadow, L50|100/100
|-ability|p1b: Calyrex|As One
|-ability|p1b: Calyrex|Unnerve
|move|p2a: Calyrex|Protect|p2a: Calyrex
|-singleturn|p2a: Calyrex|Protect
|move|p2b: Zamazenta|Protect|p2b: Zamazenta
|-singleturn|p2b: Zamazenta|Protect
|move|p1a: Zamazenta|Wide Guard||[still]
|-fail|p1a: Zamazenta
|
|upkeep
|turn|2
|
|t:|1750768999
|switch|p2a: Incineroar|Incineroar, L50, M|100/100
|-ability|p2a: Incineroar|Intimidate|boost
|-unboost|p1a: Zamazenta|atk|1
|-unboost|p1b: Calyrex|atk|1
|move|p2b: Zamazenta|Wide Guard|p2b: Zamazenta
|-singleturn|p2b: Zamazenta|Wide Guard
|move|p1a: Zamazenta|Wide Guard|p1a: Zamazenta
|-singleturn|p1a: Zamazenta|Wide Guard
|move|p1b: Calyrex|Astral Barrage|p2a: Incineroar|[spread] 
|-activate|p2a: Incineroar|move: Wide Guard
|-activate|p2b: Zamazenta|move: Wide Guard
|
|upkeep
|turn|3
|inactive|Lewissquire has 30 seconds left.
|
|t:|1750769025
|move|p1b: Calyrex|Nasty Plot|p1b: Calyrex
|-boost|p1b: Calyrex|spa|2
|move|p2b: Zamazenta|Body Press|p1a: Zamazenta
|-supereffective|p1a: Zamazenta
|-damage|p1a: Zamazenta|51/100
|move|p1a: Zamazenta|Body Press|p2a: Incineroar
|-supereffective|p2a: Incineroar
|-damage|p2a: Incineroar|0 fnt
|-damage|p1a: Zamazenta|35/100|[from] item: Rocky Helmet|[of] p2a: Incineroar
|faint|p2a: Incineroar
|
|upkeep
|
|t:|1750769035
|switch|p2a: Calyrex|Calyrex-Shadow, L50|100/100
|-ability|p2a: Calyrex|As One
|-ability|p2a: Calyrex|Unnerve
|turn|4
|
|t:|1750769045
|move|p2b: Zamazenta|Wide Guard|p2b: Zamazenta
|-singleturn|p2b: Zamazenta|Wide Guard
|move|p1a: Zamazenta|Wide Guard|p1a: Zamazenta
|-singleturn|p1a: Zamazenta|Wide Guard
|move|p2a: Calyrex|Encore|p1b: Calyrex
|-start|p1b: Calyrex|Encore
|move|p1b: Calyrex|Nasty Plot|p1b: Calyrex
|-boost|p1b: Calyrex|spa|2
|
|upkeep
|turn|5
|inactive|Lewissquire has 30 seconds left.
|
|t:|1750769071
|switch|p1b: Ogerpon|Ogerpon-Hearthflame, L50, F|100/100
|-ability|p1b: Ogerpon|Mold Breaker
|move|p1a: Zamazenta|Wide Guard|p1a: Zamazenta
|-singleturn|p1a: Zamazenta|Wide Guard
|move|p2a: Calyrex|Psychic|p1a: Zamazenta
|-damage|p1a: Zamazenta|0 fnt
|faint|p1a: Zamazenta
|-ability|p2a: Calyrex|Grim Neigh|boost
|-boost|p2a: Calyrex|spa|1
|move|p2b: Zamazenta|Behemoth Bash|p1b: Ogerpon
|-resisted|p1b: Ogerpon
|-damage|p1b: Ogerpon|86/100
|
|upkeep
|
|t:|1750769082
|switch|p1a: Incineroar|Incineroar, L50, M|100/100
|-ability|p1a: Incineroar|Intimidate|boost
|-unboost|p2a: Calyrex|atk|1
|-unboost|p2b: Zamazenta|atk|1
|turn|6
|
|t:|1750769096
|-terastallize|p1a: Incineroar|Bug
|move|p2b: Zamazenta|Protect|p2b: Zamazenta
|-singleturn|p2b: Zamazenta|Protect
|move|p2a: Calyrex|Astral Barrage|p1a: Incineroar|[spread] p1a,p1b
|-damage|p1a: Incineroar|14/100
|-damage|p1b: Ogerpon|0 fnt
|faint|p1b: Ogerpon
|-ability|p2a: Calyrex|Grim Neigh|boost
|-boost|p2a: Calyrex|spa|1
|move|p1a: Incineroar|Knock Off|p2a: Calyrex
|-supereffective|p2a: Calyrex
|-damage|p2a: Calyrex|0 fnt
|-enditem|p2a: Calyrex|Spooky Plate|[from] move: Knock Off|[of] p1a: Incineroar
|faint|p2a: Calyrex
|
|upkeep
|
|t:|1750769113
|switch|p2a: Urshifu|Urshifu-Rapid-Strike, L50, M|100/100
|switch|p1b: Calyrex|Calyrex-Shadow, L50|100/100
|-ability|p1b: Calyrex|As One
|-ability|p1b: Calyrex|Unnerve
|turn|7
|
|t:|1750769129
|-terastallize|p2a: Urshifu|Water
|move|p2b: Zamazenta|Wide Guard|p2b: Zamazenta
|-singleturn|p2b: Zamazenta|Wide Guard
|move|p1b: Calyrex|Psychic|p2a: Urshifu
|-crit|p2a: Urshifu
|-damage|p2a: Urshifu|0 fnt
|faint|p2a: Urshifu
|-ability|p1b: Calyrex|Grim Neigh|boost
|-boost|p1b: Calyrex|spa|1
|-damage|p1b: Calyrex|91/100|[from] item: Life Orb
|move|p1a: Incineroar|Will-O-Wisp|p2b: Zamazenta|[miss]
|-miss|p1a: Incineroar|p2b: Zamazenta
|
|upkeep
|turn|8
|inactive|Lewissquire has 30 seconds left.
|
|t:|1750769156
|move|p1b: Calyrex|Astral Barrage|p2b: Zamazenta
|-damage|p2b: Zamazenta|14/100
|-damage|p1b: Calyrex|81/100|[from] item: Life Orb
|move|p2b: Zamazenta|Behemoth Bash|p1b: Calyrex
|-damage|p1b: Calyrex|63/100
|move|p1a: Incineroar|Will-O-Wisp|p2b: Zamazenta
|-status|p2b: Zamazenta|brn
|
|-damage|p2b: Zamazenta|8/100 brn|[from] brn
|upkeep
|turn|9
|-message|Runningman2412 forfeited.
|
|win|Lewissquire
|raw|Lewissquire's rating: 1453 &rarr; <strong>1467</strong><br />(+14 for winning)
|raw|Runningman2412's rating: 1340 &rarr; <strong>1326</strong><br />(-14 for losing)
|l|☆Runningman2412
|player|p2|
