|j|☆Prasoooon
|j|☆Sobble14
|t:|1750874201
|gametype|doubles
|player|p1|Prasoooon|red|1717
|player|p2|Sobble14|102|1616
|teamsize|p1|6
|teamsize|p2|6
|gen|9
|tier|[Gen 9] VGC 2025 Reg I
|rated|
|rule|Species Clause: Limit one of each Pokémon
|rule|Item Clause: Limit 1 of each item
|clearpoke
|poke|p1|Calyrex-Shadow, L50|
|poke|p1|Koraidon, L50|
|poke|p1|Indeedee-F, L50, F|
|poke|p1|Ursaluna, L50, F|
|poke|p1|Smeargle, L50, F|
|poke|p1|Tornadus, L50, M|
|poke|p2|Miraidon, L50|
|poke|p2|Terapagos, L50, M|
|poke|p2|Iron Valiant, L50|
|poke|p2|Pawmot, L50, M|
|poke|p2|Comfey, L50, M|
|poke|p2|Clodsire, L50, F|
|teampreview|4
|inactive|Battle timer is ON: inactive players will automatically lose when time's up. (requested by Prasoooon)
|
|t:|1750874219
|start
|switch|p1a: Death|Calyrex-Shadow, L50|100/100
|switch|p1b: Van Gogh|Smeargle, L50, F|100/100
|switch|p2a: Pawmot|Pawmot, L50, M|100/100
|switch|p2b: Terapagos|Terapagos, L50, M|100/100
|-activate|p2b: Terapagos|ability: Tera Shift
|detailschange|p2b: Terapagos|Terapagos-Terastal, L50, M
|-heal|p2b: Terapagos|100/100|[silent]
|-ability|p1a: Death|As One
|-ability|p1a: Death|Unnerve
|turn|1
|
|t:|1750874233
|switch|p1b: Royalty|Indeedee-F, L50, F|100/100
|-fieldstart|move: Psychic Terrain|[from] ability: Psychic Surge|[of] p1b: Royalty
|-enditem|p1b: Royalty|Psychic Seed
|-boost|p1b: Royalty|spd|1|[from] item: Psychic Seed
|-terastallize|p2b: Terapagos|Stellar
|detailschange|p2b: Terapagos|Terapagos-Stellar, L50, M, tera:Stellar
|-heal|p2b: Terapagos|100/100|[silent]
|-ability|p2b: Terapagos|Teraform Zero
|-fieldend|move: Psychic Terrain
|move|p2a: Pawmot|Fake Out|p1b: Royalty
|-damage|p1b: Royalty|87/100
|move|p1a: Death|Expanding Force|p2b: Terapagos
|-damage|p2b: Terapagos|55/100
|-damage|p1a: Death|91/100|[from] item: Life Orb
|move|p2b: Terapagos|Tera Starstorm|p1a: Death|[spread] p1a,p1b
|-damage|p1a: Death|45/100
|-damage|p1b: Royalty|64/100
|
|-heal|p2b: Terapagos|61/100|[from] item: Leftovers
|upkeep
|turn|2
|inactive|Prasoooon has 30 seconds left.
|inactive|Sobble14 has 30 seconds left.
|
|t:|1750874260
|switch|p1b: Van Gogh|Smeargle, L50, F|100/100
|move|p1a: Death|Expanding Force|p2a: Pawmot
|-supereffective|p2a: Pawmot
|-enditem|p2a: Pawmot|Focus Sash
|-damage|p2a: Pawmot|1/100
|-damage|p1a: Death|36/100|[from] item: Life Orb
|move|p2a: Pawmot|Knock Off|p1a: Death
|-supereffective|p1a: Death
|-damage|p1a: Death|0 fnt
|-enditem|p1a: Death|Life Orb|[from] move: Knock Off|[of] p2a: Pawmot
|faint|p1a: Death
|move|p2b: Terapagos|Tera Starstorm|p1b: Van Gogh
|-enditem|p1b: Van Gogh|Focus Sash
|-damage|p1b: Van Gogh|1/100
|
|-heal|p2b: Terapagos|67/100|[from] item: Leftovers
|-ability|p1b: Van Gogh|Moody|boost
|-boost|p1b: Van Gogh|spa|2
|-unboost|p1b: Van Gogh|atk|1
|upkeep
|
|t:|1750874265
|switch|p1a: Orange|Koraidon, L50|100/100
|-weather|SunnyDay|[from] ability: Orichalcum Pulse|[of] p1a: Orange
|-activate|p1a: Orange|Orichalcum Pulse|[source]
|turn|3
|
|t:|1750874275
|move|p2b: Terapagos|Protect|p2b: Terapagos
|-singleturn|p2b: Terapagos|Protect
|move|p1a: Orange|Collision Course|p2a: Pawmot
|-damage|p2a: Pawmot|0 fnt
|faint|p2a: Pawmot
|move|p1b: Van Gogh|Decorate|p1a: Orange
|-boost|p1a: Orange|atk|2
|-boost|p1a: Orange|spa|2
|
|-weather|SunnyDay|[upkeep]
|-heal|p2b: Terapagos|73/100|[from] item: Leftovers
|-ability|p1b: Van Gogh|Moody|boost
|-boost|p1b: Van Gogh|atk|2
|-unboost|p1b: Van Gogh|spa|1
|upkeep
|
|t:|1750874291
|switch|p2a: Comfey|Comfey, L50, M|100/100
|turn|4
|
|t:|1750874304
|switch|p2b: Miraidon|Miraidon, L50|100/100
|-fieldstart|move: Electric Terrain|[from] ability: Hadron Engine|[of] p2b: Miraidon
|move|p1b: Van Gogh|Wide Guard|p1b: Van Gogh
|-singleturn|p1b: Van Gogh|Wide Guard
|move|p1a: Orange|Collision Course|p2b: Miraidon
|-damage|p2b: Miraidon|0 fnt
|faint|p2b: Miraidon
|move|p2a: Comfey|Trick Room|p2a: Comfey
|-fieldstart|move: Trick Room|[of] p2a: Comfey
|
|-weather|SunnyDay|[upkeep]
|-ability|p1b: Van Gogh|Moody|boost
|-boost|p1b: Van Gogh|spd|2
|-unboost|p1b: Van Gogh|spa|1
|upkeep
|
|t:|1750874317
|switch|p2b: Terapagos|Terapagos-Stellar, L50, M, tera:Stellar|73/100
|turn|5
|
|t:|1750874333
|switch|p1b: Royalty|Indeedee-F, L50, F|64/100
|-fieldstart|move: Psychic Terrain|[from] ability: Psychic Surge|[of] p1b: Royalty
|-terastallize|p1a: Orange|Fire
|move|p2b: Terapagos|Protect|p2b: Terapagos
|-singleturn|p2b: Terapagos|Protect
|move|p2a: Comfey|Draining Kiss|p1b: Royalty
|-activate|p1b: Royalty|move: Psychic Terrain
|move|p1a: Orange|Collision Course|p2a: Comfey
|-resisted|p2a: Comfey
|-damage|p2a: Comfey|13/100
|
|-weather|SunnyDay|[upkeep]
|-heal|p2b: Terapagos|79/100|[from] item: Leftovers
|upkeep
|turn|6
|inactive|Prasoooon has 30 seconds left.
|
|t:|1750874362
|switch|p1a: Van Gogh|Smeargle, L50, F|1/100
|move|p2a: Comfey|Synthesis|p2a: Comfey
|-heal|p2a: Comfey|80/100
|move|p2b: Terapagos|Tera Starstorm|p1b: Royalty|[spread] p1a,p1b
|-damage|p1a: Van Gogh|0 fnt
|-damage|p1b: Royalty|28/100
|faint|p1a: Van Gogh
|move|p1b: Royalty|Trick Room|p1b: Royalty
|-fieldend|move: Trick Room
|
|-weather|SunnyDay|[upkeep]
|-heal|p2b: Terapagos|85/100|[from] item: Leftovers
|upkeep
|
|t:|1750874370
|switch|p1a: Orange|Koraidon, L50, tera:Fire|100/100
|-activate|p1a: Orange|ability: Orichalcum Pulse
|turn|7
|
|t:|1750874389
|move|p2a: Comfey|Synthesis|p2a: Comfey
|-heal|p2a: Comfey|100/100
|move|p1a: Orange|Collision Course|p2b: Terapagos
|-supereffective|p2b: Terapagos
|-damage|p2b: Terapagos|0 fnt
|faint|p2b: Terapagos
|detailschange|p2: Terapagos|Terapagos, L50, M|[silent]
|move|p1b: Royalty|Trick Room|p1b: Royalty
|-fieldstart|move: Trick Room|[of] p1b: Royalty
|
|-weather|none
|upkeep
|turn|8
|inactive|Sobble14 has 30 seconds left.
|inactive|Sobble14 has 20 seconds left.
|inactive|Sobble14 has 15 seconds left.
|inactive|Sobble14 has 10 seconds left.
|inactive|Sobble14 has 5 seconds left.
|
|t:|1750874444
|move|p1b: Royalty|Protect|p1b: Royalty
|-singleturn|p1b: Royalty|Protect
|move|p2a: Comfey|Draining Kiss|p1a: Orange
|-activate|p1a: Orange|move: Psychic Terrain
|move|p1a: Orange|Collision Course|p2a: Comfey
|-resisted|p2a: Comfey
|-damage|p2a: Comfey|67/100
|
|upkeep
|turn|9
|inactive|Sobble14 has 30 seconds left.
|inactive|Sobble14 has 20 seconds left.
|inactive|Sobble14 has 15 seconds left.
|inactive|Sobble14 has 10 seconds left.
|inactive|Sobble14 has 5 seconds left.
|
|t:|1750874499
|move|p2a: Comfey|Draining Kiss|p1a: Orange
|-activate|p1a: Orange|move: Psychic Terrain
|move|p1b: Royalty|Alluring Voice|p2a: Comfey
|-damage|p2a: Comfey|49/100
|move|p1a: Orange|Collision Course|p2a: Comfey
|-resisted|p2a: Comfey
|-crit|p2a: Comfey
|-damage|p2a: Comfey|4/100
|
|-fieldend|move: Psychic Terrain
|upkeep
|turn|10
|inactive|Sobble14 has 30 seconds left.
|inactive|Sobble14 has 20 seconds left.
|inactive|Sobble14 has 15 seconds left.
|inactive|Sobble14 has 10 seconds left.
|inactive|Sobble14 has 5 seconds left.
|
|t:|1750874554
|move|p2a: Comfey|Draining Kiss|p1a: Orange
|-resisted|p1a: Orange
|-damage|p1a: Orange|94/100
|-heal|p2a: Comfey|12/100|[from] drain|[of] p1a: Orange
|move|p1b: Royalty|Alluring Voice|p2a: Comfey
|-damage|p2a: Comfey|0 fnt
|faint|p2a: Comfey
|
|win|Prasoooon
|raw|Prasoooon's rating: 1717 &rarr; <strong>1731</strong><br />(+14 for winning)
|raw|Sobble14's rating: 1616 &rarr; <strong>1602</strong><br />(-14 for losing)
|l|☆Prasoooon
|player|p1|
|l|☆Sobble14
|player|p2|
