|j|☆paperclip007
|j|☆Maplely
|t:|1750746399
|gametype|doubles
|player|p1|paperclip007|interviewers|1139
|player|p2|Maplely|clair|1182
|teamsize|p1|6
|teamsize|p2|6
|gen|9
|tier|[Gen 9] VGC 2025 Reg I
|rated|
|rule|Species Clause: Limit one of each Pokémon
|rule|Item Clause: Limit 1 of each item
|clearpoke
|poke|p1|Miraidon, L50|
|poke|p1|Iron Hands, L50|
|poke|p1|Iron Bundle, L50|
|poke|p1|Iron Jugulis, L50|
|poke|p1|Koraidon, L50|
|poke|p1|Iron Crown, L50|
|poke|p2|Calyrex-Shadow, L50|
|poke|p2|Zamazenta-*, L50|
|poke|p2|Rillaboom, L50, F|
|poke|p2|Tornadus, L50, M|
|poke|p2|Brute Bonnet, L50|
|poke|p2|Urshifu-*, L50, F|
|teampreview|4
|inactive|Battle timer is ON: inactive players will automatically lose when time's up. (requested by Maplely)
|
|t:|1750746449
|start
|switch|p1a: Iron Jugulis|Iron Jugulis, L50|100/100
|switch|p1b: Iron Crown|Iron Crown, L50|100/100
|switch|p2a: Tornadus|Tornadus, L50, M|100/100
|switch|p2b: Zamazenta|Zamazenta-Crowned, L50|100/100
|-ability|p2b: Zamazenta|Dauntless Shield|boost
|-boost|p2b: Zamazenta|def|1
|-enditem|p1a: Iron Jugulis|Booster Energy
|-activate|p1a: Iron Jugulis|ability: Quark Drive|[fromitem]
|-start|p1a: Iron Jugulis|quarkdrivespe
|turn|1
|inactive|paperclip007 has 30 seconds left.
|
|t:|1750746483
|-end|p1b: Iron Crown|Quark Drive|[silent]
|switch|p1b: Koraidon|Koraidon, L50|100/100
|-weather|SunnyDay|[from] ability: Orichalcum Pulse|[of] p1b: Koraidon
|-activate|p1b: Koraidon|Orichalcum Pulse|[source]
|move|p2b: Zamazenta|Protect|p2b: Zamazenta
|-singleturn|p2b: Zamazenta|Protect
|move|p2a: Tornadus|Tailwind|p2a: Tornadus
|-sidestart|p2: Maplely|move: Tailwind
|move|p1a: Iron Jugulis|Tailwind|p1a: Iron Jugulis
|-sidestart|p1: paperclip007|move: Tailwind
|
|-weather|SunnyDay|[upkeep]
|upkeep
|turn|2
|inactive|Maplely has 30 seconds left.
|
|t:|1750746511
|move|p2a: Tornadus|Rain Dance|p2a: Tornadus
|-weather|RainDance
|move|p1a: Iron Jugulis|Air Slash|p2b: Zamazenta
|-damage|p2b: Zamazenta|81/100
|move|p1b: Koraidon|Collision Course|p2b: Zamazenta
|-supereffective|p2b: Zamazenta
|-damage|p2b: Zamazenta|13/100
|-damage|p1b: Koraidon|91/100|[from] item: Life Orb
|move|p2b: Zamazenta|Body Press|p1b: Koraidon
|-damage|p1b: Koraidon|29/100
|
|-weather|RainDance|[upkeep]
|upkeep
|turn|3
|
|t:|1750746528
|move|p1b: Koraidon|Protect|p1b: Koraidon
|-singleturn|p1b: Koraidon|Protect
|move|p2b: Zamazenta|Protect|p2b: Zamazenta
|-singleturn|p2b: Zamazenta|Protect
|move|p1a: Iron Jugulis|Air Slash|p2b: Zamazenta
|-activate|p2b: Zamazenta|move: Protect
|move|p2a: Tornadus|Bleakwind Storm|p1b: Koraidon|[spread] p1a
|-activate|p1b: Koraidon|move: Protect
|-damage|p1a: Iron Jugulis|59/100
|-unboost|p1a: Iron Jugulis|spe|1
|
|-weather|RainDance|[upkeep]
|upkeep
|turn|4
|inactive|paperclip007 has 30 seconds left.
|inactive|Maplely has 30 seconds left.
|
|t:|1750746558
|-end|p1a: Iron Jugulis|Quark Drive|[silent]
|switch|p1a: Miraidon|Miraidon, L50|100/100
|-fieldstart|move: Electric Terrain|[from] ability: Hadron Engine|[of] p1a: Miraidon
|move|p1b: Koraidon|Collision Course|p2b: Zamazenta
|-supereffective|p2b: Zamazenta
|-damage|p2b: Zamazenta|0 fnt
|faint|p2b: Zamazenta
|-damage|p1b: Koraidon|19/100|[from] item: Life Orb
|move|p2a: Tornadus|Bleakwind Storm|p1b: Koraidon|[spread] p1a,p1b
|-resisted|p1a: Miraidon
|-supereffective|p1b: Koraidon
|-damage|p1a: Miraidon|82/100
|-damage|p1b: Koraidon|0 fnt
|faint|p1b: Koraidon
|
|-weather|RainDance|[upkeep]
|-sideend|p1: paperclip007|move: Tailwind
|-sideend|p2: Maplely|move: Tailwind
|upkeep
|
|t:|1750746578
|switch|p1b: Iron Jugulis|Iron Jugulis, L50|59/100
|switch|p2b: Rillaboom|Rillaboom, L50, F|100/100
|-fieldstart|move: Grassy Terrain|[from] ability: Grassy Surge|[of] p2b: Rillaboom
|turn|5
|
|t:|1750746602
|switch|p1a: Iron Crown|Iron Crown, L50|100/100
|move|p2b: Rillaboom|Fake Out|p1a: Iron Crown
|-resisted|p1a: Iron Crown
|-damage|p1a: Iron Crown|94/100
|move|p2a: Tornadus|Tailwind|p2a: Tornadus
|-sidestart|p2: Maplely|move: Tailwind
|move|p1b: Iron Jugulis|Tailwind|p1b: Iron Jugulis
|-sidestart|p1: paperclip007|move: Tailwind
|
|-weather|RainDance|[upkeep]
|-heal|p1a: Iron Crown|100/100|[from] Grassy Terrain
|upkeep
|turn|6
|
|t:|1750746623
|move|p1a: Iron Crown|Volt Switch|p2a: Tornadus
|-supereffective|p2a: Tornadus
|-damage|p2a: Tornadus|27/100
|
|t:|1750746626
|-end|p1a: Iron Crown|Quark Drive|[silent]
|switch|p1a: Miraidon|Miraidon, L50|82/100|[from] Volt Switch
|-fieldstart|move: Electric Terrain|[from] ability: Hadron Engine|[of] p1a: Miraidon
|-activate|p1b: Iron Jugulis|ability: Quark Drive
|-start|p1b: Iron Jugulis|quarkdrivespe
|move|p1b: Iron Jugulis|Air Slash|p2b: Rillaboom
|-supereffective|p2b: Rillaboom
|-damage|p2b: Rillaboom|59/100
|move|p2a: Tornadus|Foul Play|p1a: Miraidon
|-damage|p1a: Miraidon|65/100
|move|p2b: Rillaboom|U-turn|p1b: Iron Jugulis
|-damage|p1b: Iron Jugulis|41/100
|
|t:|1750746641
|switch|p2b: Calyrex|Calyrex-Shadow, L50|100/100|[from] U-turn
|-ability|p2b: Calyrex|As One
|-ability|p2b: Calyrex|Unnerve
|
|-weather|none
|upkeep
|turn|7
|
|t:|1750746658
|switch|p2a: Rillaboom|Rillaboom, L50, F|59/100
|-fieldstart|move: Grassy Terrain|[from] ability: Grassy Surge|[of] p2a: Rillaboom
|-end|p1b: Iron Jugulis|Quark Drive
|move|p1a: Miraidon|Protect|p1a: Miraidon
|-singleturn|p1a: Miraidon|Protect
|move|p2b: Calyrex|Astral Barrage|p1b: Iron Jugulis|[spread] p1b
|-activate|p1a: Miraidon|move: Protect
|-resisted|p1b: Iron Jugulis
|-damage|p1b: Iron Jugulis|10/100
|move|p1b: Iron Jugulis|Knock Off|p2b: Calyrex
|-supereffective|p2b: Calyrex
|-enditem|p2b: Calyrex|Focus Sash
|-damage|p2b: Calyrex|1/100
|
|-heal|p2b: Calyrex|7/100|[from] Grassy Terrain
|-heal|p1a: Miraidon|71/100|[from] Grassy Terrain
|-heal|p2a: Rillaboom|65/100|[from] Grassy Terrain
|upkeep
|turn|8
|inactive|paperclip007 has 30 seconds left.
|inactive|Maplely has 30 seconds left.
|inactive|paperclip007 has 20 seconds left.
|inactive|paperclip007 has 15 seconds left.
|inactive|paperclip007 has 10 seconds left.
|
|t:|1750746704
|move|p2a: Rillaboom|Fake Out|p1a: Miraidon
|-damage|p1a: Miraidon|59/100
|move|p2b: Calyrex|Astral Barrage|p1b: Iron Jugulis|[spread] p1a,p1b
|-resisted|p1b: Iron Jugulis
|-damage|p1a: Miraidon|10/100
|-damage|p1b: Iron Jugulis|0 fnt
|faint|p1b: Iron Jugulis
|-end|p1b: Iron Jugulis|Quark Drive|[silent]
|-ability|p2b: Calyrex|Grim Neigh|boost
|-boost|p2b: Calyrex|spa|1
|move|p1a: Miraidon|Electro Drift|p2b: Calyrex
|-damage|p2b: Calyrex|0 fnt
|faint|p2b: Calyrex
|
|-heal|p1a: Miraidon|15/100|[from] Grassy Terrain
|-heal|p2a: Rillaboom|71/100|[from] Grassy Terrain
|-sideend|p2: Maplely|move: Tailwind
|-sideend|p1: paperclip007|move: Tailwind
|upkeep
|
|t:|1750746723
|switch|p2b: Tornadus|Tornadus, L50, M|27/100
|switch|p1b: Iron Crown|Iron Crown, L50|100/100
|turn|9
|
|t:|1750746746
|move|p1a: Miraidon|Protect|p1a: Miraidon
|-singleturn|p1a: Miraidon|Protect
|move|p2a: Rillaboom|Grassy Glide|p1a: Miraidon
|-activate|p1a: Miraidon|move: Protect
|move|p1b: Iron Crown|Tachyon Cutter|p2b: Tornadus
|-damage|p2b: Tornadus|0 fnt
|faint|p2b: Tornadus
|-hitcount|p2: Tornadus|1
|
|-heal|p1a: Miraidon|21/100|[from] Grassy Terrain
|-heal|p2a: Rillaboom|76/100|[from] Grassy Terrain
|upkeep
|turn|10
|
|t:|1750746771
|-terastallize|p2a: Rillaboom|Water
|move|p1b: Iron Crown|Tachyon Cutter|p2a: Rillaboom
|-resisted|p2a: Rillaboom
|-damage|p2a: Rillaboom|68/100
|-resisted|p2a: Rillaboom
|-damage|p2a: Rillaboom|60/100
|-hitcount|p2a: Rillaboom|2
|move|p1a: Miraidon|Draco Meteor|p2a: Rillaboom
|-damage|p2a: Rillaboom|14/100
|-unboost|p1a: Miraidon|spa|2
|move|p2a: Rillaboom|Wood Hammer|p1a: Miraidon
|-resisted|p1a: Miraidon
|-damage|p1a: Miraidon|0 fnt
|faint|p1a: Miraidon
|-damage|p2a: Rillaboom|8/100|[from] Recoil
|
|-heal|p2a: Rillaboom|14/100|[from] Grassy Terrain
|upkeep
|turn|11
|
|t:|1750746792
|move|p2a: Rillaboom|Grassy Glide|p1b: Iron Crown
|-resisted|p1b: Iron Crown
|-damage|p1b: Iron Crown|84/100
|move|p1b: Iron Crown|Tachyon Cutter|p2a: Rillaboom
|-resisted|p2a: Rillaboom
|-damage|p2a: Rillaboom|5/100
|-resisted|p2a: Rillaboom
|-damage|p2a: Rillaboom|0 fnt
|faint|p2a: Rillaboom
|-hitcount|p2: Rillaboom|2
|
|win|paperclip007
|raw|paperclip007's rating: 1139 &rarr; <strong>1167</strong><br />(+28 for winning)
|raw|Maplely's rating: 1182 &rarr; <strong>1154</strong><br />(-28 for losing)
|l|☆paperclip007
|player|p1|
|l|☆Maplely
|player|p2|
