|j|☆Nydira
|j|☆HecklerSupreme
|t:|1750858397
|gametype|doubles
|player|p1|Nydira|fisher-gen8|1514
|player|p2|HecklerSupreme|2|1609
|teamsize|p1|6
|teamsize|p2|6
|gen|9
|tier|[Gen 9] VGC 2025 Reg I
|rated|
|rule|Species Clause: Limit one of each Pokémon
|rule|Item Clause: Limit 1 of each item
|clearpoke
|poke|p1|Koraidon, L50|
|poke|p1|Incineroar, L50, F|
|poke|p1|Scovillain, L50, F|
|poke|p1|Lunala, L50|
|poke|p1|Ursaluna, L50, F|
|poke|p1|Indeedee-F, L50, F|
|poke|p2|Palkia, L50|
|poke|p2|Calyrex-Ice, L50|
|poke|p2|Smeargle, L50, F|
|poke|p2|Hitmontop, L50, M|
|poke|p2|Annihilape, L50, M|
|poke|p2|Entei, L50|
|teampreview|4
|inactive|Battle timer is ON: inactive players will automatically lose when time's up. (requested by Nydira)
|inactive|Nydira has 60 seconds left.
|inactive|HecklerSupreme has 60 seconds left.
|inactive|Nydira has 30 seconds left.
|inactive|Nydira has 20 seconds left.
|inactive|Nydira has 15 seconds left.
|inactive|Nydira has 10 seconds left.
|
|t:|1750858481
|start
|switch|p1a: Scovillain|Scovillain, L50, F, shiny|100/100
|switch|p1b: Lunala|Lunala, L50|100/100
|switch|p2a: Annihilape|Annihilape, L50, M|100/100
|switch|p2b: Palkia|Palkia, L50|100/100
|-ability|p2b: Palkia|Pressure
|turn|1
|inactive|Nydira has 30 seconds left.
|inactive|HecklerSupreme has 30 seconds left.
|
|t:|1750858506
|switch|p2a: Hitmontop|Hitmontop, L50, M|100/100
|-ability|p2a: Hitmontop|Intimidate|boost
|-unboost|p1a: Scovillain|atk|1
|-unboost|p1b: Lunala|atk|1
|-terastallize|p2b: Palkia|Grass
|move|p1a: Scovillain|Rage Powder|p1a: Scovillain
|-singleturn|p1a: Scovillain|move: Rage Powder
|move|p2b: Palkia|Spacial Rend|p1a: Scovillain
|-enditem|p1a: Scovillain|Focus Sash
|-damage|p1a: Scovillain|1/100
|move|p1b: Lunala|Moonblast|p2b: Palkia
|-damage|p2b: Palkia|74/100
|
|upkeep
|turn|2
|inactive|Nydira has 30 seconds left.
|
|t:|1750858534
|move|p1a: Scovillain|Protect|p1a: Scovillain
|-singleturn|p1a: Scovillain|Protect
|move|p2a: Hitmontop|Feint|p1a: Scovillain
|-activate|p1a: Scovillain|move: Feint
|-damage|p1a: Scovillain|0 fnt
|faint|p1a: Scovillain
|move|p2b: Palkia|Spacial Rend|p1b: Lunala
|-damage|p1b: Lunala|77/100
|move|p1b: Lunala|Moonblast|p2a: Hitmontop
|-supereffective|p2a: Hitmontop
|-damage|p2a: Hitmontop|25/100
|
|-heal|p1b: Lunala|83/100|[from] item: Leftovers
|upkeep
|
|t:|1750858552
|switch|p1a: Koraidon|Koraidon, L50|100/100
|-weather|SunnyDay|[from] ability: Orichalcum Pulse|[of] p1a: Koraidon
|-activate|p1a: Koraidon|Orichalcum Pulse|[source]
|turn|3
|
|t:|1750858569
|move|p2b: Palkia|Protect|p2b: Palkia
|-singleturn|p2b: Palkia|Protect
|move|p1a: Koraidon|Flare Blitz|p2b: Palkia
|-activate|p2b: Palkia|move: Protect
|move|p1b: Lunala|Moonblast|p2a: Hitmontop
|-supereffective|p2a: Hitmontop
|-damage|p2a: Hitmontop|0 fnt
|faint|p2a: Hitmontop
|
|-weather|SunnyDay|[upkeep]
|-heal|p1b: Lunala|89/100|[from] item: Leftovers
|upkeep
|
|t:|1750858576
|switch|p2a: Annihilape|Annihilape, L50, M|100/100
|turn|4
|
|t:|1750858589
|move|p1a: Koraidon|Protect|p1a: Koraidon
|-singleturn|p1a: Koraidon|Protect
|move|p2a: Annihilape|Shadow Claw|p1b: Lunala
|-supereffective|p1b: Lunala
|-damage|p1b: Lunala|3/100
|move|p1b: Lunala|Moongeist Beam|p2a: Annihilape
|-supereffective|p2a: Annihilape
|-damage|p2a: Annihilape|0 fnt
|faint|p2a: Annihilape
|move|p2b: Palkia|Trick Room|p2b: Palkia
|-fieldstart|move: Trick Room|[of] p2b: Palkia
|
|-weather|SunnyDay|[upkeep]
|-heal|p1b: Lunala|9/100|[from] item: Leftovers
|upkeep
|
|t:|1750858599
|switch|p2a: Calyrex|Calyrex-Ice, L50|100/100
|-ability|p2a: Calyrex|As One
|-ability|p2a: Calyrex|Unnerve
|turn|5
|inactive|Nydira has 30 seconds left.
|inactive|Nydira has 20 seconds left.
|
|t:|1750858637
|-terastallize|p1a: Koraidon|Fire
|move|p2a: Calyrex|High Horsepower|p1b: Lunala
|-damage|p1b: Lunala|0 fnt
|faint|p1b: Lunala
|-ability|p2a: Calyrex|Chilling Neigh|boost
|-boost|p2a: Calyrex|atk|1
|move|p2b: Palkia|Spacial Rend|p1a: Koraidon
|-damage|p1a: Koraidon|17/100
|move|p1a: Koraidon|Flare Blitz|p2b: Palkia
|-supereffective|p2b: Palkia
|-damage|p2b: Palkia|0 fnt
|faint|p2b: Palkia
|-damage|p1a: Koraidon|0 fnt|[from] Recoil
|faint|p1a: Koraidon
|
|-weather|SunnyDay|[upkeep]
|upkeep
|
|t:|1750858648
|switch|p1b: Ursaluna|Ursaluna, L50, F|100/100
|turn|6
|
|t:|1750858655
|move|p1b: Ursaluna|Protect|p1b: Ursaluna
|-singleturn|p1b: Ursaluna|Protect
|move|p2a: Calyrex|Glacial Lance|p1b: Ursaluna
|-activate|p1b: Ursaluna|move: Protect
|
|-weather|SunnyDay|[upkeep]
|-status|p1b: Ursaluna|brn|[from] item: Flame Orb
|upkeep
|turn|7
|
|t:|1750858661
|move|p1b: Ursaluna|Facade|p2a: Calyrex
|-damage|p2a: Calyrex|20/100
|move|p2a: Calyrex|Glacial Lance|p1b: Ursaluna
|-supereffective|p1b: Ursaluna
|-damage|p1b: Ursaluna|0 fnt
|faint|p1b: Ursaluna
|
|win|HecklerSupreme
|raw|Nydira's rating: 1514 &rarr; <strong>1499</strong><br />(-15 for losing)
|raw|HecklerSupreme's rating: 1609 &rarr; <strong>1624</strong><br />(+15 for winning)
|l|☆Nydira
|player|p1|
|l|☆HecklerSupreme
|player|p2|
|j|☆HecklerSupreme
|player|p2|HecklerSupreme|2|
