|j|☆Hassuheimer
|j|☆sturbyy
|t:|1750834081
|gametype|doubles
|player|p1|Hassuheimer|2|1546
|player|p2|sturbyy|265|1564
|teamsize|p1|6
|teamsize|p2|6
|gen|9
|tier|[Gen 9] VGC 2025 Reg I
|rated|
|rule|Species Clause: Limit one of each Pokémon
|rule|Item Clause: Limit 1 of each item
|clearpoke
|poke|p1|Miraidon, L50|
|poke|p1|Incineroar, L50, M|
|poke|p1|Farigiraf, L50, F|
|poke|p1|Calyrex-Ice, L50|
|poke|p1|Landorus, L50, M|
|poke|p1|Grimmsnarl, L50, M|
|poke|p2|Miraidon, L50|
|poke|p2|Calyrex-Ice, L50|
|poke|p2|Incineroar, L50, M|
|poke|p2|Landorus, L50, M|
|poke|p2|Urshifu-*, L50, F|
|poke|p2|Farigiraf, L50, F|
|teampreview|4
|
|t:|1750834114
|start
|switch|p1a: Miraidon|Miraidon, L50|100/100
|switch|p1b: Incineroar|Incineroar, L50, M|100/100
|switch|p2a: Calyrex|Calyrex-Ice, L50|100/100
|switch|p2b: Urshifu|Urshifu-Rapid-Strike, L50, F|100/100
|-ability|p2a: Calyrex|As One
|-ability|p2a: Calyrex|Unnerve
|-fieldstart|move: Electric Terrain|[from] ability: Hadron Engine|[of] p1a: Miraidon
|-ability|p1b: Incineroar|Intimidate|boost
|-unboost|p2a: Calyrex|atk|1
|-unboost|p2b: Urshifu|atk|1
|turn|1
|
|t:|1750834138
|switch|p2b: Miraidon|Miraidon, L50|100/100
|-activate|p2b: Miraidon|ability: Hadron Engine
|move|p1b: Incineroar|Fake Out|p2a: Calyrex
|-crit|p2a: Calyrex
|-damage|p2a: Calyrex|91/100
|move|p1a: Miraidon|Volt Switch|p2b: Miraidon
|-resisted|p2b: Miraidon
|-damage|p2b: Miraidon|86/100
|
|t:|1750834149
|switch|p1a: Grimmsnarl|Grimmsnarl, L50, M|100/100|[from] Volt Switch
|cant|p2a: Calyrex|flinch
|
|-heal|p2a: Calyrex|97/100|[from] item: Leftovers
|upkeep
|turn|2
|
|t:|1750834165
|switch|p2a: Incineroar|Incineroar, L50, M|100/100
|-ability|p2a: Incineroar|Intimidate|boost
|-unboost|p1a: Grimmsnarl|atk|1
|-unboost|p1b: Incineroar|atk|1
|move|p1a: Grimmsnarl|Fake Out|p2b: Miraidon
|-damage|p2b: Miraidon|80/100
|cant|p2b: Miraidon|flinch
|move|p1b: Incineroar|U-turn|p2a: Incineroar
|-damage|p2a: Incineroar|89/100
|
|t:|1750834190
|switch|p1b: Miraidon|Miraidon, L50|100/100|[from] U-turn
|-activate|p1b: Miraidon|ability: Hadron Engine
|
|upkeep
|turn|3
|
|t:|1750834203
|switch|p1b: Incineroar|Incineroar, L50, M|100/100
|-ability|p1b: Incineroar|Intimidate|boost
|-unboost|p2a: Incineroar|atk|1
|-unboost|p2b: Miraidon|atk|1
|-terastallize|p2b: Miraidon|Fairy
|move|p2a: Incineroar|Fake Out|p1a: Grimmsnarl
|-damage|p1a: Grimmsnarl|92/100
|cant|p1a: Grimmsnarl|flinch
|move|p2b: Miraidon|Dazzling Gleam|p1b: Incineroar|[spread] p1a,p1b
|-supereffective|p1a: Grimmsnarl
|-damage|p1a: Grimmsnarl|0 fnt
|-damage|p1b: Incineroar|57/100
|faint|p1a: Grimmsnarl
|
|upkeep
|
|t:|1750834217
|switch|p1a: Miraidon|Miraidon, L50|100/100
|-activate|p1a: Miraidon|ability: Hadron Engine
|turn|4
|
|t:|1750834239
|switch|p2b: Calyrex|Calyrex-Ice, L50|97/100
|-ability|p2b: Calyrex|As One
|-ability|p2b: Calyrex|Unnerve
|move|p1b: Incineroar|Fake Out|p2b: Calyrex
|-damage|p2b: Calyrex|90/100
|move|p1a: Miraidon|Electro Drift|p2a: Incineroar
|-damage|p2a: Incineroar|22/100
|move|p2a: Incineroar|U-turn|p1b: Incineroar
|-damage|p1b: Incineroar|46/100
|
|t:|1750834258
|switch|p2a: Urshifu|Urshifu-Rapid-Strike, L50, F|100/100|[from] U-turn
|
|-heal|p2b: Calyrex|96/100|[from] item: Leftovers
|upkeep
|turn|5
|
|t:|1750834275
|-terastallize|p1a: Miraidon|Electric
|move|p1a: Miraidon|Electro Drift|p2a: Urshifu
|-supereffective|p2a: Urshifu
|-damage|p2a: Urshifu|0 fnt
|faint|p2a: Urshifu
|move|p1b: Incineroar|U-turn|p2b: Calyrex
|-supereffective|p2b: Calyrex
|-damage|p2b: Calyrex|75/100
|
|t:|1750834284
|switch|p1b: Calyrex|Calyrex-Ice, L50|100/100|[from] U-turn
|-ability|p1b: Calyrex|As One
|-ability|p1b: Calyrex|Unnerve
|move|p2b: Calyrex|Glacial Lance|p1b: Calyrex|[spread] p1a,p1b
|-resisted|p1b: Calyrex
|-damage|p1a: Miraidon|49/100
|-damage|p1b: Calyrex|84/100
|
|-heal|p2b: Calyrex|81/100|[from] item: Leftovers
|-fieldend|move: Electric Terrain
|upkeep
|
|t:|1750834298
|switch|p2a: Incineroar|Incineroar, L50, M|22/100
|-ability|p2a: Incineroar|Intimidate|boost
|-unboost|p1a: Miraidon|atk|1
|-fail|p1b: Calyrex|unboost|[from] item: Clear Amulet|[of] p1b: Calyrex
|turn|6
|
|t:|1750834322
|switch|p1a: Incineroar|Incineroar, L50, M|46/100
|-ability|p1a: Incineroar|Intimidate|boost
|-unboost|p2a: Incineroar|atk|1
|-unboost|p2b: Calyrex|atk|1
|move|p2a: Incineroar|Fake Out|p1b: Calyrex
|-crit|p1b: Calyrex
|-damage|p1b: Calyrex|72/100
|move|p2b: Calyrex|Leech Seed|p1a: Incineroar
|-start|p1a: Incineroar|move: Leech Seed
|cant|p1b: Calyrex|flinch
|
|-heal|p2b: Calyrex|86/100|[from] item: Leftovers
|-damage|p1a: Incineroar|34/100|[from] Leech Seed|[of] p2b: Calyrex
|-heal|p2b: Calyrex|99/100|[silent]
|upkeep
|turn|7
|
|t:|1750834374
|switch|p2a: Miraidon|Miraidon, L50, tera:Fairy|80/100
|-fieldstart|move: Electric Terrain|[from] ability: Hadron Engine|[of] p2a: Miraidon
|move|p1a: Incineroar|Fake Out|p2a: Miraidon
|-damage|p2a: Miraidon|70/100
|move|p2b: Calyrex|Leech Seed|p1b: Calyrex
|-start|p1b: Calyrex|move: Leech Seed
|move|p1b: Calyrex|High Horsepower|p2a: Miraidon
|-damage|p2a: Miraidon|30/100
|
|-heal|p2b: Calyrex|100/100|[from] item: Leftovers
|-damage|p1a: Incineroar|21/100|[from] Leech Seed|[of] p2b: Calyrex
|-damage|p1b: Calyrex|59/100|[from] Leech Seed|[of] p2b: Calyrex
|upkeep
|turn|8
|l|☆sturbyy
|player|p2|
|j|☆sturbyy
|player|p2|sturbyy|265|
|
|t:|1750834398
|move|p1b: Calyrex|Protect|p1b: Calyrex
|-singleturn|p1b: Calyrex|Protect
|move|p2a: Miraidon|Dazzling Gleam|p1a: Incineroar|[spread] p1a
|-activate|p1b: Calyrex|move: Protect
|-damage|p1a: Incineroar|0 fnt
|faint|p1a: Incineroar
|move|p2b: Calyrex|Glacial Lance|p1b: Calyrex
|-activate|p1b: Calyrex|move: Protect
|
|-damage|p1b: Calyrex|47/100|[from] Leech Seed|[of] p2b: Calyrex
|upkeep
|
|t:|1750834405
|switch|p1a: Miraidon|Miraidon, L50, tera:Electric|49/100
|-activate|p1a: Miraidon|ability: Hadron Engine
|turn|9
|
|t:|1750834421
|move|p2b: Calyrex|Protect|p2b: Calyrex
|-singleturn|p2b: Calyrex|Protect
|move|p1a: Miraidon|Electro Drift|p2a: Miraidon
|-damage|p2a: Miraidon|0 fnt
|faint|p2a: Miraidon
|move|p1b: Calyrex|Glacial Lance|p2b: Calyrex
|-activate|p2b: Calyrex|move: Protect
|
|-damage|p1b: Calyrex|35/100|[from] Leech Seed|[of] p2b: Calyrex
|upkeep
|
|t:|1750834430
|switch|p2a: Incineroar|Incineroar, L50, M|22/100
|-ability|p2a: Incineroar|Intimidate|boost
|-unboost|p1a: Miraidon|atk|1
|-fail|p1b: Calyrex|unboost|[from] item: Clear Amulet|[of] p1b: Calyrex
|turn|10
|-message|Hassuheimer forfeited.
|
|win|sturbyy
|raw|Hassuheimer's rating: 1546 &rarr; <strong>1527</strong><br />(-19 for losing)
|raw|sturbyy's rating: 1564 &rarr; <strong>1583</strong><br />(+19 for winning)
|l|☆Hassuheimer
|player|p1|
