|j|☆lianxiaonian
|j|☆Foeluis
|t:|1750832074
|gametype|doubles
|player|p1|lianxiaonian|cynthia-gen4|1592
|player|p2|Foeluis|170|1508
|teamsize|p1|6
|teamsize|p2|6
|gen|9
|tier|[Gen 9] VGC 2025 Reg I
|rated|
|rule|Species Clause: Limit one of each Pokémon
|rule|Item Clause: Limit 1 of each item
|clearpoke
|poke|p1|Urshifu-*, L50, M|
|poke|p1|Whimsicott, L50, M|
|poke|p1|Calyrex-Ice, L50|
|poke|p1|Farigiraf, L50, F|
|poke|p1|Miraidon, L50|
|poke|p1|Ditto, L50|
|poke|p2|Kyogre, L50|
|poke|p2|Incineroar, L50, F|
|poke|p2|Zacian-*, L50|
|poke|p2|Rillaboom, L50, F|
|poke|p2|Tornadus, L50, M|
|poke|p2|Urshifu-*, L50, F|
|teampreview|4
|inactive|Battle timer is ON: inactive players will automatically lose when time's up. (requested by lianxiaonian)
|inactive|Foeluis has 60 seconds left.
|
|t:|1750832125
|start
|switch|p1a: Whimsicott|Whimsicott, L50, M, shiny|100/100
|switch|p1b: Calyrex|Calyrex-Ice, L50|100/100
|switch|p2a: Zacian|Zacian-Crowned, L50|100/100
|switch|p2b: Urshifu|Urshifu, L50, F|100/100
|-ability|p1b: Calyrex|As One
|-ability|p1b: Calyrex|Unnerve
|-ability|p2a: Zacian|Intrepid Sword|boost
|-boost|p2a: Zacian|atk|1
|turn|1
|
|t:|1750832139
|move|p2a: Zacian|Play Rough|p1b: Calyrex|[miss]
|-miss|p2a: Zacian|p1b: Calyrex
|move|p1a: Whimsicott|Moonblast|p2b: Urshifu
|-supereffective|p2b: Urshifu
|-enditem|p2b: Urshifu|Focus Sash
|-damage|p2b: Urshifu|1/100
|move|p2b: Urshifu|Wicked Blow|p1b: Calyrex
|-supereffective|p1b: Calyrex
|-crit|p1b: Calyrex
|-damage|p1b: Calyrex|23/100
|move|p1b: Calyrex|High Horsepower|p2a: Zacian
|-supereffective|p2a: Zacian
|-damage|p2a: Zacian|19/100
|
|upkeep
|turn|2
|
|t:|1750832162
|move|p1b: Calyrex|Protect|p1b: Calyrex
|-singleturn|p1b: Calyrex|Protect
|move|p2b: Urshifu|Sucker Punch||[still]
|-fail|p2b: Urshifu
|move|p2a: Zacian|Behemoth Blade|p1a: Whimsicott
|-supereffective|p1a: Whimsicott
|-enditem|p1a: Whimsicott|Focus Sash
|-damage|p1a: Whimsicott|1/100
|move|p1a: Whimsicott|Moonblast|p2b: Urshifu
|-supereffective|p2b: Urshifu
|-damage|p2b: Urshifu|0 fnt
|faint|p2b: Urshifu
|
|upkeep
|
|t:|1750832176
|switch|p2b: Kyogre|Kyogre, L50|100/100
|-weather|RainDance|[from] ability: Drizzle|[of] p2b: Kyogre
|turn|3
|l|☆lianxiaonian
|inactive|lianxiaonian disconnected and has a minute to reconnect!
|player|p1|
|j|☆lianxiaonian
|inactive|lianxiaonian reconnected and has 45 seconds left.
|player|p1|lianxiaonian|cynthia-gen4|
|
|t:|1750832198
|switch|p2a: Incineroar|Incineroar, L50, F|100/100
|-ability|p2a: Incineroar|Intimidate|boost
|-unboost|p1a: Whimsicott|atk|1
|-fail|p1b: Calyrex|unboost|[from] item: Clear Amulet|[of] p1b: Calyrex
|move|p1a: Whimsicott|Tailwind|p1a: Whimsicott
|-sidestart|p1: lianxiaonian|move: Tailwind
|move|p2b: Kyogre|Water Spout|p1b: Calyrex|[spread] p1a,p1b
|-resisted|p1a: Whimsicott
|-damage|p1a: Whimsicott|0 fnt
|-damage|p1b: Calyrex|0 fnt
|faint|p1a: Whimsicott
|faint|p1b: Calyrex
|
|-weather|RainDance|[upkeep]
|upkeep
|
|t:|1750832206
|switch|p1a: Ditto|Ditto, L50|100/100
|switch|p1b: Miraidon|Miraidon, L50|100/100
|-fieldstart|move: Electric Terrain|[from] ability: Hadron Engine|[of] p1b: Miraidon
|-transform|p1a: Ditto|p2b: Kyogre|[from] ability: Imposter
|turn|4
|inactive|Foeluis has 30 seconds left.
|
|t:|1750832236
|-terastallize|p2b: Kyogre|Grass
|move|p2a: Incineroar|Fake Out|p1a: Ditto
|-damage|p1a: Ditto|88/100
|cant|p1a: Ditto|flinch
|move|p1b: Miraidon|Electro Drift|p2b: Kyogre
|-resisted|p2b: Kyogre
|-damage|p2b: Kyogre|49/100
|move|p2b: Kyogre|Water Spout|p1a: Ditto|[spread] p1a,p1b
|-resisted|p1a: Ditto
|-resisted|p1b: Miraidon
|-damage|p1a: Ditto|64/100
|-damage|p1b: Miraidon|76/100
|
|-weather|RainDance|[upkeep]
|upkeep
|turn|5
|inactive|Foeluis has 30 seconds left.
|
|t:|1750832267
|switch|p2b: Zacian|Zacian-Crowned, L50|19/100
|move|p1a: Ditto|Origin Pulse|p2a: Incineroar|[spread] p2a
|-miss|p1a: Ditto|p2b: Zacian
|-supereffective|p2a: Incineroar
|-damage|p2a: Incineroar|0 fnt
|faint|p2a: Incineroar
|move|p1b: Miraidon|Electro Drift|p2b: Zacian
|-damage|p2b: Zacian|0 fnt
|faint|p2b: Zacian
|
|-weather|RainDance|[upkeep]
|upkeep
|-message|Foeluis forfeited.
|
|win|lianxiaonian
|raw|lianxiaonian's rating: 1592 &rarr; <strong>1607</strong><br />(+15 for winning)
|raw|Foeluis's rating: 1508 &rarr; <strong>1493</strong><br />(-15 for losing)
|l|☆Foeluis
|player|p2|
|l|☆lianxiaonian
|player|p1|
