|j|☆Nissim17
|j|☆Yjrkdke
|t:|1750800204
|gametype|doubles
|player|p1|Nissim17|blue|1097
|player|p2|Yjrkdke|gambler|1081
|teamsize|p1|6
|teamsize|p2|6
|gen|9
|tier|[Gen 9] VGC 2025 Reg I
|rated|
|rule|Species Clause: Limit one of each Pokémon
|rule|Item Clause: Limit 1 of each item
|clearpoke
|poke|p1|Zacian-*, L50|
|poke|p1|Pikachu, L50, F|
|poke|p1|Kyogre, L50|
|poke|p1|Urshifu-*, L50, F|
|poke|p1|Roaring Moon, L50|
|poke|p1|Indeedee-F, L50, F|
|poke|p2|Pikachu, L50, M|
|poke|p2|Cramorant, L50, M|
|poke|p2|Tatsugiri-Droopy, L50, M|
|poke|p2|Overqwil, L50, F|
|poke|p2|Hitmontop, L50, M|
|poke|p2|Amoonguss, L50, M|
|teampreview|4
|inactive|Battle timer is ON: inactive players will automatically lose when time's up. (requested by Yjrkdke)
|
|t:|1750800247
|start
|switch|p1a: Roaring Moon|Roaring Moon, L50|100/100
|switch|p1b: Indeedee|Indeedee-F, L50, F|100/100
|switch|p2a: Snipe Hunt|Cramorant, L50, M, shiny|100/100
|switch|p2b: Beyblade|Hitmontop, L50, M|100/100
|-ability|p2b: Beyblade|Intimidate|boost
|-unboost|p1a: Roaring Moon|atk|1
|-unboost|p1b: Indeedee|atk|1
|-fieldstart|move: Psychic Terrain|[from] ability: Psychic Surge|[of] p1b: Indeedee
|-enditem|p1a: Roaring Moon|Booster Energy
|-activate|p1a: Roaring Moon|ability: Protosynthesis|[fromitem]
|-start|p1a: Roaring Moon|protosynthesisspe
|turn|1
|inactive|Nissim17 has 30 seconds left.
|
|t:|1750800273
|-terastallize|p2b: Beyblade|Dark
|move|p1a: Roaring Moon|Acrobatics|p2b: Beyblade
|-damage|p2b: Beyblade|65/100
|move|p2a: Snipe Hunt|Tailwind|p2a: Snipe Hunt
|-sidestart|p2: Yjrkdke|move: Tailwind
|move|p2b: Beyblade|Close Combat|p1a: Roaring Moon
|-supereffective|p1a: Roaring Moon
|-damage|p1a: Roaring Moon|0 fnt
|-unboost|p2b: Beyblade|def|1
|-unboost|p2b: Beyblade|spd|1
|faint|p1a: Roaring Moon
|-end|p1a: Roaring Moon|Protosynthesis|[silent]
|move|p1b: Indeedee|Psychic|p2b: Beyblade
|-immune|p2b: Beyblade
|
|upkeep
|
|t:|1750800289
|switch|p1a: Zacian|Zacian-Crowned, L50|100/100
|-ability|p1a: Zacian|Intrepid Sword|boost
|-boost|p1a: Zacian|atk|1
|turn|2
|inactive|Yjrkdke has 30 seconds left.
|inactive|Yjrkdke has 20 seconds left.
|inactive|Yjrkdke has 15 seconds left.
|inactive|Yjrkdke has 10 seconds left.
|
|t:|1750800336
|move|p1a: Zacian|Protect|p1a: Zacian
|-singleturn|p1a: Zacian|Protect
|move|p2a: Snipe Hunt|Surf|p1b: Indeedee|[spread] p2b,p1b
|-activate|p1a: Zacian|move: Protect
|-formechange|p2a: Snipe Hunt|Cramorant-Gulping|
|-damage|p2b: Beyblade|7/100
|-damage|p1b: Indeedee|79/100
|move|p2b: Beyblade|Close Combat|p1a: Zacian
|-activate|p1a: Zacian|move: Protect
|move|p1b: Indeedee|Trick Room|p1b: Indeedee
|-fieldstart|move: Trick Room|[of] p1b: Indeedee
|
|upkeep
|turn|3
|inactive|Nissim17 has 30 seconds left.
|
|t:|1750800367
|switch|p2b: Mrs. Puff|Overqwil, L50, F, shiny|100/100
|-ability|p2b: Mrs. Puff|Intimidate|boost
|-unboost|p1a: Zacian|atk|1
|-unboost|p1b: Indeedee|atk|1
|move|p1b: Indeedee|Follow Me|p1b: Indeedee
|-singleturn|p1b: Indeedee|move: Follow Me
|move|p1a: Zacian|Behemoth Blade|p2b: Mrs. Puff
|-damage|p2b: Mrs. Puff|44/100
|move|p2a: Snipe Hunt|Surf|p1b: Indeedee|[spread] p2b,p1a,p1b
|-crit|p2b: Mrs. Puff
|-damage|p2b: Mrs. Puff|0 fnt
|-damage|p1a: Zacian|72/100
|-damage|p1b: Indeedee|58/100
|faint|p2b: Mrs. Puff
|
|upkeep
|
|t:|1750800382
|switch|p2b: Beyblade|Hitmontop, L50, M, tera:Dark|7/100
|-ability|p2b: Beyblade|Intimidate|boost
|-unboost|p1a: Zacian|atk|1
|-unboost|p1b: Indeedee|atk|1
|turn|4
|
|t:|1750800402
|move|p2b: Beyblade|Wide Guard|p2b: Beyblade
|-singleturn|p2b: Beyblade|Wide Guard
|move|p1b: Indeedee|Psychic|p2a: Snipe Hunt
|-damage|p2a: Snipe Hunt|50/100
|-damage|p1b: Indeedee|33/100|[from] ability: Gulp Missile|[of] p2a: Snipe Hunt
|-unboost|p1b: Indeedee|def|1
|-formechange|p2a: Snipe Hunt|Cramorant|
|move|p1a: Zacian|Behemoth Blade|p2b: Beyblade
|-damage|p2b: Beyblade|0 fnt
|faint|p2b: Beyblade
|move|p2a: Snipe Hunt|Surf|p1b: Indeedee|[spread] p1a,p1b
|-formechange|p2a: Snipe Hunt|Cramorant-Gorging|
|-damage|p1a: Zacian|44/100
|-damage|p1b: Indeedee|12/100
|
|-sideend|p2: Yjrkdke|move: Tailwind
|upkeep
|
|t:|1750800408
|switch|p2b: Ratatouille|Pikachu, L50, M, shiny|100/100
|turn|5
|inactive|Nissim17 has 30 seconds left.
|
|t:|1750800439
|move|p1a: Zacian|Protect|p1a: Zacian
|-singleturn|p1a: Zacian|Protect
|move|p1b: Indeedee|Psychic|p2b: Ratatouille
|-damage|p2b: Ratatouille|0 fnt
|faint|p2b: Ratatouille
|move|p2a: Snipe Hunt|Surf|p1a: Zacian|[spread] p1b
|-activate|p1a: Zacian|move: Protect
|-damage|p1b: Indeedee|0 fnt
|faint|p1b: Indeedee
|
|-fieldend|move: Psychic Terrain
|upkeep
|
|t:|1750800449
|switch|p1b: Urshifu|Urshifu-Rapid-Strike, L50, F|100/100
|turn|6
|inactive|Yjrkdke has 30 seconds left.
|
|t:|1750800477
|-terastallize|p1b: Urshifu|Water
|move|p2a: Snipe Hunt|Surf|p1a: Zacian|[spread] p1a,p1b
|-resisted|p1b: Urshifu
|-damage|p1a: Zacian|17/100
|-damage|p1b: Urshifu|78/100
|move|p1a: Zacian|Behemoth Blade|p2a: Snipe Hunt
|-resisted|p2a: Snipe Hunt
|-damage|p2a: Snipe Hunt|13/100
|-damage|p1a: Zacian|0 fnt|[from] ability: Gulp Missile|[of] p2a: Snipe Hunt
|-formechange|p2a: Snipe Hunt|Cramorant|
|faint|p1a: Zacian
|move|p1b: Urshifu|Close Combat|p2a: Snipe Hunt
|-resisted|p2a: Snipe Hunt
|-damage|p2a: Snipe Hunt|0 fnt
|-unboost|p1b: Urshifu|def|1
|-unboost|p1b: Urshifu|spd|1
|faint|p2a: Snipe Hunt
|
|win|Nissim17
|raw|Nissim17's rating: 1097 &rarr; <strong>1124</strong><br />(+27 for winning)
|raw|Yjrkdke's rating: 1114 &rarr; <strong>1088</strong><br />(-26 for losing)
|l|☆Yjrkdke
|player|p2|
|l|☆Nissim17
|player|p1|
