|j|☆shawnisthegoat
|j|☆funnylion
|t:|1750877766
|gametype|doubles
|player|p1|shawnisthegoat|infielder|1173
|player|p2|funnylion|170|1273
|teamsize|p1|6
|teamsize|p2|6
|gen|9
|tier|[Gen 9] VGC 2025 Reg I
|rated|
|rule|Species Clause: Limit one of each Pokémon
|rule|Item Clause: Limit 1 of each item
|clearpoke
|poke|p1|Calyrex-Ice, L50|
|poke|p1|Landorus, L50, M|
|poke|p1|Chien-Pao, L50|
|poke|p1|Basculegion, L50, M|
|poke|p1|Urshifu-*, L50, F|
|poke|p1|Miraidon, L50|
|poke|p2|Koraidon, L50|
|poke|p2|Flutter Mane, L50|
|poke|p2|Calyrex-Shadow, L50|
|poke|p2|Incineroar, L50, F|
|poke|p2|Scream Tail, L50|
|poke|p2|Ogerpon-Wellspring, L50, F|
|teampreview|4
|inactive|Battle timer is ON: inactive players will automatically lose when time's up. (requested by funnylion)
funnylion has agreed to open team sheets.
|
|t:|1750877794
|start
|switch|p1a: Calyrex|Calyrex-Ice, L50|100/100
|switch|p1b: Miraidon|Miraidon, L50|100/100
|switch|p2a: Scream Tail|Scream Tail, L50|100/100
|switch|p2b: Koraidon|Koraidon, L50|100/100
|-ability|p1a: Calyrex|As One
|-ability|p1a: Calyrex|Unnerve
|-weather|SunnyDay|[from] ability: Orichalcum Pulse|[of] p2b: Koraidon
|-activate|p2a: Scream Tail|ability: Protosynthesis
|-start|p2a: Scream Tail|protosynthesisspe
|-activate|p2b: Koraidon|Orichalcum Pulse|[source]
|-fieldstart|move: Electric Terrain|[from] ability: Hadron Engine|[of] p1b: Miraidon
|turn|1
|
|t:|1750877811
|move|p2a: Scream Tail|Protect|p2a: Scream Tail
|-singleturn|p2a: Scream Tail|Protect
|move|p2b: Koraidon|Protect|p2b: Koraidon
|-singleturn|p2b: Koraidon|Protect
|move|p1b: Miraidon|Electro Drift|p2a: Scream Tail
|-activate|p2a: Scream Tail|move: Protect
|move|p1a: Calyrex|Glacial Lance|p2b: Koraidon|[spread] 
|-activate|p2a: Scream Tail|move: Protect
|-activate|p2b: Koraidon|move: Protect
|
|-weather|SunnyDay|[upkeep]
|upkeep
|turn|2
|
|t:|1750877830
|-terastallize|p2b: Koraidon|Fire
|move|p2a: Scream Tail|Disable|p1b: Miraidon
|-start|p1b: Miraidon|Disable|Electro Drift
|cant|p1b: Miraidon|Disable|Electro Drift
|move|p2b: Koraidon|Flare Blitz|p1a: Calyrex
|-supereffective|p1a: Calyrex
|-damage|p1a: Calyrex|0 fnt
|faint|p1a: Calyrex
|-damage|p2b: Koraidon|62/100|[from] Recoil
|-damage|p2b: Koraidon|52/100|[from] item: Life Orb
|
|-weather|SunnyDay|[upkeep]
|upkeep
|
|t:|1750877845
|switch|p1a: Chien-Pao|Chien-Pao, L50|100/100
|-ability|p1a: Chien-Pao|Sword of Ruin
|turn|3
|
|t:|1750877863
|-terastallize|p1a: Chien-Pao|Dark
|move|p2a: Scream Tail|Protect|p2a: Scream Tail
|-singleturn|p2a: Scream Tail|Protect
|move|p2b: Koraidon|Protect|p2b: Koraidon
|-singleturn|p2b: Koraidon|Protect
|move|p1a: Chien-Pao|Sacred Sword|p2b: Koraidon
|-activate|p2b: Koraidon|move: Protect
|move|p1b: Miraidon|Volt Switch|p2a: Scream Tail
|-activate|p2a: Scream Tail|move: Protect
|
|-weather|SunnyDay|[upkeep]
|upkeep
|turn|4
|inactive|shawnisthegoat has 30 seconds left.
|inactive|funnylion has 30 seconds left.
|
|t:|1750877896
|move|p1a: Chien-Pao|Protect|p1a: Chien-Pao
|-singleturn|p1a: Chien-Pao|Protect
|move|p2a: Scream Tail|Dazzling Gleam|p1b: Miraidon|[spread] p1b
|-activate|p1a: Chien-Pao|move: Protect
|-supereffective|p1b: Miraidon
|-damage|p1b: Miraidon|75/100
|move|p2b: Koraidon|Close Combat|p1a: Chien-Pao
|-activate|p1a: Chien-Pao|move: Protect
|move|p1b: Miraidon|Volt Switch|p2a: Scream Tail
|-damage|p2a: Scream Tail|56/100
|
|t:|1750877907
|switch|p1b: Basculegion|Basculegion, L50, M|100/100|[from] Volt Switch
|
|-weather|SunnyDay|[upkeep]
|upkeep
|turn|5
|
|t:|1750877924
|switch|p2b: Ogerpon|Ogerpon-Wellspring, L50, F|100/100
|move|p2a: Scream Tail|Encore|p1a: Chien-Pao
|-start|p1a: Chien-Pao|Encore
|move|p1b: Basculegion|Flip Turn|p2b: Ogerpon
|-immune|p2b: Ogerpon|[from] ability: Water Absorb
|move|p1a: Chien-Pao|Protect||[still]
|-fail|p1a: Chien-Pao
|
|-weather|none
|-end|p2a: Scream Tail|Protosynthesis
|-fieldend|move: Electric Terrain
|upkeep
|-enditem|p2a: Scream Tail|Booster Energy
|-activate|p2a: Scream Tail|ability: Protosynthesis|[fromitem]
|-start|p2a: Scream Tail|protosynthesisspe
|turn|6
|-message|shawnisthegoat forfeited.
|
|win|funnylion
|raw|shawnisthegoat's rating: 1173 &rarr; <strong>1155</strong><br />(-18 for losing)
|raw|funnylion's rating: 1273 &rarr; <strong>1291</strong><br />(+18 for winning)
|l|☆shawnisthegoat
|player|p1|
