|j|☆tcg2vgc
|j|☆TheParasectKing
|t:|1750823969
|gametype|doubles
|player|p1|tcg2vgc|1|1297
|player|p2|TheParasectKing|acetrainer-gen4dp|1373
|teamsize|p1|6
|teamsize|p2|6
|gen|9
|tier|[Gen 9] VGC 2025 Reg I
|rated|
|rule|Species Clause: Limit one of each Pokémon
|rule|Item Clause: Limit 1 of each item
|clearpoke
|poke|p1|Calyrex-Ice, L50|
|poke|p1|Iron Treads, L50|
|poke|p1|Amoonguss, L50, M|
|poke|p1|Miraidon, L50|
|poke|p1|Iron Hands, L50|
|poke|p1|Ogerpon-Hearthflame, L50, F|
|poke|p2|Lunala, L50|
|poke|p2|Zamazenta-*, L50|
|poke|p2|Ogerpon-Hearthflame, L50, F|
|poke|p2|Urshifu-*, L50, F|
|poke|p2|Incineroar, L50, M|
|poke|p2|Rillaboom, L50, M|
|teampreview|4
|inactive|Battle timer is ON: inactive players will automatically lose when time's up. (requested by TheParasectKing)
|inactive|TheParasectKing has 60 seconds left.
|
|t:|1750824005
|start
|switch|p1a: Miraidon|Miraidon, L50|100/100
|switch|p1b: Iron Treads|Iron Treads, L50|100/100
|switch|p2a: Incineroar|Incineroar, L50, M|100/100
|switch|p2b: Zamazenta|Zamazenta-Crowned, L50|100/100
|-fieldstart|move: Electric Terrain|[from] ability: Hadron Engine|[of] p1a: Miraidon
|-activate|p1b: Iron Treads|ability: Quark Drive
|-start|p1b: Iron Treads|quarkdrivespe
|-ability|p2b: Zamazenta|Dauntless Shield|boost
|-boost|p2b: Zamazenta|def|1
|-ability|p2a: Incineroar|Intimidate|boost
|-unboost|p1a: Miraidon|atk|1
|-unboost|p1b: Iron Treads|atk|1
|turn|1
|
|t:|1750824024
|switch|p1a: Iron Hands|Iron Hands, L50|100/100
|-activate|p1a: Iron Hands|ability: Quark Drive
|-start|p1a: Iron Hands|quarkdriveatk
|-terastallize|p2b: Zamazenta|Dragon
|move|p2a: Incineroar|Fake Out|p1a: Iron Hands
|-damage|p1a: Iron Hands|91/100
|move|p1b: Iron Treads|High Horsepower|p2a: Incineroar
|-supereffective|p2a: Incineroar
|-damage|p2a: Incineroar|24/100
|-damage|p1b: Iron Treads|91/100|[from] item: Life Orb
|move|p2b: Zamazenta|Body Press|p1b: Iron Treads
|-supereffective|p1b: Iron Treads
|-damage|p1b: Iron Treads|0 fnt
|faint|p1b: Iron Treads
|-end|p1b: Iron Treads|Quark Drive|[silent]
|
|upkeep
|
|t:|1750824035
|switch|p1b: Miraidon|Miraidon, L50|100/100
|-activate|p1b: Miraidon|ability: Hadron Engine
|turn|2
|inactive|tcg2vgc has 30 seconds left.
|
|t:|1750824063
|switch|p2a: Rillaboom|Rillaboom, L50, M|100/100
|-fieldstart|move: Grassy Terrain|[from] ability: Grassy Surge|[of] p2a: Rillaboom
|-end|p1a: Iron Hands|Quark Drive
|move|p2b: Zamazenta|Protect|p2b: Zamazenta
|-singleturn|p2b: Zamazenta|Protect
|move|p1b: Miraidon|Volt Switch|p2a: Rillaboom
|-resisted|p2a: Rillaboom
|-damage|p2a: Rillaboom|73/100
|
|t:|1750824065
|switch|p1b: Calyrex|Calyrex-Ice, L50|100/100|[from] Volt Switch
|-ability|p1b: Calyrex|As One
|-ability|p1b: Calyrex|Unnerve
|move|p1a: Iron Hands|Low Kick|p2b: Zamazenta
|-activate|p2b: Zamazenta|move: Protect
|
|-heal|p2a: Rillaboom|79/100|[from] Grassy Terrain
|-heal|p1a: Iron Hands|97/100|[from] Grassy Terrain
|upkeep
|turn|3
|inactive|TheParasectKing has 30 seconds left.
|inactive|TheParasectKing has 20 seconds left.
|inactive|TheParasectKing has 15 seconds left.
|inactive|TheParasectKing has 10 seconds left.
|inactive|TheParasectKing has 5 seconds left.
|
|t:|1750824117
|-end|p1a: Iron Hands|Quark Drive|[silent]
|switch|p1a: Miraidon|Miraidon, L50|100/100
|-fieldstart|move: Electric Terrain|[from] ability: Hadron Engine|[of] p1a: Miraidon
|move|p1b: Calyrex|Protect|p1b: Calyrex
|-singleturn|p1b: Calyrex|Protect
|move|p2b: Zamazenta|Wide Guard|p2b: Zamazenta
|-singleturn|p2b: Zamazenta|Wide Guard
|move|p2a: Rillaboom|U-turn|p1a: Miraidon
|-damage|p1a: Miraidon|76/100
|
|t:|1750824120
|switch|p2a: Lunala|Lunala, L50|100/100|[from] U-turn
|
|upkeep
|turn|4
|
|t:|1750824139
|switch|p2b: Incineroar|Incineroar, L50, M|24/100
|-ability|p2b: Incineroar|Intimidate|boost
|-unboost|p1a: Miraidon|atk|1
|-fail|p1b: Calyrex|unboost|[from] item: Clear Amulet|[of] p1b: Calyrex
|-terastallize|p1b: Calyrex|Water
|move|p2a: Lunala|Wide Guard|p2a: Lunala
|-singleturn|p2a: Lunala|Wide Guard
|move|p1a: Miraidon|Draco Meteor|p2b: Incineroar|[miss]
|-miss|p1a: Miraidon|p2b: Incineroar
|move|p1b: Calyrex|Trick Room|p1b: Calyrex
|-fieldstart|move: Trick Room|[of] p1b: Calyrex
|
|upkeep
|turn|5
|inactive|tcg2vgc has 30 seconds left.
|
|t:|1750824167
|move|p2b: Incineroar|Fake Out|p1b: Calyrex
|-damage|p1b: Calyrex|91/100
|cant|p1b: Calyrex|flinch
|move|p2a: Lunala|Moonblast|p1a: Miraidon
|-supereffective|p1a: Miraidon
|-damage|p1a: Miraidon|18/100
|move|p1a: Miraidon|Draco Meteor|p2a: Lunala
|-damage|p2a: Lunala|68/100
|-unboost|p1a: Miraidon|spa|2
|
|upkeep
|turn|6
|j| mendako_peace
|inactive|TheParasectKing has 30 seconds left.
|
|t:|1750824197
|switch|p1a: Iron Hands|Iron Hands, L50|97/100
|-activate|p1a: Iron Hands|ability: Quark Drive
|-start|p1a: Iron Hands|quarkdriveatk
|move|p1b: Calyrex|High Horsepower|p2b: Incineroar
|-supereffective|p2b: Incineroar
|-damage|p2b: Incineroar|0 fnt
|faint|p2b: Incineroar
|-ability|p1b: Calyrex|Chilling Neigh|boost
|-boost|p1b: Calyrex|atk|1
|move|p2a: Lunala|Meteor Beam||[still]
|-prepare|p2a: Lunala|Meteor Beam
|-boost|p2a: Lunala|spa|1
|-enditem|p2a: Lunala|Power Herb
|-anim|p2a: Lunala|Meteor Beam|p1a: Iron Hands
|-resisted|p1a: Iron Hands
|-damage|p1a: Iron Hands|80/100
|
|upkeep
|
|t:|1750824206
|switch|p2b: Rillaboom|Rillaboom, L50, M|79/100
|-fieldstart|move: Grassy Terrain|[from] ability: Grassy Surge|[of] p2b: Rillaboom
|-end|p1a: Iron Hands|Quark Drive
|turn|7
|l| mendako_peace
|
|t:|1750824223
|move|p1a: Iron Hands|Fake Out|p2b: Rillaboom
|-damage|p2b: Rillaboom|64/100
|cant|p2b: Rillaboom|flinch
|move|p1b: Calyrex|High Horsepower|p2a: Lunala
|-damage|p2a: Lunala|13/100
|move|p2a: Lunala|Moonblast|p1a: Iron Hands
|-supereffective|p1a: Iron Hands
|-damage|p1a: Iron Hands|24/100
|
|-heal|p1b: Calyrex|97/100|[from] Grassy Terrain
|-heal|p1a: Iron Hands|30/100|[from] Grassy Terrain
|-heal|p2b: Rillaboom|70/100|[from] Grassy Terrain
|-heal|p2a: Lunala|20/100|[from] Grassy Terrain
|upkeep
|turn|8
|inactive|tcg2vgc has 30 seconds left.
|
|t:|1750824249
|move|p2a: Lunala|Wide Guard|p2a: Lunala
|-singleturn|p2a: Lunala|Wide Guard
|move|p1b: Calyrex|High Horsepower|p2b: Rillaboom
|-resisted|p2b: Rillaboom
|-damage|p2b: Rillaboom|41/100
|move|p1a: Iron Hands|Low Kick|p2b: Rillaboom
|-damage|p2b: Rillaboom|1/100
|move|p2b: Rillaboom|Wood Hammer|p1b: Calyrex
|-supereffective|p1b: Calyrex
|-crit|p1b: Calyrex
|-damage|p1b: Calyrex|0 fnt
|faint|p1b: Calyrex
|-damage|p2b: Rillaboom|0 fnt|[from] Recoil
|faint|p2b: Rillaboom
|
|-heal|p1a: Iron Hands|36/100|[from] Grassy Terrain
|-heal|p2a: Lunala|26/100|[from] Grassy Terrain
|-fieldend|move: Trick Room
|upkeep
|
|t:|1750824257
|switch|p2b: Zamazenta|Zamazenta-Crowned, L50, tera:Dragon|100/100
|switch|p1b: Miraidon|Miraidon, L50|18/100
|-fieldstart|move: Electric Terrain|[from] ability: Hadron Engine|[of] p1b: Miraidon
|-activate|p1a: Iron Hands|ability: Quark Drive
|-start|p1a: Iron Hands|quarkdriveatk
|turn|9
|
|t:|1750824279
|move|p2a: Lunala|Wide Guard|p2a: Lunala
|-singleturn|p2a: Lunala|Wide Guard
|move|p1b: Miraidon|Dazzling Gleam|p2a: Lunala|[spread] 
|-activate|p2a: Lunala|move: Wide Guard
|-activate|p2b: Zamazenta|move: Wide Guard
|move|p2b: Zamazenta|Body Press|p1a: Iron Hands
|-damage|p1a: Iron Hands|4/100
|move|p1a: Iron Hands|Low Kick|p2b: Zamazenta
|-damage|p2b: Zamazenta|38/100
|
|upkeep
|turn|10
|
|t:|1750824288
|move|p2a: Lunala|Wide Guard|p2a: Lunala
|-singleturn|p2a: Lunala|Wide Guard
|move|p1b: Miraidon|Dazzling Gleam|p2a: Lunala|[spread] 
|-activate|p2a: Lunala|move: Wide Guard
|-activate|p2b: Zamazenta|move: Wide Guard
|move|p2b: Zamazenta|Body Press|p1a: Iron Hands
|-damage|p1a: Iron Hands|0 fnt
|faint|p1a: Iron Hands
|-end|p1a: Iron Hands|Quark Drive|[silent]
|
|upkeep
|turn|11
|-message|tcg2vgc forfeited.
|
|win|TheParasectKing
|raw|tcg2vgc's rating: 1297 &rarr; <strong>1279</strong><br />(-18 for losing)
|raw|TheParasectKing's rating: 1391 &rarr; <strong>1406</strong><br />(+15 for winning)
|l|☆tcg2vgc
|player|p1|
|l|☆TheParasectKing
|player|p2|
