|j|☆Arcane_72
|j|☆Bruno Emerson
|t:|1750847828
|gametype|doubles
|player|p1|Arcane_72|102|1107
|player|p2|Bruno Emerson|169|1107
|teamsize|p1|6
|teamsize|p2|6
|gen|9
|tier|[Gen 9] VGC 2025 Reg I
|rated|
|rule|Species Clause: Limit one of each Pokémon
|rule|Item Clause: Limit 1 of each item
|clearpoke
|poke|p1|Terapagos, L50, M|
|poke|p1|Indeedee-F, L50, F|
|poke|p1|Amoonguss, L50, F|
|poke|p1|Urshifu-*, L50, F|
|poke|p1|Whimsicott, L50, F|
|poke|p1|Rillaboom, L50, F|
|poke|p2|Dragonite, L50, M|
|poke|p2|Arcanine, L50, F|
|poke|p2|Gyarados, L50, M|
|poke|p2|Snorlax, L50, M|
|poke|p2|Exeggutor, L50, F|
|poke|p2|Raichu, L50, M|
|teampreview|4
|
|t:|1750847870
|start
|switch|p1a: Indeedee|Indeedee-F, L50, F|100/100
|switch|p1b: Terapagos|Terapagos, L50, M|100/100
|switch|p2a: Arcanine|Arcanine, L50, F|100/100
|switch|p2b: Snorlax|Snorlax, L50, M|100/100
|-activate|p1b: Terapagos|ability: Tera Shift
|detailschange|p1b: Terapagos|Terapagos-Terastal, L50, M
|-heal|p1b: Terapagos|100/100|[silent]
|-ability|p2a: Arcanine|Intimidate|boost
|-unboost|p1a: Indeedee|atk|1
|-unboost|p1b: Terapagos|atk|1
|-fieldstart|move: Psychic Terrain|[from] ability: Psychic Surge|[of] p1a: Indeedee
|turn|1
|
|t:|1750847892
|-terastallize|p1b: Terapagos|Stellar
|detailschange|p1b: Terapagos|Terapagos-Stellar, L50, M, tera:Stellar
|-heal|p1b: Terapagos|100/100|[silent]
|-ability|p1b: Terapagos|Teraform Zero
|-fieldend|move: Psychic Terrain
|move|p1a: Indeedee|Helping Hand|p1b: Terapagos
|-singleturn|p1b: Terapagos|Helping Hand|[of] p1a: Indeedee
|move|p2a: Arcanine|Snarl|p1a: Indeedee|[spread] p1a,p1b
|-supereffective|p1a: Indeedee
|-damage|p1a: Indeedee|82/100
|-damage|p1b: Terapagos|95/100
|-unboost|p1a: Indeedee|spa|1
|-unboost|p1b: Terapagos|spa|1
|move|p1b: Terapagos|Tera Starstorm|p2a: Arcanine|[spread] p2a,p2b
|-damage|p2a: Arcanine|58/100
|-damage|p2b: Snorlax|60/100
|move|p2b: Snorlax|Curse|p2b: Snorlax
|-unboost|p2b: Snorlax|spe|1
|-boost|p2b: Snorlax|atk|1
|-boost|p2b: Snorlax|def|1
|
|upkeep
|turn|2
|
|t:|1750847922
|move|p2a: Arcanine|Snarl|p1a: Indeedee|[spread] p1a,p1b
|-supereffective|p1a: Indeedee
|-damage|p1a: Indeedee|65/100
|-damage|p1b: Terapagos|90/100
|-unboost|p1a: Indeedee|spa|1
|-unboost|p1b: Terapagos|spa|1
|move|p1a: Indeedee|Psychic|p2b: Snorlax
|-damage|p2b: Snorlax|50/100
|-enditem|p2b: Snorlax|Aguav Berry|[eat]
|-heal|p2b: Snorlax|83/100|[from] item: Aguav Berry
|move|p1b: Terapagos|Tera Starstorm|p2b: Snorlax|[spread] p2a,p2b
|-damage|p2a: Arcanine|35/100
|-damage|p2b: Snorlax|63/100
|move|p2b: Snorlax|Body Slam|p1a: Indeedee
|-damage|p1a: Indeedee|0 fnt
|faint|p1a: Indeedee
|
|upkeep
|
|t:|1750847944
|switch|p1a: Whimsicott|Whimsicott, L50, F|100/100
|turn|3
|
|t:|1750847965
|switch|p1b: Urshifu|Urshifu-Rapid-Strike, L50, F|100/100
|move|p1a: Whimsicott|Tailwind|p1a: Whimsicott
|-sidestart|p1: Arcane_72|move: Tailwind
|move|p2a: Arcanine|Snarl|p1a: Whimsicott|[spread] p1a,p1b
|-resisted|p1a: Whimsicott
|-resisted|p1b: Urshifu
|-damage|p1a: Whimsicott|93/100
|-damage|p1b: Urshifu|94/100
|-unboost|p1a: Whimsicott|spa|1
|-unboost|p1b: Urshifu|spa|1
|move|p2b: Snorlax|Body Slam|p1a: Whimsicott
|-damage|p1a: Whimsicott|2/100
|
|upkeep
|turn|4
|
|t:|1750847989
|-terastallize|p2b: Snorlax|Ghost
|move|p1a: Whimsicott|Helping Hand|p1b: Urshifu
|-singleturn|p1b: Urshifu|Helping Hand|[of] p1a: Whimsicott
|move|p1b: Urshifu|Close Combat|p2b: Snorlax
|-immune|p2b: Snorlax
|move|p2a: Arcanine|Flamethrower|p1a: Whimsicott
|-supereffective|p1a: Whimsicott
|-damage|p1a: Whimsicott|0 fnt
|faint|p1a: Whimsicott
|move|p2b: Snorlax|Body Slam|p1b: Urshifu
|-damage|p1b: Urshifu|23/100
|
|upkeep
|
|t:|1750848004
|switch|p1a: Terapagos|Terapagos-Stellar, L50, M, tera:Stellar|90/100
|turn|5
|
|t:|1750848023
|move|p1b: Urshifu|Close Combat|p2a: Arcanine
|-damage|p2a: Arcanine|0 fnt
|-unboost|p1b: Urshifu|def|1
|-unboost|p1b: Urshifu|spd|1
|faint|p2a: Arcanine
|move|p1a: Terapagos|Tera Starstorm|p2b: Snorlax
|-supereffective|p2b: Snorlax
|-damage|p2b: Snorlax|0 fnt
|faint|p2b: Snorlax
|
|upkeep
|
|t:|1750848027
|switch|p2a: Gyarados|Gyarados, L50, M|100/100
|switch|p2b: Dragonite|Dragonite, L50, M|100/100
|turn|6
|
|t:|1750848054
|move|p2b: Dragonite|Extreme Speed|p1b: Urshifu
|-damage|p1b: Urshifu|0 fnt
|faint|p1b: Urshifu
|move|p1a: Terapagos|Tera Starstorm|p2a: Gyarados|[spread] p2a,p2b
|-crit|p2b: Dragonite
|-damage|p2a: Gyarados|34/100
|-damage|p2b: Dragonite|57/100
|move|p2a: Gyarados|Dragon Dance|p2a: Gyarados
|-boost|p2a: Gyarados|atk|1
|-boost|p2a: Gyarados|spe|1
|
|-sideend|p1: Arcane_72|move: Tailwind
|upkeep
|turn|7
|
|t:|1750848070
|move|p2a: Gyarados|Waterfall|p1a: Terapagos
|-damage|p1a: Terapagos|46/100
|move|p1a: Terapagos|Tera Starstorm|p2b: Dragonite|[spread] p2a,p2b
|-damage|p2a: Gyarados|0 fnt
|-damage|p2b: Dragonite|0 fnt
|faint|p2a: Gyarados
|faint|p2b: Dragonite
|
|win|Arcane_72
|raw|Arcane_72's rating: 1107 &rarr; <strong>1132</strong><br />(+25 for winning)
|raw|Bruno Emerson's rating: 1107 &rarr; <strong>1082</strong><br />(-25 for losing)
|l|☆Bruno Emerson
|player|p2|
|l|☆Arcane_72
|player|p1|
