|j|☆vernon1059
|j|☆K1ngzzz
|t:|1750706802
|gametype|doubles
|player|p1|vernon1059|pryce|1151
|player|p2|K1ngzzz|hugh|1121
|teamsize|p1|6
|teamsize|p2|6
|gen|9
|tier|[Gen 9] VGC 2025 Reg I
|rated|
|rule|Species Clause: Limit one of each Pokémon
|rule|Item Clause: Limit 1 of each item
|clearpoke
|poke|p1|Abomasnow, L50, F|
|poke|p1|Froslass, L50, F|
|poke|p1|Hippowdon, L50, F|
|poke|p1|Garchomp, L50, F|
|poke|p1|Muk-Alola, L50, M|
|poke|p1|Tsareena, L50, F|
|poke|p2|Lunala, L50|
|poke|p2|Terapagos, L50, M|
|poke|p2|Indeedee-F, L50, F|
|poke|p2|Comfey, L50, F|
|poke|p2|Incineroar, L50, M|
|poke|p2|Meowscarada, L50, F|
|teampreview|4
|inactive|Battle timer is ON: inactive players will automatically lose when time's up. (requested by K1ngzzz)
|
|t:|1750706825
|start
|switch|p1a: Abomasnow|Abomasnow, L50, F, shiny|100/100
|switch|p1b: Froslass|Froslass, L50, F, shiny|100/100
|switch|p2a: Indeedee|Indeedee-F, L50, F, shiny|100/100
|switch|p2b: Lunala|Lunala, L50, shiny|100/100
|-fieldstart|move: Psychic Terrain|[from] ability: Psychic Surge|[of] p2a: Indeedee
|-weather|Snowscape|[from] ability: Snow Warning|[of] p1a: Abomasnow
|turn|1
|c|☆vernon1059|new concept
|inactive|K1ngzzz has 30 seconds left.
|inactive|K1ngzzz has 20 seconds left.
|
|t:|1750706864
|move|p2a: Indeedee|Helping Hand|p2b: Lunala
|-singleturn|p2b: Lunala|Helping Hand|[of] p2a: Indeedee
|move|p2b: Lunala|Moongeist Beam|p1b: Froslass
|-supereffective|p1b: Froslass
|-damage|p1b: Froslass|0 fnt
|faint|p1b: Froslass
|move|p1a: Abomasnow|Aurora Veil|p1a: Abomasnow
|-sidestart|p1: vernon1059|move: Aurora Veil
|
|-weather|Snowscape|[upkeep]
|upkeep
|
|t:|1750706873
|switch|p1b: Muk|Muk-Alola, L50, M|100/100
|turn|2
|
|t:|1750706894
|move|p2a: Indeedee|Helping Hand|p2b: Lunala
|-singleturn|p2b: Lunala|Helping Hand|[of] p2a: Indeedee
|move|p2b: Lunala|Moongeist Beam|p1b: Muk
|-resisted|p1b: Muk
|-damage|p1b: Muk|76/100
|move|p1b: Muk|Minimize|p1b: Muk
|-boost|p1b: Muk|evasion|2
|move|p1a: Abomasnow|Leech Seed|p2b: Lunala
|-start|p2b: Lunala|move: Leech Seed
|
|-weather|Snowscape|[upkeep]
|-damage|p2b: Lunala|88/100|[from] Leech Seed|[of] p1a: Abomasnow
|upkeep
|turn|3
|
|t:|1750706914
|switch|p2a: Terapagos|Terapagos, L50, M|100/100
|-activate|p2a: Terapagos|ability: Tera Shift
|detailschange|p2a: Terapagos|Terapagos-Terastal, L50, M
|-heal|p2a: Terapagos|100/100|[silent]
|move|p2b: Lunala|Moongeist Beam|p1a: Abomasnow
|-damage|p1a: Abomasnow|69/100
|move|p1b: Muk|Minimize|p1b: Muk
|-boost|p1b: Muk|evasion|2
|move|p1a: Abomasnow|Blizzard|p2b: Lunala|[spread] p2a,p2b
|-activate|p2a: Terapagos|ability: Tera Shell
|-resisted|p2a: Terapagos
|-damage|p2a: Terapagos|89/100
|-damage|p2b: Lunala|68/100
|
|-weather|Snowscape|[upkeep]
|-damage|p2b: Lunala|56/100|[from] Leech Seed|[of] p1a: Abomasnow
|-heal|p1a: Abomasnow|84/100|[silent]
|upkeep
|turn|4
|
|t:|1750706937
|switch|p2b: Incineroar|Incineroar, L50, M, shiny|100/100
|-ability|p2b: Incineroar|Intimidate|boost
|-unboost|p1a: Abomasnow|atk|1
|-unboost|p1b: Muk|atk|1
|-terastallize|p2a: Terapagos|Stellar
|detailschange|p2a: Terapagos|Terapagos-Stellar, L50, M, tera:Stellar
|-heal|p2a: Terapagos|91/100|[silent]
|-ability|p2a: Terapagos|Teraform Zero
|-weather|none
|-fieldend|move: Psychic Terrain
|move|p2a: Terapagos|Tera Starstorm|p1a: Abomasnow|[spread] p1a,p1b
|-damage|p1a: Abomasnow|47/100
|-damage|p1b: Muk|42/100
|move|p1b: Muk|Drain Punch|p2a: Terapagos
|-supereffective|p2a: Terapagos
|-damage|p2a: Terapagos|70/100
|-heal|p1b: Muk|56/100|[from] drain|[of] p2a: Terapagos
|-status|p2a: Terapagos|psn|[from] ability: Poison Touch|[of] p1b: Muk
|move|p1a: Abomasnow|Blizzard|p2a: Terapagos|[spread] p2a,p2b
|-resisted|p2b: Incineroar
|-damage|p2a: Terapagos|55/100 psn
|-damage|p2b: Incineroar|93/100
|
|-damage|p2a: Terapagos|42/100 psn|[from] psn
|upkeep
|turn|5
|inactive|vernon1059 has 30 seconds left.
|inactive|K1ngzzz has 30 seconds left.
|
|t:|1750706970
|move|p1a: Abomasnow|Protect|p1a: Abomasnow
|-singleturn|p1a: Abomasnow|Protect
|move|p2b: Incineroar|Fake Out|p1a: Abomasnow
|-activate|p1a: Abomasnow|move: Protect
|move|p2a: Terapagos|Tera Starstorm|p1b: Muk|[spread] p1b
|-activate|p1a: Abomasnow|move: Protect
|-damage|p1b: Muk|23/100
|move|p1b: Muk|Minimize|p1b: Muk
|-boost|p1b: Muk|evasion|2
|
|-damage|p2a: Terapagos|30/100 psn|[from] psn
|-sideend|p1: vernon1059|move: Aurora Veil
|upkeep
|turn|6
|
|t:|1750706994
|move|p2a: Terapagos|Tera Starstorm|p1a: Abomasnow|[spread] p1a,p1b
|-damage|p1a: Abomasnow|0 fnt
|-damage|p1b: Muk|0 fnt
|faint|p1a: Abomasnow
|faint|p1b: Muk
|move|p2b: Incineroar|Flare Blitz|p1: Abomasnow|[notarget]
|-fail|p2b: Incineroar
|
|-damage|p2a: Terapagos|17/100 psn|[from] psn
|upkeep
|
|t:|1750707003
|switch|p1b: Tsareena|Tsareena, L50, F, shiny|100/100
|turn|7
|
|t:|1750707009
|move|p2a: Terapagos|Tera Starstorm|p1b: Tsareena
|-damage|p1b: Tsareena|0 fnt
|faint|p1b: Tsareena
|
|win|K1ngzzz
|raw|vernon1059's rating: 1151 &rarr; <strong>1124</strong><br />(-27 for losing)
|raw|K1ngzzz's rating: 1121 &rarr; <strong>1148</strong><br />(+27 for winning)
|l|☆vernon1059
|player|p1|
|l|☆K1ngzzz
|player|p2|
