|j|☆no1anthropocenefan
|j|☆Anothernameagain
|t:|1750825063
|gametype|doubles
|player|p1|no1anthropocenefan|1|1183
|player|p2|Anothernameagain|266|1155
|teamsize|p1|6
|teamsize|p2|6
|gen|9
|tier|[Gen 9] VGC 2025 Reg I
|rated|
|rule|Species Clause: Limit one of each Pokémon
|rule|Item Clause: Limit 1 of each item
|clearpoke
|poke|p1|Miraidon, L50|
|poke|p1|Iron Valiant, L50|
|poke|p1|Kyogre, L50|
|poke|p1|Tornadus, L50, M|
|poke|p1|Amoonguss, L50, F|
|poke|p1|Chien-Pao, L50|
|poke|p2|Talonflame, L50, F|
|poke|p2|Miraidon, L50|
|poke|p2|Iron Hands, L50|
|poke|p2|Raichu-Alola, L50, F|
|poke|p2|Calyrex-Ice, L50|
|poke|p2|Toxapex, L50, M|
|teampreview|4
|
|t:|1750825080
|start
|switch|p1a: Tornadus|Tornadus, L50, M|100/100
|switch|p1b: Iron Valiant|Iron Valiant, L50|100/100
|switch|p2a: Toxapex|Toxapex, L50, M, shiny|100/100
|switch|p2b: Miraidon|Miraidon, L50|100/100
|-fieldstart|move: Electric Terrain|[from] ability: Hadron Engine|[of] p2b: Miraidon
|-activate|p1b: Iron Valiant|ability: Quark Drive
|-start|p1b: Iron Valiant|quarkdrivespe
|turn|1
|
|t:|1750825094
|-terastallize|p2b: Miraidon|Fairy
|move|p1a: Tornadus|Taunt|p2a: Toxapex
|-start|p2a: Toxapex|move: Taunt
|move|p1b: Iron Valiant|Spirit Break|p2b: Miraidon
|-damage|p2b: Miraidon|65/100
|-unboost|p2b: Miraidon|spa|1
|move|p2b: Miraidon|Volt Switch|p1a: Tornadus
|-supereffective|p1a: Tornadus
|-damage|p1a: Tornadus|0 fnt
|faint|p1a: Tornadus
|
|t:|1750825101
|switch|p2b: Calyrex|Calyrex-Ice, L50|100/100|[from] Volt Switch
|-ability|p2b: Calyrex|As One
|-ability|p2b: Calyrex|Unnerve
|cant|p2a: Toxapex|move: Taunt|Toxic Spikes
|
|upkeep
|inactive|Battle timer is ON: inactive players will automatically lose when time's up. (requested by Anothernameagain)
|
|t:|1750825132
|switch|p1a: Amoonguss|Amoonguss, L50, F|100/100
|turn|2
|
|t:|1750825147
|switch|p2a: Iron Hands|Iron Hands, L50|100/100
|-activate|p2a: Iron Hands|ability: Quark Drive
|-start|p2a: Iron Hands|quarkdriveatk
|-terastallize|p1b: Iron Valiant|Dark
|move|p2b: Calyrex|Protect|p2b: Calyrex
|-singleturn|p2b: Calyrex|Protect
|move|p1a: Amoonguss|Protect|p1a: Amoonguss
|-singleturn|p1a: Amoonguss|Protect
|move|p1b: Iron Valiant|Knock Off|p2b: Calyrex
|-activate|p2b: Calyrex|move: Protect
|
|upkeep
|turn|3
|
|t:|1750825170
|switch|p2b: Toxapex|Toxapex, L50, M, shiny|100/100
|move|p1a: Amoonguss|Rage Powder|p1a: Amoonguss
|-singleturn|p1a: Amoonguss|move: Rage Powder
|move|p1b: Iron Valiant|Knock Off|p2b: Toxapex
|-damage|p2b: Toxapex|62/100
|-enditem|p2b: Toxapex|Leftovers|[from] move: Knock Off|[of] p1b: Iron Valiant
|move|p2a: Iron Hands|Drain Punch|p1a: Amoonguss
|-resisted|p1a: Amoonguss
|-crit|p1a: Amoonguss
|-damage|p1a: Amoonguss|58/100
|
|upkeep
|turn|4
|
|t:|1750825193
|move|p1a: Amoonguss|Protect|p1a: Amoonguss
|-singleturn|p1a: Amoonguss|Protect
|move|p2b: Toxapex|Wide Guard|p2b: Toxapex
|-singleturn|p2b: Toxapex|Wide Guard
|move|p1b: Iron Valiant|Spirit Break|p2a: Iron Hands
|-supereffective|p2a: Iron Hands
|-damage|p2a: Iron Hands|51/100
|-unboost|p2a: Iron Hands|spa|1
|move|p2a: Iron Hands|Earthquake|p1a: Amoonguss|[spread] p1b
|-activate|p2b: Toxapex|move: Wide Guard
|-activate|p1a: Amoonguss|move: Protect
|-damage|p1b: Iron Valiant|54/100
|
|upkeep
|turn|5
|
|t:|1750825217
|move|p1a: Amoonguss|Rage Powder|p1a: Amoonguss
|-singleturn|p1a: Amoonguss|move: Rage Powder
|move|p1b: Iron Valiant|Spirit Break|p2a: Iron Hands
|-supereffective|p2a: Iron Hands
|-damage|p2a: Iron Hands|5/100
|-unboost|p2a: Iron Hands|spa|1
|move|p2b: Toxapex|Toxic Spikes|p1a: Amoonguss
|-sidestart|p1: no1anthropocenefan|move: Toxic Spikes
|move|p2a: Iron Hands|Drain Punch|p1a: Amoonguss
|-resisted|p1a: Amoonguss
|-damage|p1a: Amoonguss|28/100
|-heal|p2a: Iron Hands|19/100|[from] drain|[of] p1a: Amoonguss
|-enditem|p1a: Amoonguss|Sitrus Berry|[eat]
|-heal|p1a: Amoonguss|53/100|[from] item: Sitrus Berry
|
|-fieldend|move: Electric Terrain
|-end|p1b: Iron Valiant|Quark Drive
|-end|p2a: Iron Hands|Quark Drive
|upkeep
|turn|6
|inactive|no1anthropocenefan has 30 seconds left.
|inactive|Anothernameagain has 30 seconds left.
|
|t:|1750825244
|move|p2b: Toxapex|Baneful Bunker|p2b: Toxapex
|-singleturn|p2b: Toxapex|move: Protect
|move|p1b: Iron Valiant|Knock Off|p2a: Iron Hands
|-resisted|p2a: Iron Hands
|-damage|p2a: Iron Hands|4/100
|-enditem|p2a: Iron Hands|Assault Vest|[from] move: Knock Off|[of] p1b: Iron Valiant
|move|p1a: Amoonguss|Spore|p2b: Toxapex
|-activate|p2b: Toxapex|move: Protect
|move|p2a: Iron Hands|Drain Punch|p1a: Amoonguss
|-resisted|p1a: Amoonguss
|-damage|p1a: Amoonguss|29/100
|-heal|p2a: Iron Hands|15/100|[from] drain|[of] p1a: Amoonguss
|
|upkeep
|turn|7
|
|t:|1750825269
|move|p2b: Toxapex|Baneful Bunker||[still]
|-fail|p2b: Toxapex
|move|p1b: Iron Valiant|Spirit Break|p2a: Iron Hands
|-supereffective|p2a: Iron Hands
|-damage|p2a: Iron Hands|0 fnt
|faint|p2a: Iron Hands
|-end|p2a: Iron Hands|Quark Drive|[silent]
|move|p1a: Amoonguss|Spore|p2b: Toxapex
|-status|p2b: Toxapex|slp|[from] move: Spore
|
|upkeep
|
|t:|1750825291
|switch|p2a: Calyrex|Calyrex-Ice, L50|100/100
|-ability|p2a: Calyrex|As One
|-ability|p2a: Calyrex|Unnerve
|turn|8
|
|t:|1750825302
|move|p1a: Amoonguss|Protect|p1a: Amoonguss
|-singleturn|p1a: Amoonguss|Protect
|move|p1b: Iron Valiant|Knock Off|p2a: Calyrex
|-supereffective|p2a: Calyrex
|-damage|p2a: Calyrex|25/100
|-enditem|p2a: Calyrex|Clear Amulet|[from] move: Knock Off|[of] p1b: Iron Valiant
|move|p2a: Calyrex|Glacial Lance|p1b: Iron Valiant|[spread] p1b
|-activate|p1a: Amoonguss|move: Protect
|-damage|p1b: Iron Valiant|0 fnt
|faint|p1b: Iron Valiant
|-end|p1b: Iron Valiant|Quark Drive|[silent]
|-ability|p2a: Calyrex|Chilling Neigh|boost
|-boost|p2a: Calyrex|atk|1
|cant|p2b: Toxapex|slp
|
|upkeep
|
|t:|1750825311
|switch|p1b: Miraidon|Miraidon, L50|100/100
|-status|p1b: Miraidon|psn
|-fieldstart|move: Electric Terrain|[from] ability: Hadron Engine|[of] p1b: Miraidon
|turn|9
|
|t:|1750825324
|move|p2a: Calyrex|Protect|p2a: Calyrex
|-singleturn|p2a: Calyrex|Protect
|-curestatus|p2b: Toxapex|slp|[msg]
|move|p2b: Toxapex|Baneful Bunker|p2b: Toxapex
|-singleturn|p2b: Toxapex|move: Protect
|move|p1b: Miraidon|Electro Drift|p2a: Calyrex
|-activate|p2a: Calyrex|move: Protect
|move|p1a: Amoonguss|Clear Smog|p2a: Calyrex
|-activate|p2a: Calyrex|move: Protect
|
|-damage|p1b: Miraidon|88/100 psn|[from] psn
|upkeep
|turn|10
|inactive|Anothernameagain has 30 seconds left.
|
|t:|1750825349
|move|p2a: Calyrex|Protect|p2a: Calyrex
|-singleturn|p2a: Calyrex|Protect
|move|p1b: Miraidon|Electro Drift|p2b: Toxapex
|-supereffective|p2b: Toxapex
|-crit|p2b: Toxapex
|-damage|p2b: Toxapex|0 fnt
|faint|p2b: Toxapex
|move|p1a: Amoonguss|Clear Smog|p2a: Calyrex
|-activate|p2a: Calyrex|move: Protect
|
|-damage|p1b: Miraidon|76/100 psn|[from] psn
|upkeep
|
|t:|1750825357
|switch|p2b: Miraidon|Miraidon, L50, tera:Fairy|65/100
|-activate|p2b: Miraidon|ability: Hadron Engine
|turn|11
|
|t:|1750825369
|move|p2b: Miraidon|Dazzling Gleam|p1a: Amoonguss|[spread] p1a,p1b
|-resisted|p1a: Amoonguss
|-supereffective|p1b: Miraidon
|-damage|p1a: Amoonguss|10/100
|-damage|p1b: Miraidon|0 fnt
|faint|p1b: Miraidon
|move|p2a: Calyrex|Glacial Lance|p1a: Amoonguss
|-supereffective|p1a: Amoonguss
|-crit|p1a: Amoonguss
|-damage|p1a: Amoonguss|0 fnt
|faint|p1a: Amoonguss
|
|win|Anothernameagain
|raw|no1anthropocenefan's rating: 1183 &rarr; <strong>1156</strong><br />(-27 for losing)
|raw|Anothernameagain's rating: 1155 &rarr; <strong>1182</strong><br />(+27 for winning)
|l|☆no1anthropocenefan
|player|p1|
|l|☆Anothernameagain
|player|p2|
