|j|☆Gamertag1001
|j|☆fedebre_
|t:|1750749628
|gametype|doubles
|player|p1|Gamertag1001|kieran-champion|1390
|player|p2|fedebre_|steven|1495
|teamsize|p1|6
|teamsize|p2|6
|gen|9
|tier|[Gen 9] VGC 2025 Reg I
|rated|
|rule|Species Clause: Limit one of each Pokémon
|rule|Item Clause: Limit 1 of each item
|clearpoke
|poke|p1|Calyrex-Shadow, L50|
|poke|p1|Koraidon, L50|
|poke|p1|Weezing-Galar, L50, M|
|poke|p1|Dondozo, L50, M|
|poke|p1|Tatsugiri-Droopy, L50, F|
|poke|p1|Brute Bonnet, L50|
|poke|p2|Kyogre, L50|
|poke|p2|Zacian-*, L50|
|poke|p2|Roaring Moon, L50|
|poke|p2|Amoonguss, L50, F|
|poke|p2|Iron Hands, L50|
|poke|p2|Urshifu-*, L50, F|
|teampreview|4
|inactive|Battle timer is ON: inactive players will automatically lose when time's up. (requested by Gamertag1001)
fedebre_ has agreed to open team sheets.
|
|t:|1750749657
|start
|switch|p1a: Dondozo|Dondozo, L50, M|100/100
|switch|p1b: Tatsugiri|Tatsugiri-Droopy, L50, F|100/100
|switch|p2a: Roaring Moon|Roaring Moon, L50|100/100
|switch|p2b: Zacian|Zacian-Crowned, L50|100/100
|-ability|p2b: Zacian|Intrepid Sword|boost
|-boost|p2b: Zacian|atk|1
|-enditem|p2a: Roaring Moon|Booster Energy
|-activate|p2a: Roaring Moon|ability: Protosynthesis|[fromitem]
|-start|p2a: Roaring Moon|protosynthesisspe
|-activate|p1b: Tatsugiri|ability: Commander|[of] p1a: Dondozo
|-boost|p1a: Dondozo|atk|2
|-boost|p1a: Dondozo|spa|2
|-boost|p1a: Dondozo|spe|2
|-boost|p1a: Dondozo|def|2
|-boost|p1a: Dondozo|spd|2
|turn|1
|inactive|fedebre_ has 30 seconds left.
|inactive|fedebre_ has 20 seconds left.
|
|t:|1750749695
|move|p2a: Roaring Moon|Protect|p2a: Roaring Moon
|-singleturn|p2a: Roaring Moon|Protect
|move|p2b: Zacian|Swords Dance|p2b: Zacian
|-boost|p2b: Zacian|atk|2
|move|p1a: Dondozo|Order Up|p2a: Roaring Moon
|-activate|p2a: Roaring Moon|move: Protect
|
|upkeep
|turn|2
|
|t:|1750749710
|-terastallize|p2a: Roaring Moon|Flying
|move|p2a: Roaring Moon|Tailwind|p2a: Roaring Moon
|-sidestart|p2: fedebre_|move: Tailwind
|move|p2b: Zacian|Swords Dance|p2b: Zacian
|-boost|p2b: Zacian|atk|2
|move|p1a: Dondozo|Earthquake|p2b: Zacian|[spread] p2b
|-miss|p1a: Dondozo|p1b: Tatsugiri
|-immune|p2a: Roaring Moon
|-supereffective|p2b: Zacian
|-damage|p2b: Zacian|43/100
|
|upkeep
|turn|3
|
|t:|1750749729
|move|p2b: Zacian|Protect|p2b: Zacian
|-singleturn|p2b: Zacian|Protect
|move|p2a: Roaring Moon|Knock Off|p1a: Dondozo
|-damage|p1a: Dondozo|87/100
|-enditem|p1a: Dondozo|Leftovers|[from] move: Knock Off|[of] p2a: Roaring Moon
|move|p1a: Dondozo|Order Up|p2a: Roaring Moon
|-damage|p2a: Roaring Moon|47/100
|-boost|p1a: Dondozo|def|1
|
|upkeep
|turn|4
|
|t:|1750749747
|move|p2a: Roaring Moon|Acrobatics|p1a: Dondozo
|-damage|p1a: Dondozo|75/100
|move|p2b: Zacian|Play Rough|p1a: Dondozo
|-damage|p1a: Dondozo|64/100
|move|p1a: Dondozo|Earthquake|p2a: Roaring Moon|[spread] p2b
|-miss|p1a: Dondozo|p1b: Tatsugiri
|-immune|p2a: Roaring Moon
|-supereffective|p2b: Zacian
|-damage|p2b: Zacian|0 fnt
|faint|p2b: Zacian
|
|upkeep
|
|t:|1750749757
|switch|p2b: Urshifu|Urshifu-Rapid-Strike, L50, F|100/100
|turn|5
|
|t:|1750749772
|move|p2a: Roaring Moon|Protect|p2a: Roaring Moon
|-singleturn|p2a: Roaring Moon|Protect
|move|p2b: Urshifu|Surging Strikes|p1a: Dondozo
|-resisted|p1a: Dondozo
|-crit|p1a: Dondozo
|-damage|p1a: Dondozo|57/100
|-resisted|p1a: Dondozo
|-crit|p1a: Dondozo
|-damage|p1a: Dondozo|51/100
|-resisted|p1a: Dondozo
|-crit|p1a: Dondozo
|-damage|p1a: Dondozo|44/100
|-hitcount|p1a: Dondozo|3
|move|p1a: Dondozo|Order Up|p2a: Roaring Moon
|-activate|p2a: Roaring Moon|move: Protect
|
|-sideend|p2: fedebre_|move: Tailwind
|upkeep
|turn|6
|inactive|Gamertag1001 has 30 seconds left.
|inactive|Gamertag1001 has 20 seconds left.
|
|t:|1750749809
|move|p2a: Roaring Moon|Acrobatics|p1a: Dondozo
|-damage|p1a: Dondozo|33/100
|move|p2b: Urshifu|Surging Strikes|p1a: Dondozo
|-resisted|p1a: Dondozo
|-crit|p1a: Dondozo
|-damage|p1a: Dondozo|26/100
|-resisted|p1a: Dondozo
|-crit|p1a: Dondozo
|-damage|p1a: Dondozo|20/100
|-resisted|p1a: Dondozo
|-crit|p1a: Dondozo
|-damage|p1a: Dondozo|14/100
|-hitcount|p1a: Dondozo|3
|move|p1a: Dondozo|Body Press|p2b: Urshifu
|-damage|p2b: Urshifu|27/100
|
|upkeep
|turn|7
|
|t:|1750749830
|move|p2a: Roaring Moon|Tailwind|p2a: Roaring Moon
|-sidestart|p2: fedebre_|move: Tailwind
|move|p2b: Urshifu|Surging Strikes|p1a: Dondozo
|-resisted|p1a: Dondozo
|-crit|p1a: Dondozo
|-damage|p1a: Dondozo|8/100
|-resisted|p1a: Dondozo
|-crit|p1a: Dondozo
|-damage|p1a: Dondozo|2/100
|-resisted|p1a: Dondozo
|-crit|p1a: Dondozo
|-damage|p1a: Dondozo|0 fnt
|faint|p1a: Dondozo
|-hitcount|p1: Dondozo|3
|
|upkeep
|
|t:|1750749850
|switch|p1a: Calyrex|Calyrex-Shadow, L50|100/100
|-ability|p1a: Calyrex|As One
|-ability|p1a: Calyrex|Unnerve
|turn|8
|
|t:|1750749857
|switch|p1b: Koraidon|Koraidon, L50|100/100
|-weather|SunnyDay|[from] ability: Orichalcum Pulse|[of] p1b: Koraidon
|-activate|p1b: Koraidon|Orichalcum Pulse|[source]
|-terastallize|p1a: Calyrex|Dark
|move|p2b: Urshifu|Aqua Jet|p1a: Calyrex
|-damage|p1a: Calyrex|88/100
|move|p2a: Roaring Moon|Knock Off|p1a: Calyrex
|-resisted|p1a: Calyrex
|-damage|p1a: Calyrex|58/100
|-enditem|p1a: Calyrex|Life Orb|[from] move: Knock Off|[of] p2a: Roaring Moon
|move|p1a: Calyrex|Astral Barrage|p2b: Urshifu|[spread] p2a,p2b
|-damage|p2a: Roaring Moon|0 fnt
|-damage|p2b: Urshifu|0 fnt
|faint|p2a: Roaring Moon
|-end|p2a: Roaring Moon|Protosynthesis|[silent]
|faint|p2b: Urshifu
|-ability|p1a: Calyrex|Grim Neigh|boost
|-boost|p1a: Calyrex|spa|2
|
|-weather|SunnyDay|[upkeep]
|upkeep
|
|t:|1750749872
|switch|p2b: Kyogre|Kyogre, L50|100/100
|-weather|RainDance|[from] ability: Drizzle|[of] p2b: Kyogre
|turn|9
|
|t:|1750749883
|switch|p1b: Tatsugiri|Tatsugiri-Droopy, L50, F|100/100
|move|p1a: Calyrex|Protect|p1a: Calyrex
|-singleturn|p1a: Calyrex|Protect
|move|p2b: Kyogre|Water Spout|p1b: Tatsugiri|[spread] p1b
|-activate|p1a: Calyrex|move: Protect
|-resisted|p1b: Tatsugiri
|-damage|p1b: Tatsugiri|66/100
|
|-weather|RainDance|[upkeep]
|upkeep
|turn|10
|
|t:|1750749898
|switch|p1b: Koraidon|Koraidon, L50|100/100
|-weather|SunnyDay|[from] ability: Orichalcum Pulse|[of] p1b: Koraidon
|-activate|p1b: Koraidon|Orichalcum Pulse|[source]
|move|p2b: Kyogre|Water Spout|p1b: Koraidon|[spread] p1a,p1b
|-resisted|p1b: Koraidon
|-damage|p1a: Calyrex|22/100
|-damage|p1b: Koraidon|83/100
|move|p1a: Calyrex|Astral Barrage|p2b: Kyogre
|-damage|p2b: Kyogre|7/100
|
|-weather|SunnyDay|[upkeep]
|-sideend|p2: fedebre_|move: Tailwind
|upkeep
|turn|11
|-message|fedebre_ forfeited.
|
|win|Gamertag1001
|raw|Gamertag1001's rating: 1390 &rarr; <strong>1416</strong><br />(+26 for winning)
|raw|fedebre_'s rating: 1495 &rarr; <strong>1469</strong><br />(-26 for losing)
|l|☆fedebre_
|player|p2|
|l|☆Gamertag1001
|player|p1|
