|j|☆bash77
|j|☆KillrFsh
|t:|1750790046
|gametype|doubles
|player|p1|bash77|blue|1244
|player|p2|KillrFsh|brycen|1175
|teamsize|p1|6
|teamsize|p2|6
|gen|9
|tier|[Gen 9] VGC 2025 Reg I
|rated|
|rule|Species Clause: Limit one of each Pokémon
|rule|Item Clause: Limit 1 of each item
|clearpoke
|poke|p1|Indeedee-F, L50, F|
|poke|p1|Calyrex-Ice, L50|
|poke|p1|Groudon, L50|
|poke|p1|Venusaur, L50, F|
|poke|p1|Flutter Mane, L50|
|poke|p1|Incineroar, L50, F|
|poke|p2|Calyrex-Ice, L50|
|poke|p2|Necrozma-Dawn-Wings, L50|
|poke|p2|Incineroar, L50, M|
|poke|p2|Indeedee-F, L50, F|
|poke|p2|Amoonguss, L50, F|
|poke|p2|Iron Hands, L50|
|teampreview|4
|inactive|Battle timer is ON: inactive players will automatically lose when time's up. (requested by KillrFsh)
|inactive|bash77 also wants the timer to be on.
bash77 rejected open team sheets.
|inactive|bash77 has 60 seconds left.
|inactive|KillrFsh has 60 seconds left.
|
|t:|1750790097
|start
|switch|p1a: Incineroar|Incineroar, L50, F|100/100
|switch|p1b: Groudon|Groudon, L50|100/100
|switch|p2a: Calyrex|Calyrex-Ice, L50|100/100
|switch|p2b: Incineroar|Incineroar, L50, M|100/100
|-ability|p2a: Calyrex|As One
|-ability|p2a: Calyrex|Unnerve
|-weather|SunnyDay|[from] ability: Drought|[of] p1b: Groudon
|-ability|p1a: Incineroar|Intimidate|boost
|-fail|p2a: Calyrex|unboost|[from] item: Clear Amulet|[of] p2a: Calyrex
|-unboost|p2b: Incineroar|atk|1
|-ability|p2b: Incineroar|Intimidate|boost
|-unboost|p1a: Incineroar|atk|1
|-unboost|p1b: Groudon|atk|1
|turn|1
|
|t:|1750790118
|switch|p2b: Amoonguss|Amoonguss, L50, F|100/100
|move|p2a: Calyrex|Protect|p2a: Calyrex
|-singleturn|p2a: Calyrex|Protect
|move|p1a: Incineroar|Fake Out|p2a: Calyrex
|-activate|p2a: Calyrex|move: Protect
|move|p1b: Groudon|Precipice Blades|p2a: Calyrex|[spread] p2b
|-activate|p2a: Calyrex|move: Protect
|-damage|p2b: Amoonguss|47/100
|
|-weather|SunnyDay|[upkeep]
|upkeep
|turn|2
|
|t:|1750790143
|-terastallize|p2a: Calyrex|Ground
|move|p2b: Amoonguss|Protect|p2b: Amoonguss
|-singleturn|p2b: Amoonguss|Protect
|move|p1b: Groudon|Precipice Blades|p2a: Calyrex|[spread] p2a
|-activate|p2b: Amoonguss|move: Protect
|-damage|p2a: Calyrex|67/100
|move|p1a: Incineroar|Flare Blitz|p2a: Calyrex
|-damage|p2a: Calyrex|38/100
|-damage|p1a: Incineroar|90/100|[from] Recoil
|move|p2a: Calyrex|Trick Room|p2a: Calyrex
|-fieldstart|move: Trick Room|[of] p2a: Calyrex
|
|-weather|SunnyDay|[upkeep]
|upkeep
|turn|3
|inactive|bash77 has 30 seconds left.
|
|t:|1750790170
|move|p2b: Amoonguss|Pollen Puff|p2a: Calyrex
|-heal|p2a: Calyrex|87/100
|move|p2a: Calyrex|Glacial Lance|p1a: Incineroar|[spread] p1a,p1b
|-resisted|p1a: Incineroar
|-supereffective|p1b: Groudon
|-damage|p1a: Incineroar|64/100
|-damage|p1b: Groudon|24/100
|move|p1a: Incineroar|Flare Blitz|p2b: Amoonguss
|-supereffective|p2b: Amoonguss
|-damage|p2b: Amoonguss|0 fnt
|-damage|p1a: Incineroar|47/100|[from] item: Rocky Helmet|[of] p2b: Amoonguss
|faint|p2b: Amoonguss
|-damage|p1a: Incineroar|30/100|[from] Recoil
|move|p1b: Groudon|Precipice Blades|p2a: Calyrex
|-damage|p2a: Calyrex|43/100
|
|-weather|SunnyDay|[upkeep]
|upkeep
|
|t:|1750790181
|switch|p2b: Necrozma|Necrozma-Dawn-Wings, L50|100/100
|turn|4
|
|t:|1750790193
|move|p2a: Calyrex|Glacial Lance|p1a: Incineroar|[spread] p1a,p1b
|-resisted|p1a: Incineroar
|-crit|p1a: Incineroar
|-supereffective|p1b: Groudon
|-damage|p1a: Incineroar|0 fnt
|-damage|p1b: Groudon|0 fnt
|faint|p1a: Incineroar
|faint|p1b: Groudon
|-ability|p2a: Calyrex|Chilling Neigh|boost
|-boost|p2a: Calyrex|atk|2
|move|p2b: Necrozma|Moongeist Beam|p1: Incineroar|[notarget]
|-fail|p2b: Necrozma
|
|-weather|SunnyDay|[upkeep]
|upkeep
|
|t:|1750790203
|switch|p1a: Calyrex|Calyrex-Ice, L50|100/100
|switch|p1b: Venusaur|Venusaur, L50, F|100/100
|-ability|p1a: Calyrex|As One
|-ability|p1a: Calyrex|Unnerve
|turn|5
|
|t:|1750790220
|move|p2a: Calyrex|Protect|p2a: Calyrex
|-singleturn|p2a: Calyrex|Protect
|move|p1b: Venusaur|Protect|p1b: Venusaur
|-singleturn|p1b: Venusaur|Protect
|move|p1a: Calyrex|Glacial Lance|p2b: Necrozma|[spread] p2b
|-activate|p2a: Calyrex|move: Protect
|-damage|p2b: Necrozma|54/100
|move|p2b: Necrozma|Meteor Beam||[still]
|-prepare|p2b: Necrozma|Meteor Beam
|-boost|p2b: Necrozma|spa|1
|-enditem|p2b: Necrozma|Power Herb
|-anim|p2b: Necrozma|Meteor Beam|p1a: Calyrex
|-supereffective|p1a: Calyrex
|-damage|p1a: Calyrex|0 fnt
|faint|p1a: Calyrex
|
|-weather|none
|upkeep
|turn|6
|c|☆KillrFsh|gg
|
|t:|1750790237
|move|p1b: Venusaur|Protect|p1b: Venusaur
|-singleturn|p1b: Venusaur|Protect
|move|p2a: Calyrex|Glacial Lance|p1b: Venusaur
|-activate|p1b: Venusaur|move: Protect
|move|p2b: Necrozma|Moongeist Beam|p1b: Venusaur
|-activate|p1b: Venusaur|move: Protect
|
|-fieldend|move: Trick Room
|upkeep
|turn|7
|
|t:|1750790250
|-terastallize|p1b: Venusaur|Poison
|move|p2a: Calyrex|Protect|p2a: Calyrex
|-singleturn|p2a: Calyrex|Protect
|move|p1b: Venusaur|Sludge Bomb|p2a: Calyrex
|-activate|p2a: Calyrex|move: Protect
|move|p2b: Necrozma|Trick Room|p2b: Necrozma
|-fieldstart|move: Trick Room|[of] p2b: Necrozma
|
|upkeep
|turn|8
|
|t:|1750790257
|move|p2a: Calyrex|Glacial Lance|p1b: Venusaur
|-damage|p1b: Venusaur|0 fnt
|faint|p1b: Venusaur
|
|win|KillrFsh
|raw|bash77's rating: 1244 &rarr; <strong>1214</strong><br />(-30 for losing)
|raw|KillrFsh's rating: 1175 &rarr; <strong>1205</strong><br />(+30 for winning)
|l|☆bash77
|player|p1|
