|j|☆er1cf0rman
|j|☆agustyva
|t:|1750830808
|gametype|doubles
|player|p1|er1cf0rman|265|1226
|player|p2|agustyva|2|1200
|teamsize|p1|6
|teamsize|p2|6
|gen|9
|tier|[Gen 9] VGC 2025 Reg I
|rated|
|rule|Species Clause: Limit one of each Pokémon
|rule|Item Clause: Limit 1 of each item
|clearpoke
|poke|p1|Koraidon, L50|
|poke|p1|Scovillain, L50, M|
|poke|p1|Indeedee-F, L50, F|
|poke|p1|Walking Wake, L50|
|poke|p1|Solgaleo, L50|
|poke|p1|Garganacl, L50, F|
|poke|p2|Calyrex-Shadow, L50|
|poke|p2|Kyogre, L50|
|poke|p2|Archaludon, L50, M|
|poke|p2|Indeedee-F, L50, F|
|poke|p2|Talonflame, L50, M|
|poke|p2|Rillaboom, L50, M|
|teampreview|4
|inactive|Battle timer is ON: inactive players will automatically lose when time's up. (requested by er1cf0rman)
|inactive|er1cf0rman has 60 seconds left.
|inactive|agustyva has 60 seconds left.
|
|t:|1750830859
|start
|switch|p1a: Indeedee|Indeedee-F, L50, F, shiny|100/100
|switch|p1b: Walking Wake|Walking Wake, L50|100/100
|switch|p2a: Jotchitos|Talonflame, L50, M|100/100
|switch|p2b: Llena cubetas|Kyogre, L50|100/100
|-weather|RainDance|[from] ability: Drizzle|[of] p2b: Llena cubetas
|-fieldstart|move: Psychic Terrain|[from] ability: Psychic Surge|[of] p1a: Indeedee
|-enditem|p1a: Indeedee|Psychic Seed
|-boost|p1a: Indeedee|spd|1|[from] item: Psychic Seed
|turn|1
|inactive|agustyva has 30 seconds left.
|
|t:|1750830886
|switch|p2b: Macaco|Rillaboom, L50, M|100/100
|-fieldstart|move: Grassy Terrain|[from] ability: Grassy Surge|[of] p2b: Macaco
|-enditem|p2b: Macaco|Grassy Seed
|-boost|p2b: Macaco|def|1|[from] item: Grassy Seed
|move|p2a: Jotchitos|Protect|p2a: Jotchitos
|-singleturn|p2a: Jotchitos|Protect
|move|p1b: Walking Wake|Snarl|p2b: Macaco|[spread] p2b
|-activate|p2a: Jotchitos|move: Protect
|-damage|p2b: Macaco|81/100
|-unboost|p2b: Macaco|spa|1
|move|p1a: Indeedee|Trick Room|p1a: Indeedee
|-fieldstart|move: Trick Room|[of] p1a: Indeedee
|
|-weather|RainDance|[upkeep]
|-heal|p2b: Macaco|87/100|[from] Grassy Terrain
|upkeep
|turn|2
|inactive|er1cf0rman has 30 seconds left.
|inactive|agustyva has 30 seconds left.
|inactive|er1cf0rman has 20 seconds left.
|inactive|agustyva has 20 seconds left.
|inactive|er1cf0rman has 15 seconds left.
|inactive|agustyva has 15 seconds left.
|
|t:|1750830929
|switch|p2a: Llena cubetas|Kyogre, L50|100/100
|move|p2b: Macaco|Fake Out|p1b: Walking Wake
|-damage|p1b: Walking Wake|86/100
|move|p1a: Indeedee|Follow Me|p1a: Indeedee
|-singleturn|p1a: Indeedee|move: Follow Me
|cant|p1b: Walking Wake|flinch
|
|-weather|RainDance|[upkeep]
|-heal|p2b: Macaco|93/100|[from] Grassy Terrain
|-heal|p1b: Walking Wake|92/100|[from] Grassy Terrain
|upkeep
|turn|3
|inactive|agustyva has 30 seconds left.
|
|t:|1750830956
|move|p2a: Llena cubetas|Protect|p2a: Llena cubetas
|-singleturn|p2a: Llena cubetas|Protect
|move|p2b: Macaco|Protect|p2b: Macaco
|-singleturn|p2b: Macaco|Protect
|move|p1a: Indeedee|Psychic|p2a: Llena cubetas
|-activate|p2a: Llena cubetas|move: Protect
|move|p1b: Walking Wake|Snarl|p2a: Llena cubetas|[spread] 
|-activate|p2a: Llena cubetas|move: Protect
|-activate|p2b: Macaco|move: Protect
|
|-weather|RainDance|[upkeep]
|-heal|p2b: Macaco|99/100|[from] Grassy Terrain
|-heal|p1b: Walking Wake|98/100|[from] Grassy Terrain
|upkeep
|turn|4
|
|t:|1750830981
|move|p2b: Macaco|Grassy Glide|p1b: Walking Wake
|-damage|p1b: Walking Wake|57/100
|move|p1a: Indeedee|Psychic|p2a: Llena cubetas
|-damage|p2a: Llena cubetas|79/100
|move|p2a: Llena cubetas|Ice Beam|p1b: Walking Wake
|-damage|p1b: Walking Wake|10/100
|move|p1b: Walking Wake|Snarl|p2b: Macaco|[spread] p2a,p2b
|-damage|p2a: Llena cubetas|64/100
|-damage|p2b: Macaco|77/100
|-unboost|p2a: Llena cubetas|spa|1
|-unboost|p2b: Macaco|spa|1
|
|-weather|RainDance|[upkeep]
|-heal|p2a: Llena cubetas|70/100|[from] Grassy Terrain
|-heal|p2a: Llena cubetas|76/100|[from] item: Leftovers
|-heal|p2b: Macaco|83/100|[from] Grassy Terrain
|-heal|p1b: Walking Wake|16/100|[from] Grassy Terrain
|upkeep
|turn|5
|inactive|er1cf0rman has 30 seconds left.
|inactive|agustyva has 30 seconds left.
|
|t:|1750831010
|switch|p1a: Koraidon|Koraidon, L50|100/100
|-weather|SunnyDay|[from] ability: Orichalcum Pulse|[of] p1a: Koraidon
|-activate|p1b: Walking Wake|ability: Protosynthesis
|-start|p1b: Walking Wake|protosynthesisspe
|-activate|p1a: Koraidon|Orichalcum Pulse|[source]
|-end|p1b: Walking Wake|Protosynthesis|[silent]
|switch|p1b: Scovillain|Scovillain, L50, M, shiny|100/100
|move|p2b: Macaco|Grassy Glide|p1b: Scovillain
|-resisted|p1b: Scovillain
|-crit|p1b: Scovillain
|-damage|p1b: Scovillain|79/100
|move|p2a: Llena cubetas|Chilling Water|p1a: Koraidon
|-resisted|p1a: Koraidon
|-damage|p1a: Koraidon|96/100
|
|-weather|SunnyDay|[upkeep]
|-heal|p2a: Llena cubetas|82/100|[from] Grassy Terrain
|-heal|p2a: Llena cubetas|87/100|[from] item: Leftovers
|-heal|p2b: Macaco|89/100|[from] Grassy Terrain
|-heal|p1a: Koraidon|100/100|[from] Grassy Terrain
|-heal|p1b: Scovillain|85/100|[from] Grassy Terrain
|-fieldend|move: Trick Room
|-fieldend|move: Grassy Terrain
|upkeep
|turn|6
|
|t:|1750831033
|-terastallize|p1a: Koraidon|Fire
|move|p2b: Macaco|Protect|p2b: Macaco
|-singleturn|p2b: Macaco|Protect
|move|p2a: Llena cubetas|Protect|p2a: Llena cubetas
|-singleturn|p2a: Llena cubetas|Protect
|move|p1b: Scovillain|Spicy Extract|p1a: Koraidon
|-fail|p1a: Koraidon|unboost|[from] item: Clear Amulet|[of] p1a: Koraidon
|-boost|p1a: Koraidon|atk|2
|move|p1a: Koraidon|Breaking Swipe|p2b: Macaco|[spread] 
|-activate|p2a: Llena cubetas|move: Protect
|-activate|p2b: Macaco|move: Protect
|
|-weather|SunnyDay|[upkeep]
|-heal|p2a: Llena cubetas|93/100|[from] item: Leftovers
|upkeep
|turn|7
|c|☆er1cf0rman|gg
|inactive|agustyva has 30 seconds left.
|inactive|agustyva has 20 seconds left.
|inactive|agustyva has 15 seconds left.
|inactive|agustyva has 10 seconds left.
|
|t:|1750831083
|switch|p2b: Cristalñón|Calyrex-Shadow, L50|100/100
|-ability|p2b: Cristalñón|As One
|-ability|p2b: Cristalñón|Unnerve
|switch|p2a: Jotchitos|Talonflame, L50, M|100/100
|move|p1b: Scovillain|Spicy Extract|p1a: Koraidon
|-fail|p1a: Koraidon|unboost|[from] item: Clear Amulet|[of] p1a: Koraidon
|-boost|p1a: Koraidon|atk|2
|move|p1a: Koraidon|Breaking Swipe|p2b: Cristalñón|[spread] p2a,p2b
|-damage|p2a: Jotchitos|0 fnt
|-enditem|p2b: Cristalñón|Focus Sash
|-damage|p2b: Cristalñón|1/100
|-unboost|p2b: Cristalñón|atk|1
|faint|p2a: Jotchitos
|
|-weather|SunnyDay|[upkeep]
|upkeep
|c|☆er1cf0rman|nice job protecting al game
|c|☆er1cf0rman|stay scared
|
|t:|1750831104
|switch|p2a: Llena cubetas|Kyogre, L50|93/100
|-weather|RainDance|[from] ability: Drizzle|[of] p2a: Llena cubetas
|turn|8
|
|t:|1750831128
|move|p1b: Scovillain|Rage Powder|p1b: Scovillain
|-singleturn|p1b: Scovillain|move: Rage Powder
|move|p2b: Cristalñón|Astral Barrage|p1a: Koraidon|[spread] p1a,p1b
|-damage|p1a: Koraidon|40/100
|-damage|p1b: Scovillain|8/100
|move|p1a: Koraidon|Breaking Swipe|p2a: Llena cubetas|[spread] p2a,p2b
|-damage|p2a: Llena cubetas|25/100
|-damage|p2b: Cristalñón|0 fnt
|-unboost|p2a: Llena cubetas|atk|1
|faint|p2b: Cristalñón
|move|p2a: Llena cubetas|Chilling Water|p1b: Scovillain
|-damage|p1b: Scovillain|0 fnt
|faint|p1b: Scovillain
|
|-weather|RainDance|[upkeep]
|-heal|p2a: Llena cubetas|30/100|[from] item: Leftovers
|upkeep
|
|t:|1750831149
|switch|p2b: Macaco|Rillaboom, L50, M|89/100
|switch|p1b: Walking Wake|Walking Wake, L50|16/100
|-fieldstart|move: Grassy Terrain|[from] ability: Grassy Surge|[of] p2b: Macaco
|turn|9
|
|t:|1750831166
|-end|p1b: Walking Wake|Protosynthesis|[silent]
|switch|p1b: Indeedee|Indeedee-F, L50, F, shiny|100/100
|-fieldstart|move: Psychic Terrain|[from] ability: Psychic Surge|[of] p1b: Indeedee
|move|p2b: Macaco|Fake Out|p1a: Koraidon
|-activate|p1a: Koraidon|move: Psychic Terrain
|move|p1a: Koraidon|Breaking Swipe|p2b: Macaco|[spread] p2a,p2b
|-damage|p2a: Llena cubetas|0 fnt
|-damage|p2b: Macaco|18/100
|-unboost|p2b: Macaco|atk|1
|faint|p2a: Llena cubetas
|
|-weather|RainDance|[upkeep]
|upkeep
|turn|10
|c|☆er1cf0rman|protect protect protect
|-message|agustyva forfeited.
|
|win|er1cf0rman
|raw|er1cf0rman's rating: 1226 &rarr; <strong>1249</strong><br />(+23 for winning)
|raw|agustyva's rating: 1200 &rarr; <strong>1177</strong><br />(-23 for losing)
|c|☆er1cf0rman|nice
|l|☆agustyva
|player|p2|
|l|☆er1cf0rman
|player|p1|
