|j|☆bonobobohemio
|j|☆93w
|t:|1750747178
|gametype|doubles
|player|p1|bonobobohemio|drayden|1501
|player|p2|93w|lacey|1496
|teamsize|p1|6
|teamsize|p2|6
|gen|9
|tier|[Gen 9] VGC 2025 Reg I
|rated|
|rule|Species Clause: Limit one of each Pokémon
|rule|Item Clause: Limit 1 of each item
|clearpoke
|poke|p1|Reshiram, L50|
|poke|p1|Koraidon, L50|
|poke|p1|Murkrow, L50, M|
|poke|p1|Indeedee-F, L50, F|
|poke|p1|Ogerpon-Wellspring, L50, F|
|poke|p1|Raging Bolt, L50|
|poke|p2|Miraidon, L50|
|poke|p2|Calyrex-Ice, L50|
|poke|p2|Farigiraf, L50, F|
|poke|p2|Volcarona, L50, F|
|poke|p2|Urshifu-*, L50, F|
|poke|p2|Landorus, L50, M|
|teampreview|4
|inactive|Battle timer is ON: inactive players will automatically lose when time's up. (requested by bonobobohemio)
|
|t:|1750747200
|start
|switch|p1a: Indeedee|Indeedee-F, L50, F|100/100
|switch|p1b: Koraidon|Koraidon, L50|100/100
|switch|p2a: Calyrex|Calyrex-Ice, L50|100/100
|switch|p2b: Miraidon|Miraidon, L50|100/100
|-ability|p2a: Calyrex|As One
|-ability|p2a: Calyrex|Unnerve
|-weather|SunnyDay|[from] ability: Orichalcum Pulse|[of] p1b: Koraidon
|-activate|p1b: Koraidon|Orichalcum Pulse|[source]
|-fieldstart|move: Electric Terrain|[from] ability: Hadron Engine|[of] p2b: Miraidon
|-fieldstart|move: Psychic Terrain|[from] ability: Psychic Surge|[of] p1a: Indeedee
|turn|1
|
|t:|1750747214
|-terastallize|p1b: Koraidon|Fire
|-terastallize|p2a: Calyrex|Water
|move|p1a: Indeedee|Helping Hand|p1b: Koraidon
|-singleturn|p1b: Koraidon|Helping Hand|[of] p1a: Indeedee
|move|p1b: Koraidon|Close Combat|p2a: Calyrex
|-crit|p2a: Calyrex
|-damage|p2a: Calyrex|0 fnt
|-unboost|p1b: Koraidon|def|1
|-unboost|p1b: Koraidon|spd|1
|faint|p2a: Calyrex
|-damage|p1b: Koraidon|91/100|[from] item: Life Orb
|move|p2b: Miraidon|Volt Switch|p1b: Koraidon
|-damage|p1b: Koraidon|5/100
|
|t:|1750747236
|switch|p2b: Volcarona|Volcarona, L50, F|100/100|[from] Volt Switch
|
|-weather|SunnyDay|[upkeep]
|upkeep
|
|t:|1750747239
|switch|p2a: Miraidon|Miraidon, L50|100/100
|-fieldstart|move: Electric Terrain|[from] ability: Hadron Engine|[of] p2a: Miraidon
|turn|2
|
|t:|1750747249
|switch|p1a: Ogerpon|Ogerpon-Wellspring, L50, F|100/100
|move|p1b: Koraidon|Protect|p1b: Koraidon
|-singleturn|p1b: Koraidon|Protect
|move|p2b: Volcarona|Rage Powder|p2b: Volcarona
|-singleturn|p2b: Volcarona|move: Rage Powder
|move|p2a: Miraidon|Electro Drift|p1a: Ogerpon
|-damage|p1a: Ogerpon|0 fnt
|faint|p1a: Ogerpon
|
|-weather|SunnyDay|[upkeep]
|upkeep
|
|t:|1750747251
|switch|p1a: Indeedee|Indeedee-F, L50, F|100/100
|-fieldstart|move: Psychic Terrain|[from] ability: Psychic Surge|[of] p1a: Indeedee
|turn|3
|
|t:|1750747265
|move|p2b: Volcarona|Rage Powder|p2b: Volcarona
|-singleturn|p2b: Volcarona|move: Rage Powder
|move|p1a: Indeedee|Follow Me|p1a: Indeedee
|-singleturn|p1a: Indeedee|move: Follow Me
|move|p1b: Koraidon|Flare Blitz|p2b: Volcarona
|-damage|p2b: Volcarona|0 fnt
|-damage|p1b: Koraidon|0 fnt|[from] item: Rocky Helmet|[of] p2b: Volcarona
|faint|p2b: Volcarona
|faint|p1b: Koraidon
|move|p2a: Miraidon|Electro Drift|p1a: Indeedee
|-damage|p1a: Indeedee|33/100
|
|-weather|SunnyDay|[upkeep]
|upkeep
|
|t:|1750747277
|switch|p1b: Reshiram|Reshiram, L50, shiny|100/100
|switch|p2b: Landorus|Landorus, L50, M|100/100
|-ability|p1b: Reshiram|Turboblaze
|turn|4
|
|t:|1750747283
|move|p1a: Indeedee|Follow Me|p1a: Indeedee
|-singleturn|p1a: Indeedee|move: Follow Me
|move|p2a: Miraidon|Electro Drift|p1a: Indeedee
|-damage|p1a: Indeedee|0 fnt
|faint|p1a: Indeedee
|move|p1b: Reshiram|Blue Flare|p2b: Landorus
|-damage|p2b: Landorus|0 fnt
|faint|p2b: Landorus
|
|-weather|SunnyDay|[upkeep]
|upkeep
|turn|5
|
|t:|1750747294
|move|p2a: Miraidon|Electro Drift|p1b: Reshiram
|-resisted|p1b: Reshiram
|-damage|p1b: Reshiram|80/100
|move|p1b: Reshiram|Draco Meteor|p2a: Miraidon
|-supereffective|p2a: Miraidon
|-damage|p2a: Miraidon|0 fnt
|-unboost|p1b: Reshiram|spa|2
|faint|p2a: Miraidon
|
|win|bonobobohemio
|raw|bonobobohemio's rating: 1501 &rarr; <strong>1521</strong><br />(+20 for winning)
|raw|93w's rating: 1496 &rarr; <strong>1476</strong><br />(-20 for losing)
|l|☆93w
|player|p2|
|l|☆bonobobohemio
|player|p1|
