|j|☆dogggybears
|j|☆hyper143
|t:|1750862619
|gametype|doubles
|player|p1|dogggybears|2|1401
|player|p2|hyper143|benga|1399
|teamsize|p1|6
|teamsize|p2|6
|gen|9
|tier|[Gen 9] VGC 2025 Reg I
|rated|
|rule|Species Clause: Limit one of each Pokémon
|rule|Item Clause: Limit 1 of each item
|clearpoke
|poke|p1|Calyrex-Ice, L50|
|poke|p1|Kyogre, L50|
|poke|p1|Smeargle, L50, F|
|poke|p1|Farigiraf, L50, M|
|poke|p1|Maushold, L50|
|poke|p1|Volcarona, L50, F|
|poke|p2|Zacian-*, L50|
|poke|p2|Perrserker, L50, M|
|poke|p2|Heatran, L50, F|
|poke|p2|Kingambit, L50, F|
|poke|p2|Gholdengo, L50|
|poke|p2|Zamazenta-*, L50|
|teampreview|4
|inactive|Battle timer is ON: inactive players will automatically lose when time's up. (requested by dogggybears)
|
|t:|1750862707
|start
|switch|p1a: Kyogre|Kyogre, L50|100/100
|switch|p1b: Volcarona|Volcarona, L50, F|100/100
|switch|p2a: Gholdengo|Gholdengo, L50|100/100
|switch|p2b: Perrserker|Perrserker, L50, M|100/100
|-weather|RainDance|[from] ability: Drizzle|[of] p1a: Kyogre
|turn|1
|inactive|dogggybears has 30 seconds left.
|
|t:|1750862732
|move|p2b: Perrserker|Fake Out|p1a: Kyogre
|-damage|p1a: Kyogre|87/100
|cant|p1a: Kyogre|flinch
|move|p2a: Gholdengo|Power Gem|p1b: Volcarona
|-supereffective|p1b: Volcarona
|-damage|p1b: Volcarona|5/100
|move|p1b: Volcarona|Flamethrower|p2a: Gholdengo
|-supereffective|p2a: Gholdengo
|-damage|p2a: Gholdengo|55/100
|
|-weather|RainDance|[upkeep]
|upkeep
|turn|2
|inactive|hyper143 has 30 seconds left.
|inactive|hyper143 has 20 seconds left.
|inactive|hyper143 has 15 seconds left.
|
|t:|1750862773
|-terastallize|p1a: Kyogre|Water
|move|p2b: Perrserker|Protect|p2b: Perrserker
|-singleturn|p2b: Perrserker|Protect
|move|p1a: Kyogre|Water Spout|p2b: Perrserker|[spread] p2a
|-activate|p2b: Perrserker|move: Protect
|-damage|p2a: Gholdengo|0 fnt
|faint|p2a: Gholdengo
|move|p1b: Volcarona|Flamethrower|p2b: Perrserker
|-activate|p2b: Perrserker|move: Protect
|
|-weather|RainDance|[upkeep]
|upkeep
|
|t:|1750862782
|switch|p2a: Zamazenta|Zamazenta-Crowned, L50|100/100
|-ability|p2a: Zamazenta|Dauntless Shield|boost
|-boost|p2a: Zamazenta|def|1
|turn|3
|
|t:|1750862792
|switch|p1a: Calyrex|Calyrex-Ice, L50|100/100
|-ability|p1a: Calyrex|As One
|-ability|p1a: Calyrex|Unnerve
|-terastallize|p2a: Zamazenta|Dragon
|move|p1b: Volcarona|Protect|p1b: Volcarona
|-singleturn|p1b: Volcarona|Protect
|move|p2a: Zamazenta|Wide Guard|p2a: Zamazenta
|-singleturn|p2a: Zamazenta|Wide Guard
|move|p2b: Perrserker|Iron Head|p1b: Volcarona
|-activate|p1b: Volcarona|move: Protect
|
|-weather|RainDance|[upkeep]
|upkeep
|turn|4
|inactive|dogggybears has 30 seconds left.
|
|t:|1750862817
|move|p2a: Zamazenta|Wide Guard|p2a: Zamazenta
|-singleturn|p2a: Zamazenta|Wide Guard
|move|p1b: Volcarona|Rage Powder|p1b: Volcarona
|-singleturn|p1b: Volcarona|move: Rage Powder
|move|p2b: Perrserker|Iron Head|p1b: Volcarona
|-resisted|p1b: Volcarona
|-damage|p1b: Volcarona|0 fnt
|-damage|p2b: Perrserker|84/100|[from] item: Rocky Helmet|[of] p1b: Volcarona
|faint|p1b: Volcarona
|move|p1a: Calyrex|High Horsepower|p2b: Perrserker
|-supereffective|p2b: Perrserker
|-damage|p2b: Perrserker|0 fnt
|faint|p2b: Perrserker
|-ability|p1a: Calyrex|Chilling Neigh|boost
|-boost|p1a: Calyrex|atk|1
|
|-weather|RainDance|[upkeep]
|upkeep
|
|t:|1750862827
|switch|p1b: Smeargle|Smeargle, L50, F|100/100
|switch|p2b: Zacian|Zacian-Crowned, L50|100/100
|-ability|p2b: Zacian|Intrepid Sword|boost
|-boost|p2b: Zacian|atk|1
|turn|5
|
|t:|1750862849
|move|p2b: Zacian|Protect|p2b: Zacian
|-singleturn|p2b: Zacian|Protect
|move|p1b: Smeargle|Fake Out|p2b: Zacian
|-activate|p2b: Zacian|move: Protect
|move|p2a: Zamazenta|Body Press|p1b: Smeargle
|-supereffective|p1b: Smeargle
|-enditem|p1b: Smeargle|Focus Sash
|-damage|p1b: Smeargle|1/100
|move|p1a: Calyrex|Glacial Lance|p2b: Zacian|[spread] p2a
|-activate|p2b: Zacian|move: Protect
|-supereffective|p2a: Zamazenta
|-damage|p2a: Zamazenta|29/100
|
|-weather|none
|-ability|p1b: Smeargle|Moody|boost
|-boost|p1b: Smeargle|spa|2
|-unboost|p1b: Smeargle|spd|1
|upkeep
|turn|6
|inactive|hyper143 has 30 seconds left.
|
|t:|1750862883
|move|p2b: Zacian|Protect|p2b: Zacian
|-singleturn|p2b: Zacian|Protect
|move|p1b: Smeargle|Follow Me|p1b: Smeargle
|-singleturn|p1b: Smeargle|move: Follow Me
|move|p2a: Zamazenta|Body Press|p1b: Smeargle
|-supereffective|p1b: Smeargle
|-damage|p1b: Smeargle|0 fnt
|faint|p1b: Smeargle
|move|p1a: Calyrex|High Horsepower|p2b: Zacian
|-activate|p2b: Zacian|move: Protect
|
|upkeep
|
|t:|1750862888
|switch|p1b: Kyogre|Kyogre, L50, tera:Water|87/100
|-weather|RainDance|[from] ability: Drizzle|[of] p1b: Kyogre
|turn|7
|
|t:|1750862912
|move|p2a: Zamazenta|Wide Guard|p2a: Zamazenta
|-singleturn|p2a: Zamazenta|Wide Guard
|move|p1b: Kyogre|Hydro Pump|p2b: Zacian|[miss]
|-miss|p1b: Kyogre|p2b: Zacian
|move|p2b: Zacian|Play Rough|p1b: Kyogre
|-damage|p1b: Kyogre|0 fnt
|faint|p1b: Kyogre
|move|p1a: Calyrex|High Horsepower|p2b: Zacian
|-supereffective|p2b: Zacian
|-damage|p2b: Zacian|0 fnt
|faint|p2b: Zacian
|-ability|p1a: Calyrex|Chilling Neigh|boost
|-boost|p1a: Calyrex|atk|1
|
|-weather|RainDance|[upkeep]
|upkeep
|turn|8
|
|t:|1750862933
|move|p2a: Zamazenta|Body Press|p1a: Calyrex
|-damage|p1a: Calyrex|56/100
|move|p1a: Calyrex|Crunch|p2a: Zamazenta
|-damage|p2a: Zamazenta|2/100
|
|-weather|RainDance|[upkeep]
|upkeep
|turn|9
|
|t:|1750862948
|move|p2a: Zamazenta|Body Press|p1a: Calyrex
|-damage|p1a: Calyrex|17/100
|move|p1a: Calyrex|Crunch|p2a: Zamazenta
|-damage|p2a: Zamazenta|0 fnt
|faint|p2a: Zamazenta
|
|win|dogggybears
|raw|dogggybears's rating: 1401 &rarr; <strong>1421</strong><br />(+20 for winning)
|raw|hyper143's rating: 1399 &rarr; <strong>1379</strong><br />(-20 for losing)
|l|☆hyper143
|player|p2|
|l|☆dogggybears
|player|p1|
