|j|☆mighty soup 022
|j|☆Raymario Pokenic
|t:|1750773511
|gametype|doubles
|player|p1|mighty soup 022|266|1147
|player|p2|Raymario Pokenic|265|1093
|teamsize|p1|4
|teamsize|p2|6
|gen|9
|tier|[Gen 9] VGC 2025 Reg I
|rated|
|rule|Species Clause: Limit one of each Pokémon
|rule|Item Clause: Limit 1 of each item
|clearpoke
|poke|p1|Miraidon, L50|
|poke|p1|Pawmot, L50, F|
|poke|p1|Iron Bundle, L50|
|poke|p1|Iron Hands, L50|
|poke|p2|Miraidon, L50|
|poke|p2|Zacian-*, L50|
|poke|p2|Mandibuzz, L50, F|
|poke|p2|Scrafty, L50, F|
|poke|p2|Farigiraf, L50, M|
|poke|p2|Sylveon, L50, F|
|teampreview|4
|inactive|Battle timer is ON: inactive players will automatically lose when time's up. (requested by mighty soup 022)
|
|t:|1750773544
|start
|switch|p1a: Miraidon|Miraidon, L50|100/100
|switch|p1b: Pawmot|Pawmot, L50, F|100/100
|switch|p2a: Mandibuzz|Mandibuzz, L50, F, shiny|100/100
|switch|p2b: Sylveon|Sylveon, L50, F, shiny|100/100
|-fieldstart|move: Electric Terrain|[from] ability: Hadron Engine|[of] p1a: Miraidon
|turn|1
|
|t:|1750773572
|-terastallize|p1a: Miraidon|Fairy
|-terastallize|p2a: Mandibuzz|Ground
|move|p2b: Sylveon|Detect|p2b: Sylveon
|-singleturn|p2b: Sylveon|Protect
|move|p1b: Pawmot|Mach Punch|p2a: Mandibuzz
|-damage|p2a: Mandibuzz|86/100
|-damage|p1b: Pawmot|91/100|[from] item: Life Orb
|move|p1a: Miraidon|Parabolic Charge|p2b: Sylveon|[spread] 
|-activate|p2b: Sylveon|move: Protect
|-heal|p1b: Pawmot|100/100|[from] ability: Volt Absorb|[of] p1a: Miraidon
|-immune|p2a: Mandibuzz
|move|p2a: Mandibuzz|Tailwind|p2a: Mandibuzz
|-sidestart|p2: Raymario Pokenic|move: Tailwind
|
|-heal|p2a: Mandibuzz|92/100|[from] item: Leftovers
|upkeep
|turn|2
|inactive|Raymario Pokenic has 30 seconds left.
|
|t:|1750773598
|move|p2b: Sylveon|Hyper Voice|p1b: Pawmot|[spread] p1a,p1b
|-supereffective|p1b: Pawmot
|-damage|p1a: Miraidon|64/100
|-damage|p1b: Pawmot|0 fnt
|faint|p1b: Pawmot
|-enditem|p2b: Sylveon|Throat Spray
|-boost|p2b: Sylveon|spa|1|[from] item: Throat Spray
|move|p1a: Miraidon|Parabolic Charge|p2a: Mandibuzz|[spread] p2b
|-immune|p2a: Mandibuzz
|-damage|p2b: Sylveon|41/100
|-heal|p1a: Miraidon|94/100|[from] drain|[of] p2b: Sylveon
|move|p2a: Mandibuzz|Brave Bird|p1a: Miraidon
|-damage|p1a: Miraidon|64/100
|-damage|p2a: Mandibuzz|84/100|[from] Recoil
|
|-heal|p2a: Mandibuzz|90/100|[from] item: Leftovers
|upkeep
|
|t:|1750773613
|switch|p1b: Iron Bundle|Iron Bundle, L50|100/100
|-activate|p1b: Iron Bundle|ability: Quark Drive
|-start|p1b: Iron Bundle|quarkdrivespa
|turn|3
|
|t:|1750773627
|move|p1b: Iron Bundle|Protect|p1b: Iron Bundle
|-singleturn|p1b: Iron Bundle|Protect
|move|p2b: Sylveon|Hyper Voice|p1a: Miraidon|[spread] p1a
|-activate|p1b: Iron Bundle|move: Protect
|-damage|p1a: Miraidon|9/100
|move|p1a: Miraidon|Parabolic Charge|p2a: Mandibuzz|[spread] p2b
|-activate|p1b: Iron Bundle|move: Protect
|-immune|p2a: Mandibuzz
|-damage|p2b: Sylveon|0 fnt
|-heal|p1a: Miraidon|29/100|[from] drain|[of] p2b: Sylveon
|faint|p2b: Sylveon
|move|p2a: Mandibuzz|Brave Bird|p1a: Miraidon
|-damage|p1a: Miraidon|0 fnt
|faint|p1a: Miraidon
|-damage|p2a: Mandibuzz|82/100|[from] Recoil
|
|-heal|p2a: Mandibuzz|88/100|[from] item: Leftovers
|upkeep
|
|t:|1750773646
|switch|p1a: Iron Hands|Iron Hands, L50|100/100
|switch|p2b: Miraidon|Miraidon, L50|100/100
|-activate|p2b: Miraidon|ability: Hadron Engine
|-activate|p1a: Iron Hands|ability: Quark Drive
|-start|p1a: Iron Hands|quarkdriveatk
|turn|4
|inactive|Raymario Pokenic has 30 seconds left.
|
|t:|1750773675
|move|p1a: Iron Hands|Fake Out|p2b: Miraidon
|-damage|p2b: Miraidon|83/100
|cant|p2b: Miraidon|flinch
|move|p2a: Mandibuzz|U-turn|p1b: Iron Bundle
|-damage|p1b: Iron Bundle|88/100
|
|t:|1750773681
|switch|p2a: Zacian|Zacian-Crowned, L50, shiny|100/100|[from] U-turn
|-ability|p2a: Zacian|Intrepid Sword|boost
|-boost|p2a: Zacian|atk|1
|move|p1b: Iron Bundle|Freeze-Dry|p2a: Zacian
|-resisted|p2a: Zacian
|-damage|p2a: Zacian|81/100
|
|-sideend|p2: Raymario Pokenic|move: Tailwind
|upkeep
|turn|5
|
|t:|1750773700
|switch|p2b: Mandibuzz|Mandibuzz, L50, F, shiny, tera:Ground|88/100
|move|p1b: Iron Bundle|Freeze-Dry|p2b: Mandibuzz
|-supereffective|p2b: Mandibuzz
|-damage|p2b: Mandibuzz|4/100
|move|p2a: Zacian|Close Combat|p1b: Iron Bundle
|-supereffective|p1b: Iron Bundle
|-damage|p1b: Iron Bundle|0 fnt
|-unboost|p2a: Zacian|def|1
|-unboost|p2a: Zacian|spd|1
|faint|p1b: Iron Bundle
|-end|p1b: Iron Bundle|Quark Drive|[silent]
|move|p1a: Iron Hands|Drain Punch|p2a: Zacian
|-damage|p2a: Zacian|4/100
|
|-heal|p2b: Mandibuzz|10/100|[from] item: Leftovers
|-fieldend|move: Electric Terrain
|-end|p1a: Iron Hands|Quark Drive
|upkeep
|turn|6
|
|t:|1750773722
|move|p2a: Zacian|Play Rough|p1a: Iron Hands
|-supereffective|p1a: Iron Hands
|-damage|p1a: Iron Hands|0 fnt
|faint|p1a: Iron Hands
|-end|p1a: Iron Hands|Quark Drive|[silent]
|
|win|Raymario Pokenic
|raw|mighty soup 022's rating: 1147 &rarr; <strong>1118</strong><br />(-29 for losing)
|raw|Raymario Pokenic's rating: 1093 &rarr; <strong>1123</strong><br />(+30 for winning)
|l|☆mighty soup 022
|player|p1|
|l|☆Raymario Pokenic
|player|p2|
