|j|☆anubisjr
|j|☆Jdv1
|t:|1750845811
|gametype|doubles
|player|p1|anubisjr|1|1551
|player|p2|Jdv1|firebreather|1514
|teamsize|p1|6
|teamsize|p2|6
|gen|9
|tier|[Gen 9] VGC 2025 Reg I
|rated|
|rule|Species Clause: Limit one of each Pokémon
|rule|Item Clause: Limit 1 of each item
|clearpoke
|poke|p1|Calyrex-Shadow, L50|
|poke|p1|Miraidon, L50|
|poke|p1|Whimsicott, L50, M|
|poke|p1|Iron Treads, L50|
|poke|p1|Urshifu-*, L50, F|
|poke|p1|Iron Hands, L50|
|poke|p2|Miraidon, L50|
|poke|p2|Lunala, L50|
|poke|p2|Iron Crown, L50|
|poke|p2|Tornadus, L50, M|
|poke|p2|Urshifu-*, L50, F|
|poke|p2|Iron Hands, L50|
|teampreview|4
|inactive|Battle timer is ON: inactive players will automatically lose when time's up. (requested by Jdv1)
|
|t:|1750845839
|start
|switch|p1a: Miraidon|Miraidon, L50|100/100
|switch|p1b: Whimsicott|Whimsicott, L50, M|100/100
|switch|p2a: Lunala|Lunala, L50|100/100
|switch|p2b: Miraidon|Miraidon, L50|100/100
|-fieldstart|move: Electric Terrain|[from] ability: Hadron Engine|[of] p1a: Miraidon
|-enditem|p2a: Lunala|Electric Seed
|-boost|p2a: Lunala|def|1|[from] item: Electric Seed
|-activate|p2b: Miraidon|ability: Hadron Engine
|turn|1
|inactive|anubisjr has 30 seconds left.
|
|t:|1750845869
|-terastallize|p2b: Miraidon|Fairy
|move|p1b: Whimsicott|Taunt|p2a: Lunala
|-start|p2a: Lunala|move: Taunt
|move|p1a: Miraidon|Volt Switch|p2a: Lunala
|-damage|p2a: Lunala|68/100
|
|t:|1750845875
|switch|p1a: Urshifu|Urshifu, L50, F|100/100|[from] Volt Switch
|move|p2b: Miraidon|Dazzling Gleam|p1a: Urshifu|[spread] p1a,p1b
|-supereffective|p1a: Urshifu
|-enditem|p1a: Urshifu|Focus Sash
|-damage|p1a: Urshifu|1/100
|-damage|p1b: Whimsicott|2/100
|cant|p2a: Lunala|move: Taunt|Trick Room
|
|upkeep
|turn|2
|inactive|anubisjr has 30 seconds left.
|inactive|anubisjr has 20 seconds left.
|inactive|anubisjr has 15 seconds left.
|inactive|anubisjr has 10 seconds left.
|
|t:|1750845923
|switch|p2a: Iron Hands|Iron Hands, L50|100/100
|-activate|p2a: Iron Hands|ability: Quark Drive
|-start|p2a: Iron Hands|quarkdriveatk
|move|p1b: Whimsicott|Tailwind|p1b: Whimsicott
|-sidestart|p1: anubisjr|move: Tailwind
|move|p1a: Urshifu|Close Combat|p2b: Miraidon
|-resisted|p2b: Miraidon
|-damage|p2b: Miraidon|70/100
|-unboost|p1a: Urshifu|def|1
|-unboost|p1a: Urshifu|spd|1
|move|p2b: Miraidon|Dazzling Gleam|p1b: Whimsicott|[spread] p1a,p1b
|-supereffective|p1a: Urshifu
|-damage|p1a: Urshifu|0 fnt
|-damage|p1b: Whimsicott|0 fnt
|faint|p1a: Urshifu
|faint|p1b: Whimsicott
|
|upkeep
|
|t:|1750845927
|switch|p1b: Miraidon|Miraidon, L50|100/100
|switch|p1a: Calyrex|Calyrex-Shadow, L50|100/100
|-ability|p1a: Calyrex|As One
|-ability|p1a: Calyrex|Unnerve
|-activate|p1b: Miraidon|ability: Hadron Engine
|turn|3
|
|t:|1750845946
|-terastallize|p1b: Miraidon|Fairy
|move|p2a: Iron Hands|Fake Out|p1b: Miraidon
|-damage|p1b: Miraidon|80/100
|move|p1a: Calyrex|Astral Barrage|p2a: Iron Hands|[spread] p2a,p2b
|-crit|p2a: Iron Hands
|-damage|p2a: Iron Hands|36/100
|-damage|p2b: Miraidon|13/100
|-damage|p1a: Calyrex|91/100|[from] item: Life Orb
|cant|p1b: Miraidon|flinch
|move|p2b: Miraidon|Dazzling Gleam|p1b: Miraidon|[spread] p1a,p1b
|-damage|p1a: Calyrex|16/100
|-damage|p1b: Miraidon|20/100
|
|upkeep
|turn|4
|
|t:|1750845965
|move|p1a: Calyrex|Astral Barrage|p2b: Miraidon|[spread] p2a,p2b
|-damage|p2a: Iron Hands|0 fnt
|-damage|p2b: Miraidon|0 fnt
|faint|p2a: Iron Hands
|-end|p2a: Iron Hands|Quark Drive|[silent]
|faint|p2b: Miraidon
|-ability|p1a: Calyrex|Grim Neigh|boost
|-boost|p1a: Calyrex|spa|2
|-damage|p1a: Calyrex|7/100|[from] item: Life Orb
|move|p1b: Miraidon|Electro Drift|p2: Iron Hands|[notarget]
|-fail|p1b: Miraidon
|
|upkeep
|
|t:|1750845967
|switch|p2b: Iron Crown|Iron Crown, L50|100/100
|switch|p2a: Lunala|Lunala, L50|68/100
|-activate|p2b: Iron Crown|ability: Quark Drive
|-start|p2b: Iron Crown|quarkdrivespa
|turn|5
|inactive|anubisjr has 30 seconds left.
|
|t:|1750845992
|move|p2a: Lunala|Wide Guard|p2a: Lunala
|-singleturn|p2a: Lunala|Wide Guard
|move|p1a: Calyrex|Astral Barrage|p2a: Lunala|[spread] 
|-activate|p2a: Lunala|move: Wide Guard
|-activate|p2b: Iron Crown|move: Wide Guard
|move|p1b: Miraidon|Electro Drift|p2a: Lunala
|-damage|p2a: Lunala|0 fnt
|faint|p2a: Lunala
|move|p2b: Iron Crown|Tachyon Cutter|p1b: Miraidon
|-supereffective|p1b: Miraidon
|-damage|p1b: Miraidon|0 fnt
|faint|p1b: Miraidon
|-hitcount|p1: Miraidon|1
|-damage|p2b: Iron Crown|91/100|[from] item: Life Orb
|
|-sideend|p1: anubisjr|move: Tailwind
|-fieldend|move: Electric Terrain
|-end|p2b: Iron Crown|Quark Drive
|upkeep
|turn|6
|
|t:|1750845999
|move|p1a: Calyrex|Astral Barrage|p2b: Iron Crown
|-supereffective|p2b: Iron Crown
|-damage|p2b: Iron Crown|0 fnt
|faint|p2b: Iron Crown
|-end|p2b: Iron Crown|Quark Drive|[silent]
|-damage|p1a: Calyrex|0 fnt|[from] item: Life Orb
|faint|p1a: Calyrex
|
|win|anubisjr
|raw|anubisjr's rating: 1551 &rarr; <strong>1569</strong><br />(+18 for winning)
|raw|Jdv1's rating: 1514 &rarr; <strong>1496</strong><br />(-18 for losing)
|l|☆anubisjr
|player|p1|
|l|☆Jdv1
|player|p2|
