|j|‽xGSx3ntr0py
|j|☆dman12352
|t:|1750709350
|gametype|doubles
|player|p1|xGSx3ntr0py|169|1639
|player|p2|dman12352|brycenman|1679
|teamsize|p1|6
|teamsize|p2|6
|gen|9
|tier|[Gen 9] VGC 2025 Reg I
|rated|
|rule|Species Clause: Limit one of each Pokémon
|rule|Item Clause: Limit 1 of each item
|clearpoke
|poke|p1|Calyrex-Shadow, L50|
|poke|p1|Smeargle, L50, F|
|poke|p1|Incineroar, L50, F|
|poke|p1|Rillaboom, L50, M|
|poke|p1|Lunala, L50|
|poke|p1|Muk-Alola, L50, F|
|poke|p2|Incineroar, L50, M|
|poke|p2|Calyrex-Shadow, L50|
|poke|p2|Iron Bundle, L50|
|poke|p2|Koraidon, L50|
|poke|p2|Raging Bolt, L50|
|poke|p2|Kingambit, L50, F|
|teampreview|4
|inactive|Battle timer is ON: inactive players will automatically lose when time's up. (requested by dman12352)
dman12352 has agreed to open team sheets.
|
|t:|1750709375
|start
|switch|p1a: Muk|Muk-Alola, L50, F|100/100
|switch|p1b: Smeargle|Smeargle, L50, F|100/100
|switch|p2a: Koraidon|Koraidon, L50|100/100
|switch|p2b: Incineroar|Incineroar, L50, M|100/100
|-weather|SunnyDay|[from] ability: Orichalcum Pulse|[of] p2a: Koraidon
|-activate|p2a: Koraidon|Orichalcum Pulse|[source]
|-ability|p2b: Incineroar|Intimidate|boost
|-unboost|p1a: Muk|atk|1
|-unboost|p1b: Smeargle|atk|1
|turn|1
|
|t:|1750709381
|move|p1b: Smeargle|Spiky Shield|p1b: Smeargle
|-singleturn|p1b: Smeargle|move: Protect
|move|p1a: Muk|Protect|p1a: Muk
|-singleturn|p1a: Muk|Protect
|move|p2a: Koraidon|Collision Course|p1a: Muk
|-activate|p1a: Muk|move: Protect
|move|p2b: Incineroar|Taunt|p1a: Muk
|-activate|p1a: Muk|move: Protect
|
|-weather|SunnyDay|[upkeep]
|-ability|p1b: Smeargle|Moody|boost
|-boost|p1b: Smeargle|spa|2
|-unboost|p1b: Smeargle|spe|1
|upkeep
|turn|2
|
|t:|1750709392
|move|p1b: Smeargle|Follow Me|p1b: Smeargle
|-singleturn|p1b: Smeargle|move: Follow Me
|move|p2a: Koraidon|Collision Course|p1b: Smeargle
|-supereffective|p1b: Smeargle
|-enditem|p1b: Smeargle|Focus Sash
|-damage|p1b: Smeargle|1/100
|move|p2b: Incineroar|Taunt|p1b: Smeargle
|-start|p1b: Smeargle|move: Taunt
|move|p1a: Muk|Minimize|p1a: Muk
|-boost|p1a: Muk|evasion|2
|
|-weather|SunnyDay|[upkeep]
|-ability|p1b: Smeargle|Moody|boost
|-boost|p1b: Smeargle|atk|2
|-unboost|p1b: Smeargle|spe|1
|upkeep
|turn|3
|
|t:|1750709403
|move|p1a: Muk|Protect|p1a: Muk
|-singleturn|p1a: Muk|Protect
|move|p2a: Koraidon|Collision Course|p1a: Muk
|-activate|p1a: Muk|move: Protect
|move|p2b: Incineroar|Taunt|p1a: Muk
|-activate|p1a: Muk|move: Protect
|-activate|p1b: Smeargle|move: Struggle
|move|p1b: Smeargle|Struggle|p2b: Incineroar
|-damage|p2b: Incineroar|98/100
|-damage|p1b: Smeargle|0 fnt|[from] item: Rocky Helmet|[of] p2b: Incineroar
|faint|p1b: Smeargle
|-ability|p1a: Muk|Moody|[from] ability: Power of Alchemy|[of] p1b: Smeargle
|
|-weather|SunnyDay|[upkeep]
|-ability|p1a: Muk|Moody|boost
|-boost|p1a: Muk|spd|2
|-unboost|p1a: Muk|atk|1
|upkeep
|
|t:|1750709413
|switch|p1b: Incineroar|Incineroar, L50, F|100/100
|-ability|p1b: Incineroar|Intimidate|boost
|-fail|p2a: Koraidon|unboost|[from] item: Clear Amulet|[of] p2a: Koraidon
|-unboost|p2b: Incineroar|atk|1
|turn|4
|
|t:|1750709422
|-terastallize|p2a: Koraidon|Fire
|move|p1b: Incineroar|Fake Out|p2b: Incineroar
|-damage|p2b: Incineroar|89/100
|-damage|p1b: Incineroar|84/100|[from] item: Rocky Helmet|[of] p2b: Incineroar
|move|p2a: Koraidon|Flare Blitz|p1a: Muk
|-damage|p1a: Muk|3/100
|-damage|p2a: Koraidon|67/100|[from] Recoil
|cant|p2b: Incineroar|flinch
|move|p1a: Muk|Minimize|p1a: Muk
|-boost|p1a: Muk|evasion|2
|
|-weather|SunnyDay|[upkeep]
|-heal|p1a: Muk|9/100|[from] item: Black Sludge
|-ability|p1a: Muk|Moody|boost
|-boost|p1a: Muk|spa|2
|-unboost|p1a: Muk|spd|1
|upkeep
|turn|5
|
|t:|1750709444
|move|p1a: Muk|Protect|p1a: Muk
|-singleturn|p1a: Muk|Protect
|move|p2a: Koraidon|Collision Course|p1b: Incineroar
|-supereffective|p1b: Incineroar
|-damage|p1b: Incineroar|0 fnt
|faint|p1b: Incineroar
|move|p2b: Incineroar|Flare Blitz|p1a: Muk
|-activate|p1a: Muk|move: Protect
|
|-weather|none
|-heal|p1a: Muk|15/100|[from] item: Black Sludge
|-ability|p1a: Muk|Moody|boost
|-boost|p1a: Muk|atk|2
|-unboost|p1a: Muk|def|1
|upkeep
|
|t:|1750709451
|switch|p1b: Lunala|Lunala, L50|100/100
|turn|6
|
|t:|1750709458
|move|p2a: Koraidon|Collision Course|p1a: Muk|[miss]
|-miss|p2a: Koraidon|p1a: Muk
|move|p1b: Lunala|Psych Up|p1a: Muk
|-copyboost|p1b: Lunala|p1a: Muk|[from] move: Psych Up
|move|p2b: Incineroar|Flare Blitz|p1a: Muk|[miss]
|-miss|p2b: Incineroar|p1a: Muk
|move|p1a: Muk|Minimize|p1a: Muk
|-boost|p1a: Muk|evasion|2
|
|-heal|p1a: Muk|21/100|[from] item: Black Sludge
|-ability|p1a: Muk|Moody|boost
|-boost|p1a: Muk|def|2
|-unboost|p1a: Muk|spa|1
|upkeep
|turn|7
|inactive|xGSx3ntr0py has 30 seconds left.
|inactive|xGSx3ntr0py has 20 seconds left.
|
|t:|1750709495
|move|p1b: Lunala|Protect|p1b: Lunala
|-singleturn|p1b: Lunala|Protect
|move|p1a: Muk|Protect|p1a: Muk
|-singleturn|p1a: Muk|Protect
|move|p2a: Koraidon|Collision Course|p1a: Muk
|-activate|p1a: Muk|move: Protect
|move|p2b: Incineroar|Flare Blitz|p1b: Lunala
|-activate|p1b: Lunala|move: Protect
|
|-heal|p1a: Muk|27/100|[from] item: Black Sludge
|-ability|p1a: Muk|Moody|boost
|-boost|p1a: Muk|spe|2
|-unboost|p1a: Muk|spa|1
|upkeep
|turn|8
|
|t:|1750709514
|move|p2a: Koraidon|Collision Course|p1a: Muk
|-damage|p1a: Muk|0 fnt
|faint|p1a: Muk
|move|p1b: Lunala|Psych Up|p1: Muk|[notarget]
|-fail|p1b: Lunala
|move|p2b: Incineroar|Flare Blitz|p1b: Lunala
|-crit|p1b: Lunala
|-damage|p1b: Lunala|62/100
|-damage|p2b: Incineroar|73/100|[from] Recoil
|
|-heal|p1b: Lunala|68/100|[from] item: Leftovers
|upkeep
|turn|9
|-message|xGSx3ntr0py forfeited.
|
|win|dman12352
|raw|xGSx3ntr0py's rating: 1639 &rarr; <strong>1621</strong><br />(-18 for losing)
|raw|dman12352's rating: 1679 &rarr; <strong>1697</strong><br />(+18 for winning)
|l|‽xGSx3ntr0py
|player|p1|
|l|☆dman12352
|player|p2|
