|j|☆sturbyy
|j|☆Giljero
|t:|1750801331
|gametype|doubles
|player|p1|sturbyy|265|1541
|player|p2|Giljero|wattson|1473
|teamsize|p1|6
|teamsize|p2|6
|gen|9
|tier|[Gen 9] VGC 2025 Reg I
|rated|
|rule|Species Clause: Limit one of each Pokémon
|rule|Item Clause: Limit 1 of each item
|clearpoke
|poke|p1|Miraidon, L50|
|poke|p1|Calyrex-Ice, L50|
|poke|p1|Incineroar, L50, M|
|poke|p1|Landorus, L50, M|
|poke|p1|Urshifu-*, L50, F|
|poke|p1|Farigiraf, L50, M|
|poke|p2|Calyrex-Shadow, L50|
|poke|p2|Zamazenta-*, L50|
|poke|p2|Rillaboom, L50, F|
|poke|p2|Incineroar, L50, M|
|poke|p2|Amoonguss, L50, M|
|poke|p2|Raging Bolt, L50|
|teampreview|4
|
|t:|1750801368
|start
|switch|p1a: Urshifu|Urshifu-Rapid-Strike, L50, F|100/100
|switch|p1b: Calyrex|Calyrex-Ice, L50|100/100
|switch|p2a: Rillaboom|Rillaboom, L50, F|100/100
|switch|p2b: Zamazenta|Zamazenta-Crowned, L50|100/100
|-ability|p1b: Calyrex|As One
|-ability|p1b: Calyrex|Unnerve
|-ability|p2b: Zamazenta|Dauntless Shield|boost
|-boost|p2b: Zamazenta|def|1
|-fieldstart|move: Grassy Terrain|[from] ability: Grassy Surge|[of] p2a: Rillaboom
|turn|1
|inactive|Battle timer is ON: inactive players will automatically lose when time's up. (requested by Giljero)
|
|t:|1750801390
|switch|p1a: Miraidon|Miraidon, L50|100/100
|-fieldstart|move: Electric Terrain|[from] ability: Hadron Engine|[of] p1a: Miraidon
|move|p2b: Zamazenta|Body Press|p1b: Calyrex
|-damage|p1b: Calyrex|61/100
|move|p2a: Rillaboom|U-turn|p1b: Calyrex
|-supereffective|p1b: Calyrex
|-damage|p1b: Calyrex|32/100
|
|t:|1750801408
|switch|p2a: Calyrex|Calyrex-Shadow, L50|100/100|[from] U-turn
|-ability|p2a: Calyrex|As One
|-ability|p2a: Calyrex|Unnerve
|move|p1b: Calyrex|Leech Seed|p2b: Zamazenta
|-start|p2b: Zamazenta|move: Leech Seed
|
|-heal|p1b: Calyrex|38/100|[from] item: Leftovers
|-damage|p2b: Zamazenta|88/100|[from] Leech Seed|[of] p1b: Calyrex
|-heal|p1b: Calyrex|50/100|[silent]
|upkeep
|turn|2
|inactive|Giljero has 30 seconds left.
|
|t:|1750801441
|-terastallize|p2a: Calyrex|Ghost
|move|p1b: Calyrex|Protect|p1b: Calyrex
|-singleturn|p1b: Calyrex|Protect
|move|p2a: Calyrex|Astral Barrage|p1a: Miraidon|[spread] p1a
|-activate|p1b: Calyrex|move: Protect
|-damage|p1a: Miraidon|43/100
|move|p1a: Miraidon|Volt Switch|p2a: Calyrex
|-damage|p2a: Calyrex|11/100
|
|t:|1750801452
|switch|p1a: Urshifu|Urshifu-Rapid-Strike, L50, F|100/100|[from] Volt Switch
|move|p2b: Zamazenta|Body Press|p1b: Calyrex
|-activate|p1b: Calyrex|move: Protect
|
|-heal|p1b: Calyrex|56/100|[from] item: Leftovers
|-damage|p2b: Zamazenta|76/100|[from] Leech Seed|[of] p1b: Calyrex
|-heal|p1b: Calyrex|67/100|[silent]
|upkeep
|turn|3
|inactive|Giljero has 30 seconds left.
|
|t:|1750801479
|switch|p2a: Amoonguss|Amoonguss, L50, M|100/100
|move|p2b: Zamazenta|Wide Guard|p2b: Zamazenta
|-singleturn|p2b: Zamazenta|Wide Guard
|move|p1a: Urshifu|U-turn|p2a: Amoonguss
|-damage|p2a: Amoonguss|76/100
|-damage|p1a: Urshifu|84/100|[from] item: Rocky Helmet|[of] p2a: Amoonguss
|
|t:|1750801495
|switch|p1a: Farigiraf|Farigiraf, L50, M|100/100|[from] U-turn
|-enditem|p1a: Farigiraf|Electric Seed
|-boost|p1a: Farigiraf|def|1|[from] item: Electric Seed
|move|p1b: Calyrex|Glacial Lance|p2b: Zamazenta|[spread] 
|-activate|p2a: Amoonguss|move: Wide Guard
|-activate|p2b: Zamazenta|move: Wide Guard
|
|-heal|p1b: Calyrex|73/100|[from] item: Leftovers
|-damage|p2b: Zamazenta|64/100|[from] Leech Seed|[of] p1b: Calyrex
|-heal|p1b: Calyrex|85/100|[silent]
|upkeep
|turn|4
|inactive|Giljero has 30 seconds left.
|
|t:|1750801530
|move|p1b: Calyrex|Protect|p1b: Calyrex
|-singleturn|p1b: Calyrex|Protect
|move|p2a: Amoonguss|Protect|p2a: Amoonguss
|-singleturn|p2a: Amoonguss|Protect
|move|p2b: Zamazenta|Body Press|p1b: Calyrex
|-activate|p1b: Calyrex|move: Protect
|move|p1a: Farigiraf|Psychic|p2a: Amoonguss
|-activate|p2a: Amoonguss|move: Protect
|
|-heal|p1b: Calyrex|90/100|[from] item: Leftovers
|-damage|p2b: Zamazenta|52/100|[from] Leech Seed|[of] p1b: Calyrex
|-heal|p1b: Calyrex|100/100|[silent]
|upkeep
|turn|5
|
|t:|1750801549
|switch|p2a: Rillaboom|Rillaboom, L50, F|100/100
|-fieldstart|move: Grassy Terrain|[from] ability: Grassy Surge|[of] p2a: Rillaboom
|move|p2b: Zamazenta|Body Press|p1b: Calyrex
|-damage|p1b: Calyrex|58/100
|move|p1a: Farigiraf|Psychic|p2a: Rillaboom
|-damage|p2a: Rillaboom|70/100
|move|p1b: Calyrex|Glacial Lance|p2a: Rillaboom|[spread] p2a,p2b
|-supereffective|p2a: Rillaboom
|-crit|p2a: Rillaboom
|-resisted|p2b: Zamazenta
|-damage|p2a: Rillaboom|0 fnt
|-damage|p2b: Zamazenta|42/100
|faint|p2a: Rillaboom
|-ability|p1b: Calyrex|Chilling Neigh|boost
|-boost|p1b: Calyrex|atk|1
|
|-heal|p2b: Zamazenta|48/100|[from] Grassy Terrain
|-heal|p1b: Calyrex|64/100|[from] Grassy Terrain
|-heal|p1b: Calyrex|70/100|[from] item: Leftovers
|-damage|p2b: Zamazenta|36/100|[from] Leech Seed|[of] p1b: Calyrex
|-heal|p1b: Calyrex|82/100|[silent]
|upkeep
|
|t:|1750801572
|switch|p2a: Calyrex|Calyrex-Shadow, L50, tera:Ghost|11/100
|-ability|p2a: Calyrex|As One
|-ability|p2a: Calyrex|Unnerve
|turn|6
|
|t:|1750801586
|switch|p2b: Amoonguss|Amoonguss, L50, M|100/100
|move|p1b: Calyrex|Protect|p1b: Calyrex
|-singleturn|p1b: Calyrex|Protect
|move|p2a: Calyrex|Astral Barrage|p1b: Calyrex|[spread] 
|-activate|p1b: Calyrex|move: Protect
|-immune|p1a: Farigiraf
|move|p1a: Farigiraf|Psychic|p2b: Amoonguss
|-supereffective|p2b: Amoonguss
|-damage|p2b: Amoonguss|28/100
|
|-heal|p2a: Calyrex|16/100|[from] Grassy Terrain
|-heal|p1b: Calyrex|87/100|[from] Grassy Terrain
|-heal|p1b: Calyrex|93/100|[from] item: Leftovers
|-heal|p2b: Amoonguss|34/100|[from] Grassy Terrain
|upkeep
|turn|7
|inactive|Giljero has 30 seconds left.
|
|t:|1750801621
|switch|p1b: Miraidon|Miraidon, L50|43/100
|-fieldstart|move: Electric Terrain|[from] ability: Hadron Engine|[of] p1b: Miraidon
|move|p2a: Calyrex|Astral Barrage|p1b: Miraidon|[spread] p1b
|-immune|p1a: Farigiraf
|-damage|p1b: Miraidon|0 fnt
|faint|p1b: Miraidon
|-ability|p2a: Calyrex|Grim Neigh|boost
|-boost|p2a: Calyrex|spa|1
|move|p1a: Farigiraf|Psychic|p2a: Calyrex
|-damage|p2a: Calyrex|0 fnt
|faint|p2a: Calyrex
|move|p2b: Amoonguss|Pollen Puff|p2: Calyrex|[notarget]
|-fail|p2b: Amoonguss
|
|upkeep
|
|t:|1750801638
|switch|p2a: Zamazenta|Zamazenta-Crowned, L50|36/100
|switch|p1b: Calyrex|Calyrex-Ice, L50|93/100
|-ability|p1b: Calyrex|As One
|-ability|p1b: Calyrex|Unnerve
|turn|8
|-message|Giljero forfeited.
|
|win|sturbyy
|raw|sturbyy's rating: 1541 &rarr; <strong>1557</strong><br />(+16 for winning)
|raw|Giljero's rating: 1473 &rarr; <strong>1457</strong><br />(-16 for losing)
|l|☆Giljero
|player|p2|
|c|☆sturbyy|ff
