|j|☆eriksp9
|j|☆bman311
|t:|1750823024
|gametype|doubles
|player|p1|eriksp9|calem-masters|
|player|p2|bman311|elesa-masters|
|teamsize|p1|6
|teamsize|p2|6
|gen|9
|tier|[Gen 9] VGC 2025 Reg I
|rated|Tournament battle
|rule|Species Clause: Limit one of each Pokémon
|rule|Item Clause: Limit 1 of each item
|raw|<div class="infobox"><details class="readmore" open><summary><strong>2 custom rules:</strong></summary> Force Open Team Sheets, !Open Team Sheets</details></div>
|clearpoke
|poke|p1|Calyrex-Ice, L50|
|poke|p1|Miraidon, L50|
|poke|p1|Volcarona, L50, M|
|poke|p1|Iron Hands, L50|
|poke|p1|Grimmsnarl, L50, M|
|poke|p1|Ogerpon, L50, F|
|poke|p2|Miraidon, L50|
|poke|p2|Lunala, L50|
|poke|p2|Incineroar, L50, M|
|poke|p2|Ursaluna, L50, M|
|poke|p2|Urshifu-*, L50, F|
|poke|p2|Whimsicott, L50, M|
|teampreview|4
|showteam|p1|Calyrex-Ice||ClearAmulet|AsOneGlastrier|GlacialLance,HighHorsepower,TrickRoom,Protect||||||50|,,,,,Water]Miraidon||ChoiceScarf|HadronEngine|ElectroDrift,VoltSwitch,DracoMeteor,Snarl||||||50|,,,,,Electric]Volcarona||Leftovers|FlameBody|FieryDance,StruggleBug,QuiverDance,Protect|||M|||50|,,,,,Dragon]Iron Hands||AssaultVest|QuarkDrive|WildCharge,DrainPunch,LowKick,FakeOut||||||50|,,,,,Water]Grimmsnarl||LightClay|Prankster|Reflect,SpiritBreak,LightScreen,ThunderWave|||M|||50|,,,,,Ghost]Ogerpon||CovertCloak|Defiant|SpikyShield,Taunt,IvyCudgel,Encore|||F|||50|,,,,,Grass
|showteam|p2|Miraidon||ChoiceSpecs|HadronEngine|ElectroDrift,DracoMeteor,DazzlingGleam,VoltSwitch||||||50|,,,,,Fairy]Lunala||ElectricSeed|ShadowShield|MoongeistBeam,Moonblast,WideGuard,TrickRoom||||||50|,,,,,Fairy]Incineroar||AssaultVest|Intimidate|FakeOut,FlareBlitz,KnockOff,Uturn|||M|||50|,,,,,Bug]Ursaluna||FlameOrb|Guts|Facade,HeadlongRush,Earthquake,Protect|||M|||50|,,,,,Ghost]Urshifu-Rapid-Strike||ChoiceBand|UnseenFist|SurgingStrikes,CloseCombat,AquaJet,Uturn|||F|||50|,,,,,Ghost]Whimsicott||CovertCloak|Prankster|Tailwind,Moonblast,LightScreen,Encore|||M|||50|,,,,,Water
|inactive|Battle timer is ON: inactive players will automatically lose when time's up. (requested by bman311)
|c|☆bman311|bl
|c|☆eriksp9|dhf
|c|☆bman311|dhf
|c|☆eriksp9|lmao get read
|c|☆bman311|lmao
|inactive|eriksp9 has 60 seconds left.
|inactive|bman311 has 60 seconds left.
|
|t:|1750823057
|start
|switch|p1a: Miraidon|Miraidon, L50|100/100
|switch|p1b: Ogerpon|Ogerpon, L50, F|100/100
|switch|p2a: Incineroar|Incineroar, L50, M|100/100
|switch|p2b: Miraidon|Miraidon, L50|100/100
|-fieldstart|move: Electric Terrain|[from] ability: Hadron Engine|[of] p1a: Miraidon
|-activate|p2b: Miraidon|ability: Hadron Engine
|-ability|p2a: Incineroar|Intimidate|boost
|-unboost|p1a: Miraidon|atk|1
|-unboost|p1b: Ogerpon|atk|1
|-ability|p1b: Ogerpon|Defiant|boost
|-boost|p1b: Ogerpon|atk|2
|turn|1
|inactive|eriksp9 has 30 seconds left.
|
|t:|1750823084
|switch|p1a: Iron Hands|Iron Hands, L50|100/100
|-activate|p1a: Iron Hands|ability: Quark Drive
|-start|p1a: Iron Hands|quarkdriveatk
|-terastallize|p2b: Miraidon|Fairy
|move|p2a: Incineroar|Fake Out|p1a: Iron Hands
|-damage|p1a: Iron Hands|92/100
|move|p2b: Miraidon|Dazzling Gleam|p1a: Iron Hands|[spread] p1a,p1b
|-supereffective|p1a: Iron Hands
|-damage|p1a: Iron Hands|7/100
|-damage|p1b: Ogerpon|38/100
|move|p1b: Ogerpon|Encore|p2a: Incineroar
|-start|p2a: Incineroar|Encore
|
|upkeep
|turn|2
|
|t:|1750823101
|switch|p2a: Lunala|Lunala, L50|100/100
|-enditem|p2a: Lunala|Electric Seed
|-boost|p2a: Lunala|def|1|[from] item: Electric Seed
|move|p1b: Ogerpon|Spiky Shield|p1b: Ogerpon
|-singleturn|p1b: Ogerpon|move: Protect
|move|p1a: Iron Hands|Fake Out|p2b: Miraidon
|-damage|p2b: Miraidon|80/100
|cant|p2b: Miraidon|flinch
|
|upkeep
|turn|3
|c|☆eriksp9|FUCKKK
|c|☆eriksp9|i clicked spiky thinking it was ivy cudgel
|c|☆bman311|oof
|c|☆bman311|does that ko anyway?
|
|t:|1750823126
|-terastallize|p1b: Ogerpon|Grass
|detailschange|p1b: Ogerpon|Ogerpon-Teal-Tera, L50, F, tera:Grass
|-ability|p1b: Ogerpon|Embody Aspect (Teal)|boost
|-boost|p1b: Ogerpon|spe|1
|move|p1b: Ogerpon|Ivy Cudgel|p2b: Miraidon
|-damage|p2b: Miraidon|0 fnt
|faint|p2b: Miraidon
|move|p2a: Lunala|Moongeist Beam|p1b: Ogerpon
|-damage|p1b: Ogerpon|0 fnt
|faint|p1b: Ogerpon
|detailschange|p1: Ogerpon|Ogerpon, L50, F|[silent]
|move|p1a: Iron Hands|Wild Charge|p2a: Lunala
|-damage|p2a: Lunala|81/100
|-damage|p1a: Iron Hands|2/100|[from] Recoil
|
|upkeep
|c|☆bman311|idk ur invest
|c|☆bman311|i was waiting for u to do that
|
|t:|1750823137
|switch|p2b: Incineroar|Incineroar, L50, M|100/100
|switch|p1b: Calyrex|Calyrex-Ice, L50|100/100
|-ability|p1b: Calyrex|As One
|-ability|p1b: Calyrex|Unnerve
|-ability|p2b: Incineroar|Intimidate|boost
|-unboost|p1a: Iron Hands|atk|1
|-fail|p1b: Calyrex|unboost|[from] item: Clear Amulet|[of] p1b: Calyrex
|turn|4
|
|t:|1750823148
|move|p1a: Iron Hands|Fake Out||[still]
|-hint|Fake Out only works on your first turn out.
|-fail|p1a: Iron Hands
|move|p2a: Lunala|Moongeist Beam|p1b: Calyrex
|-supereffective|p1b: Calyrex
|-damage|p1b: Calyrex|25/100
|move|p2b: Incineroar|U-turn|p1a: Iron Hands
|-resisted|p1a: Iron Hands
|-damage|p1a: Iron Hands|0 fnt
|faint|p1a: Iron Hands
|-end|p1a: Iron Hands|Quark Drive|[silent]
|
|t:|1750823154
|switch|p2b: Urshifu|Urshifu-Rapid-Strike, L50, F|100/100|[from] U-turn
|move|p1b: Calyrex|High Horsepower|p2b: Urshifu
|-damage|p2b: Urshifu|63/100
|
|upkeep
|c|☆eriksp9|why did i do that again
|
|t:|1750823162
|switch|p1a: Miraidon|Miraidon, L50|100/100
|-activate|p1a: Miraidon|ability: Hadron Engine
|turn|5
|c|☆bman311|yea idk
|
|t:|1750823172
|switch|p2a: Incineroar|Incineroar, L50, M|100/100
|-ability|p2a: Incineroar|Intimidate|boost
|-unboost|p1a: Miraidon|atk|1
|-fail|p1b: Calyrex|unboost|[from] item: Clear Amulet|[of] p1b: Calyrex
|move|p1b: Calyrex|Protect|p1b: Calyrex
|-singleturn|p1b: Calyrex|Protect
|move|p2b: Urshifu|Aqua Jet|p1b: Calyrex
|-damage|p1b: Calyrex|5/100
|move|p1a: Miraidon|Electro Drift|p2b: Urshifu
|-supereffective|p2b: Urshifu
|-damage|p2b: Urshifu|0 fnt
|faint|p2b: Urshifu
|
|-fieldend|move: Electric Terrain
|upkeep
|c|☆eriksp9|im just selling now
|c|☆bman311|yea what r u doing
|
|t:|1750823188
|switch|p2b: Lunala|Lunala, L50|81/100
|turn|6
|
|t:|1750823195
|move|p2a: Incineroar|Fake Out|p1a: Miraidon
|-damage|p1a: Miraidon|88/100
|cant|p1a: Miraidon|flinch
|move|p2b: Lunala|Moonblast|p1a: Miraidon
|-supereffective|p1a: Miraidon
|-damage|p1a: Miraidon|32/100
|move|p1b: Calyrex|Glacial Lance|p2b: Lunala|[spread] p2a,p2b
|-resisted|p2a: Incineroar
|-damage|p2a: Incineroar|77/100
|-damage|p2b: Lunala|40/100
|
|upkeep
|turn|7
|
|t:|1750823208
|move|p1a: Miraidon|Electro Drift|p2b: Lunala
|-damage|p2b: Lunala|0 fnt
|faint|p2b: Lunala
|move|p2a: Incineroar|Knock Off|p1b: Calyrex
|-supereffective|p1b: Calyrex
|-damage|p1b: Calyrex|0 fnt
|-enditem|p1b: Calyrex|Clear Amulet|[from] move: Knock Off|[of] p2a: Incineroar
|faint|p1b: Calyrex
|
|upkeep
|turn|8
|j| imgoldshark07
|c|☆eriksp9|crit crit crit crit
|c|☆eriksp9|super crit
|c|☆bman311|big av incin
|
|t:|1750823229
|move|p1a: Miraidon|Electro Drift|p2a: Incineroar
|-damage|p2a: Incineroar|41/100
|move|p2a: Incineroar|Knock Off|p1a: Miraidon
|-damage|p1a: Miraidon|0 fnt
|-enditem|p1a: Miraidon|Choice Scarf|[from] move: Knock Off|[of] p2a: Incineroar
|faint|p1a: Miraidon
|
|win|bman311
|n|☆eriksp9|eriksp9
|n|☆bman311|bman311
|n| imgoldshark07|imgoldshark07
