|j|☆EFRAIN27
|j|☆battlepantas
|t:|1750798634
|gametype|doubles
|player|p1|EFRAIN27|2|1151
|player|p2|battlepantas|265|1104
|teamsize|p1|6
|teamsize|p2|6
|gen|9
|tier|[Gen 9] VGC 2025 Reg I
|rated|
|rule|Species Clause: Limit one of each Pokémon
|rule|Item Clause: Limit 1 of each item
|clearpoke
|poke|p1|Calyrex-Ice, L50|
|poke|p1|Kyogre, L50|
|poke|p1|Smeargle, L50, F|
|poke|p1|Farigiraf, L50, M|
|poke|p1|Maushold, L50|
|poke|p1|Volcarona, L50, F|
|poke|p2|Ampharos, L50, M|
|poke|p2|Toxtricity-Low-Key, L50, F|
|poke|p2|Arcanine-Hisui, L50, F|
|poke|p2|Amoonguss, L50, F|
|poke|p2|Groudon, L50|
|poke|p2|Scovillain, L50, M|
|teampreview|4
|
|t:|1750798679
|start
|switch|p1a: Kyogre|Kyogre, L50|100/100
|switch|p1b: Smeargle|Smeargle, L50, F|100/100
|switch|p2a: Ampharos|Ampharos, L50, M|100/100
|switch|p2b: Toxtricity|Toxtricity-Low-Key, L50, F|100/100
|-weather|RainDance|[from] ability: Drizzle|[of] p1a: Kyogre
|turn|1
|
|t:|1750798712
|switch|p2b: Groudon|Groudon, L50|100/100
|-weather|SunnyDay|[from] ability: Drought|[of] p2b: Groudon
|-terastallize|p1a: Kyogre|Water
|move|p1b: Smeargle|Follow Me|p1b: Smeargle
|-singleturn|p1b: Smeargle|move: Follow Me
|move|p1a: Kyogre|Water Spout|p2b: Groudon|[spread] p2a,p2b
|-supereffective|p2b: Groudon
|-damage|p2a: Ampharos|59/100
|-damage|p2b: Groudon|25/100
|move|p2a: Ampharos|Electroweb|p1a: Kyogre|[spread] p1a,p1b
|-supereffective|p1a: Kyogre
|-crit|p1b: Smeargle
|-damage|p1a: Kyogre|63/100
|-damage|p1b: Smeargle|32/100
|-unboost|p1a: Kyogre|spe|1
|-unboost|p1b: Smeargle|spe|1
|
|-weather|SunnyDay|[upkeep]
|-ability|p1b: Smeargle|Moody|boost
|-boost|p1b: Smeargle|spe|2
|-unboost|p1b: Smeargle|def|1
|upkeep
|turn|2
|
|t:|1750798741
|switch|p1a: Calyrex|Calyrex-Ice, L50|100/100
|-ability|p1a: Calyrex|As One
|-ability|p1a: Calyrex|Unnerve
|move|p2b: Groudon|Protect|p2b: Groudon
|-singleturn|p2b: Groudon|Protect
|move|p1b: Smeargle|Spore|p2b: Groudon
|-activate|p2b: Groudon|move: Protect
|move|p2a: Ampharos|Electroweb|p1a: Calyrex|[spread] p1a,p1b
|-damage|p1a: Calyrex|90/100
|-damage|p1b: Smeargle|0 fnt
|-unboost|p1a: Calyrex|spe|1
|faint|p1b: Smeargle
|
|-weather|SunnyDay|[upkeep]
|upkeep
|
|t:|1750798759
|switch|p1b: Maushold|Maushold, L50|100/100
|turn|3
|
|t:|1750798786
|move|p1b: Maushold|Population Bomb|p2b: Groudon
|-damage|p2b: Groudon|18/100
|-damage|p2b: Groudon|10/100
|-damage|p2b: Groudon|3/100
|-damage|p2b: Groudon|0 fnt
|faint|p2b: Groudon
|-hitcount|p2: Groudon|4
|move|p2a: Ampharos|Electroweb|p1a: Calyrex|[spread] p1a
|-miss|p2a: Ampharos|p1b: Maushold
|-damage|p1a: Calyrex|79/100
|-unboost|p1a: Calyrex|spe|1
|move|p1a: Calyrex|High Horsepower|p2a: Ampharos|[miss]
|-miss|p1a: Calyrex|p2a: Ampharos
|
|-weather|SunnyDay|[upkeep]
|upkeep
|
|t:|1750798802
|switch|p2b: Toxtricity|Toxtricity-Low-Key, L50, F|100/100
|turn|4
|
|t:|1750798812
|move|p1b: Maushold|Population Bomb|p2b: Toxtricity
|-damage|p2b: Toxtricity|82/100
|-damage|p2b: Toxtricity|63/100
|-damage|p2b: Toxtricity|47/100
|-damage|p2b: Toxtricity|28/100
|-damage|p2b: Toxtricity|12/100
|-damage|p2b: Toxtricity|0 fnt
|faint|p2b: Toxtricity
|-hitcount|p2: Toxtricity|6
|move|p2a: Ampharos|Electroweb|p1a: Calyrex|[spread] p1a,p1b
|-damage|p1a: Calyrex|70/100
|-damage|p1b: Maushold|68/100
|-unboost|p1a: Calyrex|spe|1
|-unboost|p1b: Maushold|spe|1
|move|p1a: Calyrex|Glacial Lance|p2a: Ampharos
|-damage|p2a: Ampharos|0 fnt
|faint|p2a: Ampharos
|-ability|p1a: Calyrex|Chilling Neigh|boost
|-boost|p1a: Calyrex|atk|1
|
|-weather|SunnyDay|[upkeep]
|upkeep
|
|t:|1750798838
|switch|p2b: Amoonguss|Amoonguss, L50, F|100/100
|turn|5
|c|☆battlepantas|ggs
|
|t:|1750798847
|move|p1b: Maushold|Population Bomb|p2b: Amoonguss
|-damage|p2b: Amoonguss|88/100
|-damage|p2b: Amoonguss|76/100
|-damage|p2b: Amoonguss|63/100
|-damage|p2b: Amoonguss|51/100
|-damage|p2b: Amoonguss|39/100
|-damage|p2b: Amoonguss|26/100
|-damage|p2b: Amoonguss|15/100
|-damage|p2b: Amoonguss|3/100
|-damage|p2b: Amoonguss|0 fnt
|faint|p2b: Amoonguss
|-hitcount|p2: Amoonguss|9
|
|win|EFRAIN27
|raw|EFRAIN27's rating: 1151 &rarr; <strong>1173</strong><br />(+22 for winning)
|raw|battlepantas's rating: 1104 &rarr; <strong>1082</strong><br />(-22 for losing)
|l|☆EFRAIN27
|player|p1|
|l|☆battlepantas
|player|p2|
