|j|☆Maximus38
|j|‽Shrekers13
|t:|1750826385
|gametype|doubles
|player|p1|Maximus38|170|1361
|player|p2|Shrekers13|265|1414
|teamsize|p1|6
|teamsize|p2|6
|gen|9
|tier|[Gen 9] VGC 2025 Reg I
|rated|
|rule|Species Clause: Limit one of each Pokémon
|rule|Item Clause: Limit 1 of each item
|clearpoke
|poke|p1|Terapagos, L50, M|
|poke|p1|Calyrex-Ice, L50|
|poke|p1|Farigiraf, L50, F|
|poke|p1|Urshifu-*, L50, M|
|poke|p1|Sinistcha-Masterpiece, L50|
|poke|p1|Incineroar, L50, F|
|poke|p2|Calyrex-Ice, L50|
|poke|p2|Miraidon, L50|
|poke|p2|Iron Hands, L50|
|poke|p2|Iron Bundle, L50|
|poke|p2|Ogerpon-Hearthflame, L50, F|
|poke|p2|Farigiraf, L50, F|
|teampreview|4
|inactive|Battle timer is ON: inactive players will automatically lose when time's up. (requested by Maximus38)
|
|t:|1750826407
|start
|switch|p1a: Calyrex|Calyrex-Ice, L50|100/100
|switch|p1b: Incineroar|Incineroar, L50, F|100/100
|switch|p2a: Miraidon|Miraidon, L50|100/100
|switch|p2b: Iron Bundle|Iron Bundle, L50, shiny|100/100
|-ability|p1a: Calyrex|As One
|-ability|p1a: Calyrex|Unnerve
|-fieldstart|move: Electric Terrain|[from] ability: Hadron Engine|[of] p2a: Miraidon
|-activate|p2b: Iron Bundle|ability: Quark Drive
|-start|p2b: Iron Bundle|quarkdrivespe
|-ability|p1b: Incineroar|Intimidate|boost
|-unboost|p2a: Miraidon|atk|1
|-unboost|p2b: Iron Bundle|atk|1
|turn|1
|inactive|Maximus38 has 30 seconds left.
|
|t:|1750826433
|switch|p2a: Calyrex|Calyrex-Ice, L50|100/100
|-ability|p2a: Calyrex|As One
|-ability|p2a: Calyrex|Unnerve
|move|p1b: Incineroar|Fake Out|p2a: Calyrex
|-damage|p2a: Calyrex|91/100
|move|p2b: Iron Bundle|Taunt|p1a: Calyrex
|-start|p1a: Calyrex|move: Taunt
|cant|p1a: Calyrex|move: Taunt|Trick Room
|
|upkeep
|turn|2
|
|t:|1750826450
|switch|p1a: Urshifu|Urshifu, L50, M|100/100
|move|p2b: Iron Bundle|Hydro Pump|p1b: Incineroar
|-supereffective|p1b: Incineroar
|-damage|p1b: Incineroar|22/100
|move|p1b: Incineroar|Flare Blitz|p2a: Calyrex
|-supereffective|p2a: Calyrex
|-damage|p2a: Calyrex|9/100
|-damage|p1b: Incineroar|0 fnt|[from] Recoil
|faint|p1b: Incineroar
|move|p2a: Calyrex|High Horsepower|p1a: Urshifu
|-damage|p1a: Urshifu|56/100
|
|upkeep
|
|t:|1750826463
|switch|p1b: Calyrex|Calyrex-Ice, L50|100/100
|-ability|p1b: Calyrex|As One
|-ability|p1b: Calyrex|Unnerve
|turn|3
|
|t:|1750826473
|move|p1a: Urshifu|Sucker Punch||[still]
|-fail|p1a: Urshifu
|move|p2b: Iron Bundle|Taunt|p1b: Calyrex
|-start|p1b: Calyrex|move: Taunt
|move|p2a: Calyrex|Glacial Lance|p1b: Calyrex|[spread] p1a,p1b
|-resisted|p1b: Calyrex
|-damage|p1a: Urshifu|0 fnt
|-damage|p1b: Calyrex|82/100
|faint|p1a: Urshifu
|-ability|p2a: Calyrex|Chilling Neigh|boost
|-boost|p2a: Calyrex|atk|1
|move|p1b: Calyrex|Glacial Lance|p2a: Calyrex|[spread] p2a,p2b
|-resisted|p2a: Calyrex
|-resisted|p2b: Iron Bundle
|-damage|p2a: Calyrex|0 fnt
|-damage|p2b: Iron Bundle|83/100
|faint|p2a: Calyrex
|-ability|p1b: Calyrex|Chilling Neigh|boost
|-boost|p1b: Calyrex|atk|1
|
|upkeep
|
|t:|1750826490
|switch|p1a: Sinistcha|Sinistcha-Masterpiece, L50|100/100
|switch|p2a: Miraidon|Miraidon, L50|100/100
|-activate|p2a: Miraidon|ability: Hadron Engine
|-heal|p1b: Calyrex|100/100|[from] ability: Hospitality|[of] p1a: Sinistcha
|turn|4
|
|t:|1750826513
|move|p1a: Sinistcha|Rage Powder|p1a: Sinistcha
|-singleturn|p1a: Sinistcha|move: Rage Powder
|move|p2b: Iron Bundle|Taunt|p1a: Sinistcha
|-start|p1a: Sinistcha|move: Taunt
|move|p2a: Miraidon|Volt Switch|p1a: Sinistcha
|-resisted|p1a: Sinistcha
|-damage|p1a: Sinistcha|43/100
|
|t:|1750826519
|switch|p2a: Iron Hands|Iron Hands, L50, shiny|100/100|[from] Volt Switch
|-activate|p2a: Iron Hands|ability: Quark Drive
|-start|p2a: Iron Hands|quarkdriveatk
|move|p1b: Calyrex|Glacial Lance|p2b: Iron Bundle|[spread] p2a,p2b
|-resisted|p2b: Iron Bundle
|-damage|p2a: Iron Hands|38/100
|-damage|p2b: Iron Bundle|57/100
|
|upkeep
|turn|5
|inactive|Shrekers13 has 30 seconds left.
|
|t:|1750826545
|move|p2a: Iron Hands|Fake Out|p1b: Calyrex
|-damage|p1b: Calyrex|88/100
|move|p2b: Iron Bundle|Hydro Pump|p1b: Calyrex
|-damage|p1b: Calyrex|52/100
|move|p1a: Sinistcha|Matcha Gotcha|p2b: Iron Bundle|[spread] p2a,p2b
|-supereffective|p2b: Iron Bundle
|-damage|p2a: Iron Hands|26/100
|-heal|p1a: Sinistcha|51/100|[from] drain|[of] p2a: Iron Hands
|-damage|p2b: Iron Bundle|0 fnt
|-heal|p1a: Sinistcha|72/100|[from] drain|[of] p2b: Iron Bundle
|faint|p2b: Iron Bundle
|-end|p2b: Iron Bundle|Quark Drive|[silent]
|cant|p1b: Calyrex|flinch
|
|-end|p1b: Calyrex|move: Taunt
|-fieldend|move: Electric Terrain
|-end|p2a: Iron Hands|Quark Drive
|upkeep
|
|t:|1750826560
|switch|p2b: Miraidon|Miraidon, L50|100/100
|-fieldstart|move: Electric Terrain|[from] ability: Hadron Engine|[of] p2b: Miraidon
|-activate|p2a: Iron Hands|ability: Quark Drive
|-start|p2a: Iron Hands|quarkdriveatk
|turn|6
|inactive|Shrekers13 has 30 seconds left.
|inactive|Shrekers13 has 20 seconds left.
|
|t:|1750826597
|-terastallize|p2a: Iron Hands|Water
|move|p1b: Calyrex|Protect|p1b: Calyrex
|-singleturn|p1b: Calyrex|Protect
|move|p2b: Miraidon|Electro Drift|p1a: Sinistcha
|-resisted|p1a: Sinistcha
|-damage|p1a: Sinistcha|0 fnt
|-damage|p2b: Miraidon|84/100|[from] item: Rocky Helmet|[of] p1a: Sinistcha
|faint|p1a: Sinistcha
|move|p2a: Iron Hands|Drain Punch|p1b: Calyrex
|-activate|p1b: Calyrex|move: Protect
|
|upkeep
|turn|7
|
|t:|1750826610
|move|p2b: Miraidon|Electro Drift|p1b: Calyrex
|-damage|p1b: Calyrex|0 fnt
|faint|p1b: Calyrex
|
|win|Shrekers13
|raw|Maximus38's rating: 1361 &rarr; <strong>1344</strong><br />(-17 for losing)
|raw|Shrekers13's rating: 1414 &rarr; <strong>1431</strong><br />(+17 for winning)
|l|☆Maximus38
|player|p1|
|l|‽Shrekers13
|player|p2|
