|j|☆TannerIGuess
|j|☆acadianclimber
|t:|1750717930
|gametype|doubles
|player|p1|TannerIGuess|flannery|1268
|player|p2|acadianclimber|proton|1350
|teamsize|p1|6
|teamsize|p2|6
|gen|9
|tier|[Gen 9] VGC 2025 Reg I
|rated|
|rule|Species Clause: Limit one of each Pokémon
|rule|Item Clause: Limit 1 of each item
|clearpoke
|poke|p1|Whimsicott, L50, F|
|poke|p1|Calyrex-Shadow, L50|
|poke|p1|Miraidon, L50|
|poke|p1|Iron Hands, L50|
|poke|p1|Chi-Yu, L50|
|poke|p1|Glalie, L50, M|
|poke|p2|Calyrex-Shadow, L50|
|poke|p2|Zamazenta-*, L50|
|poke|p2|Raging Bolt, L50|
|poke|p2|Incineroar, L50, M|
|poke|p2|Rillaboom, L50, M|
|poke|p2|Gothitelle, L50, M|
|teampreview|4
TannerIGuess has agreed to open team sheets.
|inactive|Battle timer is ON: inactive players will automatically lose when time's up. (requested by TannerIGuess)
|
|t:|1750717962
|start
|switch|p1a: Glalie|Glalie, L50, M|100/100
|switch|p1b: Miraidon|Miraidon, L50|100/100
|switch|p2a: Calyrex|Calyrex-Shadow, L50|100/100
|switch|p2b: Gothitelle|Gothitelle, L50, M|100/100
|-ability|p2a: Calyrex|As One
|-ability|p2a: Calyrex|Unnerve
|-fieldstart|move: Electric Terrain|[from] ability: Hadron Engine|[of] p1b: Miraidon
|turn|1
|inactive|TannerIGuess has 30 seconds left.
|inactive|acadianclimber has 30 seconds left.
|inactive|TannerIGuess has 20 seconds left.
|inactive|TannerIGuess has 15 seconds left.
|inactive|TannerIGuess has 10 seconds left.
|inactive|TannerIGuess has 5 seconds left.
|
|t:|1750718013
|-terastallize|p1b: Miraidon|Fairy
|move|p2a: Calyrex|Protect|p2a: Calyrex
|-singleturn|p2a: Calyrex|Protect
|move|p2b: Gothitelle|Protect|p2b: Gothitelle
|-singleturn|p2b: Gothitelle|Protect
|move|p1a: Glalie|Fake Tears|p2a: Calyrex
|-activate|p2a: Calyrex|move: Protect
|move|p1b: Miraidon|Dazzling Gleam|p2a: Calyrex|[spread] 
|-activate|p2a: Calyrex|move: Protect
|-activate|p2b: Gothitelle|move: Protect
|
|upkeep
|turn|2
|
|t:|1750718031
|move|p2a: Calyrex|Disable|p1b: Miraidon
|-start|p1b: Miraidon|Disable|Dazzling Gleam
|move|p1a: Glalie|Fake Tears|p2b: Gothitelle
|-unboost|p2b: Gothitelle|spd|2
|cant|p1b: Miraidon|Disable|Dazzling Gleam
|move|p2b: Gothitelle|Taunt|p1a: Glalie
|-start|p1a: Glalie|move: Taunt
|
|upkeep
|turn|3
|c|☆TannerIGuess|diabolical set up haha
|inactive|acadianclimber has 30 seconds left.
|
|t:|1750718060
|move|p2a: Calyrex|Astral Barrage|p1b: Miraidon|[spread] p1a,p1b
|-damage|p1a: Glalie|9/100
|-damage|p1b: Miraidon|42/100
|-damage|p2a: Calyrex|91/100|[from] item: Life Orb
|-activate|p1a: Glalie|move: Struggle
|move|p1a: Glalie|Struggle|p2b: Gothitelle
|-damage|p2b: Gothitelle|91/100
|-damage|p1a: Glalie|0 fnt|[from] recoil
|faint|p1a: Glalie
|-activate|p1b: Miraidon|move: Struggle
|move|p1b: Miraidon|Struggle|p2b: Gothitelle
|-damage|p2b: Gothitelle|82/100
|-damage|p1b: Miraidon|17/100|[from] recoil
|move|p2b: Gothitelle|Foul Play|p1b: Miraidon
|-resisted|p1b: Miraidon
|-damage|p1b: Miraidon|9/100
|
|upkeep
|
|t:|1750718077
|switch|p1a: Calyrex|Calyrex-Shadow, L50|100/100
|-ability|p1a: Calyrex|As One
|-ability|p1a: Calyrex|Unnerve
|turn|4
|
|t:|1750718096
|-terastallize|p2a: Calyrex|Dark
|move|p2b: Gothitelle|Protect|p2b: Gothitelle
|-singleturn|p2b: Gothitelle|Protect
|move|p1a: Calyrex|Disable|p2a: Calyrex
|-start|p2a: Calyrex|Disable|Astral Barrage
|cant|p2a: Calyrex|Disable|Astral Barrage
|-activate|p1b: Miraidon|move: Struggle
|move|p1b: Miraidon|Struggle|p2b: Gothitelle
|-activate|p2b: Gothitelle|move: Protect
|
|upkeep
|turn|5
|inactive|acadianclimber has 30 seconds left.
|inactive|acadianclimber has 20 seconds left.
|inactive|acadianclimber has 15 seconds left.
|
|t:|1750718137
|switch|p2b: Zamazenta|Zamazenta-Crowned, L50|100/100
|-ability|p2b: Zamazenta|Dauntless Shield|boost
|-boost|p2b: Zamazenta|def|1
|move|p2a: Calyrex|Psychic|p1b: Miraidon
|-damage|p1b: Miraidon|0 fnt
|faint|p1b: Miraidon
|-ability|p2a: Calyrex|Grim Neigh|boost
|-boost|p2a: Calyrex|spa|1
|-damage|p2a: Calyrex|81/100|[from] item: Life Orb
|move|p1a: Calyrex|Astral Barrage|p2b: Zamazenta|[spread] p2a,p2b
|-resisted|p2a: Calyrex
|-crit|p2b: Zamazenta
|-damage|p2a: Calyrex|54/100
|-damage|p2b: Zamazenta|48/100
|
|-fieldend|move: Electric Terrain
|upkeep
|
|t:|1750718151
|switch|p1b: Whimsicott|Whimsicott, L50, F, shiny|100/100
|turn|6
|inactive|acadianclimber has 30 seconds left.
|
|t:|1750718182
|switch|p2a: Rillaboom|Rillaboom, L50, M|100/100
|-fieldstart|move: Grassy Terrain|[from] ability: Grassy Surge|[of] p2a: Rillaboom
|move|p1b: Whimsicott|Fake Tears|p2b: Zamazenta
|-unboost|p2b: Zamazenta|spd|2
|move|p1a: Calyrex|Psychic|p2b: Zamazenta
|-damage|p2b: Zamazenta|0 fnt
|faint|p2b: Zamazenta
|-ability|p1a: Calyrex|Grim Neigh|boost
|-boost|p1a: Calyrex|spa|1
|
|upkeep
|
|t:|1750718198
|switch|p2b: Calyrex|Calyrex-Shadow, L50, tera:Dark|54/100
|-ability|p2b: Calyrex|As One
|-ability|p2b: Calyrex|Unnerve
|turn|7
|inactive|TannerIGuess has 30 seconds left.
|inactive|TannerIGuess has 20 seconds left.
|inactive|acadianclimber has 30 seconds left.
|
|t:|1750718242
|move|p1a: Calyrex|Protect|p1a: Calyrex
|-singleturn|p1a: Calyrex|Protect
|move|p2a: Rillaboom|Fake Out|p1a: Calyrex
|-activate|p1a: Calyrex|move: Protect
|move|p2b: Calyrex|Astral Barrage|p1b: Whimsicott|[spread] p1b
|-activate|p1a: Calyrex|move: Protect
|-damage|p1b: Whimsicott|7/100
|-damage|p2b: Calyrex|44/100|[from] item: Life Orb
|move|p1b: Whimsicott|Moonblast|p2b: Calyrex
|-supereffective|p2b: Calyrex
|-damage|p2b: Calyrex|0 fnt
|faint|p2b: Calyrex
|
|-heal|p1b: Whimsicott|13/100|[from] Grassy Terrain
|upkeep
|
|t:|1750718260
|switch|p2b: Gothitelle|Gothitelle, L50, M|82/100
|turn|8
|
|t:|1750718276
|move|p2b: Gothitelle|Fake Out|p1b: Whimsicott
|-damage|p1b: Whimsicott|6/100
|move|p1b: Whimsicott|Fake Tears|p2a: Rillaboom
|-unboost|p2a: Rillaboom|spd|2
|move|p2a: Rillaboom|Grassy Glide|p1a: Calyrex
|-crit|p1a: Calyrex
|-damage|p1a: Calyrex|38/100
|move|p1a: Calyrex|Astral Barrage|p2a: Rillaboom|[spread] p2a,p2b
|-supereffective|p2b: Gothitelle
|-damage|p2a: Rillaboom|0 fnt
|-damage|p2b: Gothitelle|0 fnt
|faint|p2a: Rillaboom
|faint|p2b: Gothitelle
|
|win|TannerIGuess
|raw|TannerIGuess's rating: 1268 &rarr; <strong>1299</strong><br />(+31 for winning)
|raw|acadianclimber's rating: 1350 &rarr; <strong>1325</strong><br />(-25 for losing)
|c|☆TannerIGuess|gg
|l|☆acadianclimber
|player|p2|
