|j|☆rainbowboojay
|j|☆polyprothene
|t:|1750803351
|gametype|doubles
|player|p1|rainbowboojay|102|1202
|player|p2|polyprothene|proton|1270
|teamsize|p1|6
|teamsize|p2|6
|gen|9
|tier|[Gen 9] VGC 2025 Reg I
|rated|
|rule|Species Clause: Limit one of each Pokémon
|rule|Item Clause: Limit 1 of each item
|clearpoke
|poke|p1|Chi-Yu, L50|
|poke|p1|Dachsbun, L50, M|
|poke|p1|Koraidon, L50|
|poke|p1|Talonflame, L50, M|
|poke|p1|Walking Wake, L50|
|poke|p1|Iron Leaves, L50|
|poke|p2|Calyrex-Ice, L50|
|poke|p2|Kyogre, L50|
|poke|p2|Urshifu-*, L50, F|
|poke|p2|Tornadus, L50, M|
|poke|p2|Flutter Mane, L50|
|poke|p2|Rillaboom, L50, F|
|teampreview|4
|
|t:|1750803403
|start
|switch|p1a: Talonflame|Talonflame, L50, M|100/100
|switch|p1b: Chi-Yu|Chi-Yu, L50|100/100
|switch|p2a: Tornadus|Tornadus, L50, M|100/100
|switch|p2b: Kyogre|Kyogre, L50|100/100
|-ability|p1b: Chi-Yu|Beads of Ruin
|-weather|RainDance|[from] ability: Drizzle|[of] p2b: Kyogre
|turn|1
|
|t:|1750803428
|switch|p1b: Dachsbun|Dachsbun, L50, M|100/100
|move|p2a: Tornadus|Tailwind|p2a: Tornadus
|-sidestart|p2: polyprothene|move: Tailwind
|move|p1a: Talonflame|Tailwind|p1a: Talonflame
|-sidestart|p1: rainbowboojay|move: Tailwind
|move|p2b: Kyogre|Hydro Pump|p1b: Dachsbun|[miss]
|-miss|p2b: Kyogre|p1b: Dachsbun
|
|-weather|RainDance|[upkeep]
|upkeep
|turn|2
|
|t:|1750803457
|switch|p1b: Koraidon|Koraidon, L50|100/100
|-weather|SunnyDay|[from] ability: Orichalcum Pulse|[of] p1b: Koraidon
|-activate|p1b: Koraidon|Orichalcum Pulse|[source]
|-terastallize|p1a: Talonflame|Grass
|move|p2a: Tornadus|Taunt|p1a: Talonflame
|-start|p1a: Talonflame|move: Taunt
|move|p1a: Talonflame|Solar Beam||[still]
|-prepare|p1a: Talonflame|Solar Beam
|-anim|p1a: Talonflame|Solar Beam|p2b: Kyogre
|-supereffective|p2b: Kyogre
|-damage|p2b: Kyogre|36/100
|move|p2b: Kyogre|Water Spout|p1a: Talonflame|[spread] p1a,p1b
|-resisted|p1a: Talonflame
|-resisted|p1b: Koraidon
|-damage|p1a: Talonflame|90/100
|-damage|p1b: Koraidon|94/100
|
|-weather|SunnyDay|[upkeep]
|upkeep
|turn|3
|
|t:|1750803485
|switch|p2b: Rillaboom|Rillaboom, L50, F|100/100
|-fieldstart|move: Grassy Terrain|[from] ability: Grassy Surge|[of] p2b: Rillaboom
|move|p2a: Tornadus|Rain Dance|p2a: Tornadus
|-weather|RainDance
|move|p1b: Koraidon|Dragon Claw|p2a: Tornadus
|-damage|p2a: Tornadus|22/100
|move|p1a: Talonflame|Heat Wave|p2a: Tornadus|[spread] p2a,p2b
|-supereffective|p2b: Rillaboom
|-damage|p2a: Tornadus|5/100
|-damage|p2b: Rillaboom|85/100
|
|-weather|RainDance|[upkeep]
|-heal|p1b: Koraidon|99/100|[from] Grassy Terrain
|-heal|p1a: Talonflame|96/100|[from] Grassy Terrain
|-heal|p2b: Rillaboom|91/100|[from] Grassy Terrain
|upkeep
|turn|4
|
|t:|1750803505
|switch|p1b: Dachsbun|Dachsbun, L50, M|100/100
|switch|p1a: Chi-Yu|Chi-Yu, L50|100/100
|-ability|p1a: Chi-Yu|Beads of Ruin
|move|p2b: Rillaboom|Fake Out|p1a: Chi-Yu
|-damage|p1a: Chi-Yu|80/100
|move|p2a: Tornadus|Bleakwind Storm|p1b: Dachsbun|[spread] p1a,p1b
|-damage|p1a: Chi-Yu|44/100
|-damage|p1b: Dachsbun|48/100
|
|-weather|RainDance|[upkeep]
|-heal|p1a: Chi-Yu|50/100|[from] Grassy Terrain
|-heal|p1b: Dachsbun|54/100|[from] Grassy Terrain
|-heal|p1b: Dachsbun|60/100|[from] item: Leftovers
|-heal|p2b: Rillaboom|97/100|[from] Grassy Terrain
|-sideend|p1: rainbowboojay|move: Tailwind
|-sideend|p2: polyprothene|move: Tailwind
|upkeep
|turn|5
|
|t:|1750803526
|move|p2a: Tornadus|Tailwind|p2a: Tornadus
|-sidestart|p2: polyprothene|move: Tailwind
|move|p1a: Chi-Yu|Lava Plume|p2b: Rillaboom|[spread] p2a,p2b
|-ability|p1b: Dachsbun|Well-Baked Body|boost
|-boost|p1b: Dachsbun|def|2
|-crit|p2a: Tornadus
|-supereffective|p2b: Rillaboom
|-damage|p2a: Tornadus|0 fnt
|-damage|p2b: Rillaboom|72/100
|faint|p2a: Tornadus
|move|p2b: Rillaboom|U-turn|p1b: Dachsbun
|-resisted|p1b: Dachsbun
|-damage|p1b: Dachsbun|55/100
|
|t:|1750803538
|switch|p2b: Kyogre|Kyogre, L50|36/100|[from] U-turn
|move|p1b: Dachsbun|Body Press|p2b: Kyogre
|-damage|p2b: Kyogre|0 fnt
|faint|p2b: Kyogre
|
|-weather|RainDance|[upkeep]
|-heal|p1a: Chi-Yu|57/100|[from] Grassy Terrain
|-heal|p1b: Dachsbun|61/100|[from] Grassy Terrain
|-heal|p1b: Dachsbun|67/100|[from] item: Leftovers
|upkeep
|
|t:|1750803545
|switch|p2a: Rillaboom|Rillaboom, L50, F|72/100
|switch|p2b: Flutter Mane|Flutter Mane, L50|100/100
|-enditem|p2b: Flutter Mane|Booster Energy
|-activate|p2b: Flutter Mane|ability: Protosynthesis|[fromitem]
|-start|p2b: Flutter Mane|protosynthesisspe
|turn|6
|
|t:|1750803577
|switch|p1b: Koraidon|Koraidon, L50|99/100
|-weather|SunnyDay|[from] ability: Orichalcum Pulse|[of] p1b: Koraidon
|-activate|p1b: Koraidon|Orichalcum Pulse|[source]
|move|p2a: Rillaboom|Fake Out|p1b: Koraidon
|-damage|p1b: Koraidon|88/100
|move|p2b: Flutter Mane|Moonblast|p1a: Chi-Yu
|-damage|p1a: Chi-Yu|1/100
|-unboost|p1a: Chi-Yu|spa|1
|move|p1a: Chi-Yu|Lava Plume|p2b: Flutter Mane|[spread] p1b,p2a,p2b
|-resisted|p1b: Koraidon
|-supereffective|p2a: Rillaboom
|-crit|p2b: Flutter Mane
|-damage|p1b: Koraidon|67/100
|-damage|p2a: Rillaboom|22/100
|-damage|p2b: Flutter Mane|0 fnt
|faint|p2b: Flutter Mane
|-end|p2b: Flutter Mane|Protosynthesis|[silent]
|
|-weather|SunnyDay|[upkeep]
|-heal|p1a: Chi-Yu|7/100|[from] Grassy Terrain
|-heal|p2a: Rillaboom|28/100|[from] Grassy Terrain
|-heal|p1b: Koraidon|73/100|[from] Grassy Terrain
|upkeep
|turn|7
|
|t:|1750803595
|move|p2a: Rillaboom|Grassy Glide|p1a: Chi-Yu
|-resisted|p1a: Chi-Yu
|-damage|p1a: Chi-Yu|0 fnt
|faint|p1a: Chi-Yu
|move|p1b: Koraidon|Heat Crash|p2a: Rillaboom
|-supereffective|p2a: Rillaboom
|-damage|p2a: Rillaboom|0 fnt
|faint|p2a: Rillaboom
|
|win|rainbowboojay
|raw|rainbowboojay's rating: 1202 &rarr; <strong>1232</strong><br />(+30 for winning)
|raw|polyprothene's rating: 1270 &rarr; <strong>1240</strong><br />(-30 for losing)
|l|☆polyprothene
|player|p2|
|l|☆rainbowboojay
|player|p1|
