|j|☆kojimuranishi
|j|☆neebieplayersea
|t:|1750781708
|gametype|doubles
|player|p1|kojimuranishi|265|1659
|player|p2|neebieplayersea|170|1705
|teamsize|p1|6
|teamsize|p2|6
|gen|9
|tier|[Gen 9] VGC 2025 Reg I
|rated|
|rule|Species Clause: Limit one of each Pokémon
|rule|Item Clause: Limit 1 of each item
|clearpoke
|poke|p1|Calyrex-Ice, L50|
|poke|p1|Whimsicott, L50, M|
|poke|p1|Volcarona, L50, M|
|poke|p1|Chi-Yu, L50|
|poke|p1|Landorus, L50, M|
|poke|p1|Terapagos, L50, M|
|poke|p2|Miraidon, L50|
|poke|p2|Calyrex-Ice, L50|
|poke|p2|Urshifu-*, L50, F|
|poke|p2|Incineroar, L50, F|
|poke|p2|Ditto, L50|
|poke|p2|Tornadus, L50, M|
|teampreview|4
|inactive|Battle timer is ON: inactive players will automatically lose when time's up. (requested by kojimuranishi)
|
|t:|1750781741
|start
|switch|p1a: Whimsicott|Whimsicott, L50, M|100/100
|switch|p1b: Terapagos|Terapagos, L50, M|100/100
|switch|p2a: Miraidon|Miraidon, L50|100/100
|switch|p2b: Incineroar|Incineroar, L50, F|100/100
|-activate|p1b: Terapagos|ability: Tera Shift
|detailschange|p1b: Terapagos|Terapagos-Terastal, L50, M
|-heal|p1b: Terapagos|100/100|[silent]
|-fieldstart|move: Electric Terrain|[from] ability: Hadron Engine|[of] p2a: Miraidon
|-ability|p2b: Incineroar|Intimidate|boost
|-unboost|p1a: Whimsicott|atk|1
|-unboost|p1b: Terapagos|atk|1
|turn|1
|inactive|neebieplayersea has 30 seconds left.
|
|t:|1750781771
|move|p1a: Whimsicott|Protect|p1a: Whimsicott
|-singleturn|p1a: Whimsicott|Protect
|move|p1b: Terapagos|Protect|p1b: Terapagos
|-singleturn|p1b: Terapagos|Protect
|move|p2b: Incineroar|Fake Out|p1a: Whimsicott
|-activate|p1a: Whimsicott|move: Protect
|move|p2a: Miraidon|Volt Switch|p1a: Whimsicott
|-activate|p1a: Whimsicott|move: Protect
|
|upkeep
|turn|2
|inactive|neebieplayersea has 30 seconds left.
|
|t:|1750781798
|move|p2a: Miraidon|Volt Switch|p1b: Terapagos
|-activate|p1b: Terapagos|ability: Tera Shell
|-resisted|p1b: Terapagos
|-damage|p1b: Terapagos|55/100
|
|t:|1750781804
|switch|p2a: Calyrex|Calyrex-Ice, L50|100/100|[from] Volt Switch
|-ability|p2a: Calyrex|As One
|-ability|p2a: Calyrex|Unnerve
|move|p1a: Whimsicott|Moonblast|p2b: Incineroar
|-damage|p2b: Incineroar|70/100
|move|p1b: Terapagos|Meteor Beam||[still]
|-prepare|p1b: Terapagos|Meteor Beam
|-boost|p1b: Terapagos|spa|1
|-enditem|p1b: Terapagos|Power Herb
|-anim|p1b: Terapagos|Meteor Beam|p2b: Incineroar
|-supereffective|p2b: Incineroar
|-damage|p2b: Incineroar|0 fnt
|faint|p2b: Incineroar
|
|upkeep
|
|t:|1750781823
|switch|p2b: Miraidon|Miraidon, L50|100/100
|-activate|p2b: Miraidon|ability: Hadron Engine
|turn|3
|
|t:|1750781836
|-terastallize|p2b: Miraidon|Fairy
|-terastallize|p1b: Terapagos|Stellar
|detailschange|p1b: Terapagos|Terapagos-Stellar, L50, M, tera:Stellar
|-heal|p1b: Terapagos|67/100|[silent]
|-ability|p1b: Terapagos|Teraform Zero
|-fieldend|move: Electric Terrain
|move|p2b: Miraidon|Draco Meteor|p1b: Terapagos
|-damage|p1b: Terapagos|0 fnt
|-unboost|p2b: Miraidon|spa|2
|faint|p1b: Terapagos
|detailschange|p1: Terapagos|Terapagos, L50, M|[silent]
|move|p1a: Whimsicott|Moonblast|p2b: Miraidon
|-damage|p2b: Miraidon|68/100
|move|p2a: Calyrex|Glacial Lance|p1a: Whimsicott
|-supereffective|p1a: Whimsicott
|-enditem|p1a: Whimsicott|Focus Sash
|-damage|p1a: Whimsicott|1/100
|
|upkeep
|
|t:|1750781857
|switch|p1b: Calyrex|Calyrex-Ice, L50|100/100
|-ability|p1b: Calyrex|As One
|-ability|p1b: Calyrex|Unnerve
|turn|4
|
|t:|1750781874
|switch|p2b: Urshifu|Urshifu-Rapid-Strike, L50, F|100/100
|switch|p1a: Volcarona|Volcarona, L50, M|100/100
|move|p2a: Calyrex|Protect|p2a: Calyrex
|-singleturn|p2a: Calyrex|Protect
|move|p1b: Calyrex|Glacial Lance|p2a: Calyrex|[spread] p2b
|-activate|p2a: Calyrex|move: Protect
|-resisted|p2b: Urshifu
|-damage|p2b: Urshifu|59/100
|
|upkeep
|turn|5
|
|t:|1750781895
|move|p1a: Volcarona|Will-O-Wisp|p2a: Calyrex
|-status|p2a: Calyrex|brn
|move|p2b: Urshifu|Surging Strikes|p1a: Volcarona
|-supereffective|p1a: Volcarona
|-crit|p1a: Volcarona
|-damage|p1a: Volcarona|50/100
|-damage|p2b: Urshifu|43/100|[from] item: Rocky Helmet|[of] p1a: Volcarona
|-status|p2b: Urshifu|brn|[from] ability: Flame Body|[of] p1a: Volcarona
|-supereffective|p1a: Volcarona
|-crit|p1a: Volcarona
|-damage|p1a: Volcarona|23/100
|-damage|p2b: Urshifu|27/100 brn|[from] item: Rocky Helmet|[of] p1a: Volcarona
|-supereffective|p1a: Volcarona
|-crit|p1a: Volcarona
|-damage|p1a: Volcarona|0 fnt
|-damage|p2b: Urshifu|10/100 brn|[from] item: Rocky Helmet|[of] p1a: Volcarona
|faint|p1a: Volcarona
|-hitcount|p1: Volcarona|3
|move|p1b: Calyrex|Glacial Lance|p2b: Urshifu|[spread] p2a,p2b
|-resisted|p2a: Calyrex
|-resisted|p2b: Urshifu
|-damage|p2a: Calyrex|76/100 brn
|-damage|p2b: Urshifu|0 fnt
|faint|p2b: Urshifu
|-ability|p1b: Calyrex|Chilling Neigh|boost
|-boost|p1b: Calyrex|atk|1
|move|p2a: Calyrex|Glacial Lance|p1b: Calyrex
|-resisted|p1b: Calyrex
|-damage|p1b: Calyrex|87/100
|
|-damage|p2a: Calyrex|70/100 brn|[from] brn
|upkeep
|inactive|kojimuranishi has 30 seconds left.
|inactive|neebieplayersea has 30 seconds left.
|
|t:|1750781924
|switch|p1a: Whimsicott|Whimsicott, L50, M|1/100
|switch|p2b: Miraidon|Miraidon, L50, tera:Fairy|68/100
|-fieldstart|move: Electric Terrain|[from] ability: Hadron Engine|[of] p2b: Miraidon
|turn|6
|
|t:|1750781932
|move|p1a: Whimsicott|Tailwind|p1a: Whimsicott
|-sidestart|p1: kojimuranishi|move: Tailwind
|move|p1b: Calyrex|Glacial Lance|p2b: Miraidon|[spread] p2a,p2b
|-resisted|p2a: Calyrex
|-damage|p2a: Calyrex|32/100 brn
|-damage|p2b: Miraidon|0 fnt
|faint|p2b: Miraidon
|-ability|p1b: Calyrex|Chilling Neigh|boost
|-boost|p1b: Calyrex|atk|1
|move|p2a: Calyrex|Glacial Lance|p1a: Whimsicott|[spread] p1a,p1b
|-supereffective|p1a: Whimsicott
|-resisted|p1b: Calyrex
|-damage|p1a: Whimsicott|0 fnt
|-damage|p1b: Calyrex|76/100
|faint|p1a: Whimsicott
|-ability|p2a: Calyrex|Chilling Neigh|boost
|-boost|p2a: Calyrex|atk|1
|
|-damage|p2a: Calyrex|27/100 brn|[from] brn
|upkeep
|turn|7
|-message|neebieplayersea forfeited.
|
|win|kojimuranishi
|raw|kojimuranishi's rating: 1659 &rarr; <strong>1682</strong><br />(+23 for winning)
|raw|neebieplayersea's rating: 1705 &rarr; <strong>1682</strong><br />(-23 for losing)
|l|☆kojimuranishi
|player|p1|
