|j|☆chico linguiceta
|j|☆MetroStar
|t:|1750826941
|gametype|doubles
|player|p1|chico linguiceta|harlequin|1340
|player|p2|MetroStar|striker|1257
|teamsize|p1|6
|teamsize|p2|6
|gen|9
|tier|[Gen 9] VGC 2025 Reg I
|rated|
|rule|Species Clause: Limit one of each Pokémon
|rule|Item Clause: Limit 1 of each item
|clearpoke
|poke|p1|Incineroar, L50, M|
|poke|p1|Calyrex-Ice, L50|
|poke|p1|Indeedee-F, L50, F|
|poke|p1|Ursaluna-Bloodmoon, L50, M|
|poke|p1|Oranguru, L50, F|
|poke|p1|Zamazenta-*, L50|
|poke|p2|Koraidon, L50|
|poke|p2|Calyrex-Shadow, L50|
|poke|p2|Weezing-Galar, L50, M|
|poke|p2|Chi-Yu, L50|
|poke|p2|Walking Wake, L50|
|poke|p2|Brute Bonnet, L50|
|teampreview|4
|inactive|Battle timer is ON: inactive players will automatically lose when time's up. (requested by MetroStar)
|inactive|MetroStar has 60 seconds left.
|
|t:|1750826978
|start
|switch|p1a: Incineroar|Incineroar, L50, M, shiny|100/100
|switch|p1b: Oranguru|Oranguru, L50, F, shiny|100/100
|switch|p2a: Weezing|Weezing-Galar, L50, M|100/100
|switch|p2b: Koraidon|Koraidon, L50|100/100
|-ability|p2a: Weezing|Neutralizing Gas
|-block|p2b: Koraidon|item: Ability Shield
|-weather|SunnyDay|[from] ability: Orichalcum Pulse|[of] p2b: Koraidon
|-activate|p2b: Koraidon|Orichalcum Pulse|[source]
|turn|1
|
|t:|1750826993
|move|p2b: Koraidon|Protect|p2b: Koraidon
|-singleturn|p2b: Koraidon|Protect
|move|p1a: Incineroar|Fake Out|p2b: Koraidon
|-activate|p2b: Koraidon|move: Protect
|move|p2a: Weezing|Poison Gas|p1b: Oranguru|[spread] p1b
|-miss|p2a: Weezing|p1a: Incineroar
|-status|p1b: Oranguru|psn
|move|p1b: Oranguru|Trick Room|p1b: Oranguru
|-fieldstart|move: Trick Room|[of] p1b: Oranguru
|
|-weather|SunnyDay|[upkeep]
|-damage|p1b: Oranguru|88/100 psn|[from] psn
|upkeep
|turn|2
|
|t:|1750827017
|move|p1b: Oranguru|Protect|p1b: Oranguru
|-singleturn|p1b: Oranguru|Protect
|move|p2a: Weezing|Poison Gas|p1b: Oranguru|[spread] p1a
|-activate|p1b: Oranguru|move: Protect
|-status|p1a: Incineroar|psn
|move|p1a: Incineroar|Parting Shot|p2b: Koraidon
|-unboost|p2b: Koraidon|atk|1
|-unboost|p2b: Koraidon|spa|1
|
|t:|1750827026
|switch|p1a: Ursaluna|Ursaluna-Bloodmoon, L50, M|100/100|[from] Parting Shot
|move|p2b: Koraidon|Collision Course|p1a: Ursaluna
|-supereffective|p1a: Ursaluna
|-damage|p1a: Ursaluna|7/100
|
|-weather|SunnyDay|[upkeep]
|-damage|p1b: Oranguru|76/100 psn|[from] psn
|upkeep
|turn|3
|
|t:|1750827042
|move|p2b: Koraidon|Protect|p2b: Koraidon
|-singleturn|p2b: Koraidon|Protect
|move|p1a: Ursaluna|Hyper Voice|p2b: Koraidon|[spread] p2a
|-activate|p2b: Koraidon|move: Protect
|-damage|p2a: Weezing|44/100
|-damage|p1a: Ursaluna|0 fnt|[from] item: Life Orb
|faint|p1a: Ursaluna
|move|p1b: Oranguru|Instruct|p1: Ursaluna|[notarget]
|-fail|p1b: Oranguru
|move|p2a: Weezing|Poison Gas|p1b: Oranguru
|-fail|p1b: Oranguru|psn
|
|-weather|SunnyDay|[upkeep]
|-damage|p1b: Oranguru|64/100 psn|[from] psn
|upkeep
|
|t:|1750827045
|switch|p1a: Calyrex|Calyrex-Ice, L50|100/100
|-ability|p1a: Calyrex|As One
|-ability|p1a: Calyrex|Unnerve
|turn|4
|inactive|MetroStar has 30 seconds left.
|
|t:|1750827077
|switch|p2b: Walking Wake|Walking Wake, L50|100/100
|move|p1a: Calyrex|Glacial Lance|p2a: Weezing|[spread] p2a,p2b
|-damage|p2a: Weezing|0 fnt
|-damage|p2b: Walking Wake|8/100
|faint|p2a: Weezing
|-end|p2a: Weezing|ability: Neutralizing Gas
|-activate|p2b: Walking Wake|ability: Protosynthesis
|-start|p2b: Walking Wake|protosynthesisspe
|-ability|p1a: Calyrex|Chilling Neigh|boost
|-boost|p1a: Calyrex|atk|1
|move|p1b: Oranguru|Instruct|p1a: Calyrex
|-singleturn|p1a: Calyrex|move: Instruct|[of] p1b: Oranguru
|move|p1a: Calyrex|Glacial Lance|p2b: Walking Wake
|-crit|p2b: Walking Wake
|-damage|p2b: Walking Wake|0 fnt
|faint|p2b: Walking Wake
|-end|p2b: Walking Wake|Protosynthesis|[silent]
|-ability|p1a: Calyrex|Chilling Neigh|boost
|-boost|p1a: Calyrex|atk|1
|
|-weather|SunnyDay|[upkeep]
|-damage|p1b: Oranguru|52/100 psn|[from] psn
|upkeep
|
|t:|1750827099
|switch|p2a: Calyrex|Calyrex-Shadow, L50|100/100
|switch|p2b: Koraidon|Koraidon, L50|100/100
|-ability|p2a: Calyrex|As One
|-ability|p2a: Calyrex|Unnerve
|-activate|p2b: Koraidon|ability: Orichalcum Pulse
|turn|5
|
|t:|1750827111
|move|p2b: Koraidon|Protect|p2b: Koraidon
|-singleturn|p2b: Koraidon|Protect
|move|p2a: Calyrex|Protect|p2a: Calyrex
|-singleturn|p2a: Calyrex|Protect
|move|p1a: Calyrex|Glacial Lance|p2a: Calyrex|[spread] 
|-activate|p2a: Calyrex|move: Protect
|-activate|p2b: Koraidon|move: Protect
|move|p1b: Oranguru|Instruct|p1a: Calyrex
|-singleturn|p1a: Calyrex|move: Instruct|[of] p1b: Oranguru
|move|p1a: Calyrex|Glacial Lance|p2b: Koraidon|[spread] 
|-activate|p2a: Calyrex|move: Protect
|-activate|p2b: Koraidon|move: Protect
|
|-weather|none
|-damage|p1b: Oranguru|40/100 psn|[from] psn
|-fieldend|move: Trick Room
|upkeep
|turn|6
|inactive|MetroStar has 30 seconds left.
|
|t:|1750827140
|-terastallize|p2a: Calyrex|Ghost
|-terastallize|p1a: Calyrex|Dragon
|move|p2a: Calyrex|Astral Barrage|p1b: Oranguru|[spread] p1a
|-immune|p1b: Oranguru
|-damage|p1a: Calyrex|50/100
|move|p2b: Koraidon|Flare Blitz|p1a: Calyrex
|-resisted|p1a: Calyrex
|-damage|p1a: Calyrex|37/100
|-status|p1a: Calyrex|brn
|-damage|p2b: Koraidon|96/100|[from] Recoil
|move|p1b: Oranguru|Expanding Force|p2a: Calyrex
|-damage|p2a: Calyrex|73/100
|move|p1a: Calyrex|Glacial Lance|p2b: Koraidon|[spread] p2a,p2b
|-supereffective|p2b: Koraidon
|-damage|p2a: Calyrex|0 fnt
|-damage|p2b: Koraidon|0 fnt
|faint|p2a: Calyrex
|faint|p2b: Koraidon
|
|win|chico linguiceta
|raw|chico linguiceta's rating: 1340 &rarr; <strong>1355</strong><br />(+15 for winning)
|raw|MetroStar's rating: 1257 &rarr; <strong>1238</strong><br />(-19 for losing)
|l|☆MetroStar
|player|p2|
|l|☆chico linguiceta
|player|p1|
