|j|☆ojimatias
|j|☆condret
|t:|1750729630
|gametype|doubles
|player|p1|ojimatias|ninjaboy|1121
|player|p2|condret|169|1169
|teamsize|p1|6
|teamsize|p2|6
|gen|9
|tier|[Gen 9] VGC 2025 Reg I
|rated|
|rule|Species Clause: Limit one of each Pokémon
|rule|Item Clause: Limit 1 of each item
|clearpoke
|poke|p1|Volcarona, L50, F|
|poke|p1|Rillaboom, L50, F|
|poke|p1|Tornadus, L50, M|
|poke|p1|Kyogre, L50|
|poke|p1|Calyrex-Ice, L50|
|poke|p1|Amoonguss, L50, M|
|poke|p2|Miraidon, L50|
|poke|p2|Entei, L50|
|poke|p2|Gastrodon-East, L50, F|
|poke|p2|Grimmsnarl, L50, M|
|poke|p2|Lunala, L50|
|poke|p2|Conkeldurr, L50, F|
|teampreview|4
condret has agreed to open team sheets.
|
|t:|1750729655
|start
|switch|p1a: Matchup Moth|Volcarona, L50, F|100/100
|switch|p1b: Amoonguss|Amoonguss, L50, M|100/100
|switch|p2a: Lunala|Lunala, L50, shiny|100/100
|switch|p2b: Grimmsnarl|Grimmsnarl, L50, M|100/100
|turn|1
|
|t:|1750729668
|move|p2b: Grimmsnarl|Fake Out|p1b: Amoonguss
|-damage|p1b: Amoonguss|90/100
|-damage|p2b: Grimmsnarl|84/100|[from] item: Rocky Helmet|[of] p1b: Amoonguss
|move|p1a: Matchup Moth|Quiver Dance|p1a: Matchup Moth
|-boost|p1a: Matchup Moth|spa|1
|-boost|p1a: Matchup Moth|spd|1
|-boost|p1a: Matchup Moth|spe|1
|move|p2a: Lunala|Meteor Beam||[still]
|-prepare|p2a: Lunala|Meteor Beam
|-boost|p2a: Lunala|spa|1
|-enditem|p2a: Lunala|Power Herb
|-anim|p2a: Lunala|Meteor Beam|p1a: Matchup Moth
|-supereffective|p1a: Matchup Moth
|-damage|p1a: Matchup Moth|0 fnt
|faint|p1a: Matchup Moth
|cant|p1b: Amoonguss|flinch
|
|upkeep
|
|t:|1750729675
|switch|p1a: Rillaboom|Rillaboom, L50, F|100/100
|-fieldstart|move: Grassy Terrain|[from] ability: Grassy Surge|[of] p1a: Rillaboom
|-enditem|p1a: Rillaboom|Grassy Seed
|-boost|p1a: Rillaboom|def|1|[from] item: Grassy Seed
|turn|2
|
|t:|1750729711
|switch|p2b: Miraidon|Miraidon, L50|100/100
|-fieldstart|move: Electric Terrain|[from] ability: Hadron Engine|[of] p2b: Miraidon
|switch|p1b: Calyrex|Calyrex-Ice, L50|100/100
|-ability|p1b: Calyrex|As One
|-ability|p1b: Calyrex|Unnerve
|move|p1a: Rillaboom|Grassy Glide|p2b: Miraidon
|-resisted|p2b: Miraidon
|-crit|p2b: Miraidon
|-damage|p2b: Miraidon|82/100
|move|p2a: Lunala|Tailwind|p2a: Lunala
|-sidestart|p2: condret|move: Tailwind
|
|upkeep
|turn|3
|
|t:|1750729740
|move|p2a: Lunala|Wide Guard|p2a: Lunala
|-singleturn|p2a: Lunala|Wide Guard
|move|p2b: Miraidon|Volt Switch|p1a: Rillaboom
|-resisted|p1a: Rillaboom
|-crit|p1a: Rillaboom
|-damage|p1a: Rillaboom|34/100
|
|t:|1750729746
|switch|p2b: Grimmsnarl|Grimmsnarl, L50, M|84/100|[from] Volt Switch
|move|p1a: Rillaboom|U-turn|p2a: Lunala
|-damage|p2a: Lunala|93/100
|
|t:|1750729758
|switch|p1a: Amoonguss|Amoonguss, L50, M|100/100|[from] U-turn
|move|p1b: Calyrex|Trick Room|p1b: Calyrex
|-fieldstart|move: Trick Room|[of] p1b: Calyrex
|
|upkeep
|turn|4
|
|t:|1750729792
|move|p2b: Grimmsnarl|Fake Out|p1a: Amoonguss
|-damage|p1a: Amoonguss|90/100
|-damage|p2b: Grimmsnarl|68/100|[from] item: Rocky Helmet|[of] p1a: Amoonguss
|cant|p1a: Amoonguss|flinch
|move|p1b: Calyrex|Zen Headbutt|p2a: Lunala
|-resisted|p2a: Lunala
|-damage|p2a: Lunala|73/100
|move|p2a: Lunala|Moongeist Beam|p1a: Amoonguss
|-damage|p1a: Amoonguss|27/100
|
|upkeep
|turn|5
|
|t:|1750729834
|switch|p1a: Rillaboom|Rillaboom, L50, F|34/100
|-fieldstart|move: Grassy Terrain|[from] ability: Grassy Surge|[of] p1a: Rillaboom
|move|p1b: Calyrex|Glacial Lance|p2b: Grimmsnarl|[spread] p2a,p2b
|-damage|p2a: Lunala|33/100
|-damage|p2b: Grimmsnarl|15/100
|move|p2a: Lunala|Moongeist Beam|p1a: Rillaboom
|-damage|p1a: Rillaboom|0 fnt
|faint|p1a: Rillaboom
|move|p2b: Grimmsnarl|Spirit Break|p1b: Calyrex
|-damage|p1b: Calyrex|83/100
|-unboost|p1b: Calyrex|spa|1
|
|-heal|p1b: Calyrex|88/100|[from] Grassy Terrain
|-heal|p2b: Grimmsnarl|21/100|[from] Grassy Terrain
|-heal|p2a: Lunala|39/100|[from] Grassy Terrain
|-sideend|p2: condret|move: Tailwind
|upkeep
|
|t:|1750729837
|switch|p1a: Amoonguss|Amoonguss, L50, M|60/100
|turn|6
|
|t:|1750729866
|move|p2a: Lunala|Wide Guard|p2a: Lunala
|-singleturn|p2a: Lunala|Wide Guard
|move|p2b: Grimmsnarl|Parting Shot|p1b: Calyrex
|-unboost|p1b: Calyrex|atk|1
|-unboost|p1b: Calyrex|spa|1
|
|t:|1750729871
|switch|p2b: Miraidon|Miraidon, L50|82/100|[from] Parting Shot
|-fieldstart|move: Electric Terrain|[from] ability: Hadron Engine|[of] p2b: Miraidon
|move|p1a: Amoonguss|Spore|p2a: Lunala
|-activate|p2a: Lunala|move: Electric Terrain
|move|p1b: Calyrex|Close Combat|p2b: Miraidon
|-damage|p2b: Miraidon|50/100
|-unboost|p1b: Calyrex|def|1
|-unboost|p1b: Calyrex|spd|1
|
|upkeep
|turn|7
|-message|ojimatias forfeited.
|
|win|condret
|raw|ojimatias's rating: 1121 &rarr; <strong>1099</strong><br />(-22 for losing)
|raw|condret's rating: 1169 &rarr; <strong>1191</strong><br />(+22 for winning)
|l|☆ojimatias
|player|p1|
