|j|‽Yuliis
|j|☆regieternal
|t:|1750813377
|gametype|doubles
|player|p1|Yuliis|265|1151
|player|p2|regieternal|lusamine-nihilego|1066
|teamsize|p1|6
|teamsize|p2|6
|gen|9
|tier|[Gen 9] VGC 2025 Reg I
|rated|
|rule|Species Clause: Limit one of each Pokémon
|rule|Item Clause: Limit 1 of each item
|clearpoke
|poke|p1|Miraidon, L50|
|poke|p1|Incineroar, L50, F|
|poke|p1|Iron Hands, L50|
|poke|p1|Dewgong, L50, M|
|poke|p1|Groudon, L50|
|poke|p1|Flutter Mane, L50|
|poke|p2|Terapagos, L50, M|
|poke|p2|Calyrex-Shadow, L50|
|poke|p2|Urshifu-*, L50, M|
|poke|p2|Smeargle, L50, F|
|poke|p2|Rillaboom, L50, M|
|poke|p2|Incineroar, L50, M|
|teampreview|4
|inactive|Battle timer is ON: inactive players will automatically lose when time's up. (requested by Yuliis)
|c|☆regieternal|Perish trap?
regieternal has agreed to open team sheets.
|
|t:|1750813403
|start
|switch|p1a: Incineroar|Incineroar, L50, F|100/100
|switch|p1b: Flutter Mane|Flutter Mane, L50, shiny|100/100
|switch|p2a: Incineroar|Incineroar, L50, M|100/100
|switch|p2b: Terapagos|Terapagos, L50, M|100/100
|-activate|p2b: Terapagos|ability: Tera Shift
|detailschange|p2b: Terapagos|Terapagos-Terastal, L50, M
|-heal|p2b: Terapagos|100/100|[silent]
|-ability|p2a: Incineroar|Intimidate|boost
|-unboost|p1a: Incineroar|atk|1
|-unboost|p1b: Flutter Mane|atk|1
|-ability|p1a: Incineroar|Intimidate|boost
|-unboost|p2a: Incineroar|atk|1
|-unboost|p2b: Terapagos|atk|1
|turn|1
|
|t:|1750813426
|move|p1b: Flutter Mane|Protect|p1b: Flutter Mane
|-singleturn|p1b: Flutter Mane|Protect
|move|p2a: Incineroar|Fake Out|p1a: Incineroar
|-damage|p1a: Incineroar|93/100
|move|p2b: Terapagos|Calm Mind|p2b: Terapagos
|-boost|p2b: Terapagos|spa|1
|-boost|p2b: Terapagos|spd|1
|cant|p1a: Incineroar|flinch
|
|upkeep
|turn|2
|
|t:|1750813443
|move|p1b: Flutter Mane|Icy Wind|p2b: Terapagos|[spread] p2b
|-miss|p1b: Flutter Mane|p2a: Incineroar
|-activate|p2b: Terapagos|ability: Tera Shell
|-resisted|p2b: Terapagos
|-damage|p2b: Terapagos|97/100
|-unboost|p2b: Terapagos|spe|1
|move|p2a: Incineroar|Flare Blitz|p1b: Flutter Mane
|-damage|p1b: Flutter Mane|24/100
|-damage|p2a: Incineroar|84/100|[from] Recoil
|move|p1a: Incineroar|Knock Off|p2b: Terapagos
|-damage|p2b: Terapagos|77/100
|-enditem|p2b: Terapagos|Leftovers|[from] move: Knock Off|[of] p1a: Incineroar
|move|p2b: Terapagos|Calm Mind|p2b: Terapagos
|-boost|p2b: Terapagos|spa|1
|-boost|p2b: Terapagos|spd|1
|
|upkeep
|turn|3
|inactive|regieternal has 30 seconds left.
|
|t:|1750813469
|move|p1b: Flutter Mane|Protect|p1b: Flutter Mane
|-singleturn|p1b: Flutter Mane|Protect
|move|p2b: Terapagos|Protect|p2b: Terapagos
|-singleturn|p2b: Terapagos|Protect
|move|p2a: Incineroar|Knock Off|p1a: Incineroar
|-resisted|p1a: Incineroar
|-damage|p1a: Incineroar|80/100
|-enditem|p1a: Incineroar|Safety Goggles|[from] move: Knock Off|[of] p2a: Incineroar
|move|p1a: Incineroar|Parting Shot|p2b: Terapagos
|-activate|p2b: Terapagos|move: Protect
|
|upkeep
|turn|4
|
|t:|1750813489
|-end|p1b: Flutter Mane|Protosynthesis|[silent]
|switch|p1b: Miraidon|Miraidon, L50|100/100
|-fieldstart|move: Electric Terrain|[from] ability: Hadron Engine|[of] p1b: Miraidon
|-terastallize|p2b: Terapagos|Stellar
|detailschange|p2b: Terapagos|Terapagos-Stellar, L50, M, tera:Stellar
|-heal|p2b: Terapagos|83/100|[silent]
|-ability|p2b: Terapagos|Teraform Zero
|-fieldend|move: Electric Terrain
|move|p2a: Incineroar|Parting Shot|p1a: Incineroar
|-unboost|p1a: Incineroar|atk|1
|-unboost|p1a: Incineroar|spa|1
|
|t:|1750813503
|switch|p2a: Calyrex|Calyrex-Shadow, L50|100/100|[from] Parting Shot
|-ability|p2a: Calyrex|As One
|-ability|p2a: Calyrex|Unnerve
|move|p1a: Incineroar|Parting Shot|p2b: Terapagos
|-unboost|p2b: Terapagos|atk|1
|-unboost|p2b: Terapagos|spa|1
|
|t:|1750813514
|switch|p1a: Groudon|Groudon, L50|100/100|[from] Parting Shot
|-weather|SunnyDay|[from] ability: Drought|[of] p1a: Groudon
|move|p2b: Terapagos|Tera Starstorm|p1a: Groudon|[spread] p1a,p1b
|-damage|p1a: Groudon|52/100
|-damage|p1b: Miraidon|50/100
|
|-weather|SunnyDay|[upkeep]
|upkeep
|turn|5
|inactive|Yuliis has 30 seconds left.
|
|t:|1750813548
|move|p2b: Terapagos|Protect|p2b: Terapagos
|-singleturn|p2b: Terapagos|Protect
|move|p2a: Calyrex|Astral Barrage|p1b: Miraidon|[spread] p1a,p1b
|-damage|p1a: Groudon|0 fnt
|-damage|p1b: Miraidon|0 fnt
|faint|p1a: Groudon
|faint|p1b: Miraidon
|-ability|p2a: Calyrex|Grim Neigh|boost
|-boost|p2a: Calyrex|spa|2
|-damage|p2a: Calyrex|91/100|[from] item: Life Orb
|
|-weather|SunnyDay|[upkeep]
|upkeep
|
|t:|1750813556
|switch|p1b: Flutter Mane|Flutter Mane, L50, shiny|24/100
|switch|p1a: Incineroar|Incineroar, L50, F|80/100
|-ability|p1a: Incineroar|Intimidate|boost
|-unboost|p2a: Calyrex|atk|1
|-unboost|p2b: Terapagos|atk|1
|-activate|p1b: Flutter Mane|ability: Protosynthesis
|-start|p1b: Flutter Mane|protosynthesisspe
|turn|6
|
|t:|1750813577
|move|p2a: Calyrex|Protect|p2a: Calyrex
|-singleturn|p2a: Calyrex|Protect
|move|p1b: Flutter Mane|Shadow Ball|p2a: Calyrex
|-activate|p2a: Calyrex|move: Protect
|move|p1a: Incineroar|Knock Off|p2b: Terapagos
|-damage|p2b: Terapagos|67/100
|move|p2b: Terapagos|Tera Starstorm|p1a: Incineroar|[spread] p1a,p1b
|-damage|p1a: Incineroar|36/100
|-damage|p1b: Flutter Mane|0 fnt
|faint|p1b: Flutter Mane
|-end|p1b: Flutter Mane|Protosynthesis|[silent]
|
|-weather|SunnyDay|[upkeep]
|upkeep
|turn|7
|-message|Yuliis forfeited.
|
|win|regieternal
|raw|Yuliis's rating: 1151 &rarr; <strong>1120</strong><br />(-31 for losing)
|raw|regieternal's rating: 1066 &rarr; <strong>1103</strong><br />(+37 for winning)
|l|‽Yuliis
|player|p1|
