|j|☆KogaAF1219
|j|☆queen_lel
|t:|1750863123
|gametype|doubles
|player|p1|KogaAF1219|koga|1348
|player|p2|queen_lel|169|1269
|teamsize|p1|6
|teamsize|p2|6
|gen|9
|tier|[Gen 9] VGC 2025 Reg I
|rated|
|rule|Species Clause: Limit one of each Pokémon
|rule|Item Clause: Limit 1 of each item
|clearpoke
|poke|p1|Indeedee, L50, M|
|poke|p1|Illumise, L50, F|
|poke|p1|Kyogre, L50|
|poke|p1|Gastrodon, L50, M|
|poke|p1|Urshifu-*, L50, M|
|poke|p1|Calyrex-Shadow, L50|
|poke|p2|Zamazenta-*, L50|
|poke|p2|Volcarona, L50, M|
|poke|p2|Calyrex-Shadow, L50|
|poke|p2|Ogerpon-Wellspring, L50, F|
|poke|p2|Rillaboom, L50, M|
|poke|p2|Iron Hands, L50|
|teampreview|4
|inactive|Battle timer is ON: inactive players will automatically lose when time's up. (requested by queen_lel)
|inactive|KogaAF1219 has 60 seconds left.
|
|t:|1750863158
|start
|switch|p1a: Illumise|Illumise, L50, F|100/100
|switch|p1b: Urshifu|Urshifu, L50, M|100/100
|switch|p2a: Volcarona|Volcarona, L50, M|100/100
|switch|p2b: Zamazenta|Zamazenta-Crowned, L50|100/100
|-ability|p2b: Zamazenta|Dauntless Shield|boost
|-boost|p2b: Zamazenta|def|1
|turn|1
|inactive|queen_lel has 30 seconds left.
|
|t:|1750863188
|switch|p1b: Calyrex|Calyrex-Shadow, L50|100/100
|-ability|p1b: Calyrex|As One
|-ability|p1b: Calyrex|Unnerve
|-terastallize|p2a: Volcarona|Water
|move|p2a: Volcarona|Rage Powder|p2a: Volcarona
|-singleturn|p2a: Volcarona|move: Rage Powder
|move|p2b: Zamazenta|Body Press|p1b: Calyrex
|-immune|p1b: Calyrex
|move|p1a: Illumise|Infestation|p2a: Volcarona
|-damage|p2a: Volcarona|96/100
|-activate|p2a: Volcarona|move: Infestation|[of] p1a: Illumise
|-damage|p1a: Illumise|84/100|[from] item: Rocky Helmet|[of] p2a: Volcarona
|
|-damage|p2a: Volcarona|84/100|[from] move: Infestation|[partiallytrapped]
|upkeep
|turn|2
|inactive|KogaAF1219 has 30 seconds left.
|
|t:|1750863215
|move|p1b: Calyrex|Protect|p1b: Calyrex
|-singleturn|p1b: Calyrex|Protect
|move|p2b: Zamazenta|Protect|p2b: Zamazenta
|-singleturn|p2b: Zamazenta|Protect
|move|p2a: Volcarona|Struggle Bug|p1a: Illumise|[spread] p1a
|-activate|p1b: Calyrex|move: Protect
|-damage|p1a: Illumise|71/100
|move|p1a: Illumise|Infestation|p2b: Zamazenta
|-activate|p2b: Zamazenta|move: Protect
|
|-damage|p2a: Volcarona|72/100|[from] move: Infestation|[partiallytrapped]
|upkeep
|turn|3
|
|t:|1750863237
|move|p1b: Calyrex|Tera Blast|p2a: Volcarona
|-damage|p2a: Volcarona|40/100
|-damage|p1b: Calyrex|91/100|[from] item: Life Orb
|move|p2b: Zamazenta|Body Press|p1a: Illumise
|-resisted|p1a: Illumise
|-damage|p1a: Illumise|26/100
|move|p2a: Volcarona|Struggle Bug|p1b: Calyrex|[spread] p1a,p1b
|-damage|p1a: Illumise|12/100
|-damage|p1b: Calyrex|74/100
|-unboost|p1b: Calyrex|spa|1
|move|p1a: Illumise|Infestation|p2a: Volcarona
|-damage|p2a: Volcarona|36/100
|-damage|p1a: Illumise|0 fnt|[from] item: Rocky Helmet|[of] p2a: Volcarona
|faint|p1a: Illumise
|
|-end|p2a: Volcarona|Infestation|[partiallytrapped]|[silent]
|upkeep
|
|t:|1750863250
|switch|p1a: Kyogre|Kyogre, L50|100/100
|-weather|RainDance|[from] ability: Drizzle|[of] p1a: Kyogre
|turn|4
|inactive|queen_lel has 30 seconds left.
|inactive|queen_lel has 20 seconds left.
|
|t:|1750863287
|move|p2b: Zamazenta|Protect|p2b: Zamazenta
|-singleturn|p2b: Zamazenta|Protect
|move|p1a: Kyogre|Thunder|p2a: Volcarona
|-supereffective|p2a: Volcarona
|-damage|p2a: Volcarona|0 fnt
|faint|p2a: Volcarona
|move|p1b: Calyrex|Astral Barrage|p2b: Zamazenta
|-activate|p2b: Zamazenta|move: Protect
|
|-weather|RainDance|[upkeep]
|upkeep
|
|t:|1750863293
|switch|p2a: Calyrex|Calyrex-Shadow, L50|100/100
|-ability|p2a: Calyrex|As One
|-ability|p2a: Calyrex|Unnerve
|turn|5
|
|t:|1750863298
|-terastallize|p1b: Calyrex|Ground
|move|p1a: Kyogre|Thunder|p2a: Calyrex
|-damage|p2a: Calyrex|58/100
|-status|p2a: Calyrex|par
|move|p1b: Calyrex|Tera Blast|p2a: Calyrex|[anim] Tera Blast Ground
|-damage|p2a: Calyrex|13/100 par
|-damage|p1b: Calyrex|64/100|[from] item: Life Orb
|move|p2b: Zamazenta|Body Press|p1a: Kyogre
|-crit|p1a: Kyogre
|-damage|p1a: Kyogre|0 fnt
|faint|p1a: Kyogre
|move|p2a: Calyrex|Astral Barrage|p1b: Calyrex
|-damage|p1b: Calyrex|0 fnt
|faint|p1b: Calyrex
|-ability|p2a: Calyrex|Grim Neigh|boost
|-boost|p2a: Calyrex|spa|1
|
|-weather|RainDance|[upkeep]
|upkeep
|
|t:|1750863305
|switch|p1b: Urshifu|Urshifu, L50, M|100/100
|turn|6
|-message|KogaAF1219 forfeited.
|
|win|queen_lel
|raw|KogaAF1219's rating: 1348 &rarr; <strong>1324</strong><br />(-24 for losing)
|raw|queen_lel's rating: 1269 &rarr; <strong>1300</strong><br />(+31 for winning)
|l|☆KogaAF1219
|player|p1|
|l|☆queen_lel
|player|p2|
