|j|☆AngelilloVGC
|j|☆Kasmir7
|t:|1750817387
|gametype|doubles
|player|p1|AngelilloVGC|2|1233
|player|p2|Kasmir7|rood|1272
|teamsize|p1|6
|teamsize|p2|6
|gen|9
|tier|[Gen 9] VGC 2025 Reg I
|rated|
|rule|Species Clause: Limit one of each Pokémon
|rule|Item Clause: Limit 1 of each item
|clearpoke
|poke|p1|Miraidon, L50|
|poke|p1|Kyurem-White, L50|
|poke|p1|Ninetales-Alola, L50, F|
|poke|p1|Rillaboom, L50, F|
|poke|p1|Suicune, L50|
|poke|p1|Incineroar, L50, M|
|poke|p2|Calyrex-Shadow, L50|
|poke|p2|Bruxish, L50, F|
|poke|p2|Indeedee-F, L50, F|
|poke|p2|Kyogre, L50|
|poke|p2|Urshifu-*, L50, M|
|poke|p2|Grimmsnarl, L50, M|
|teampreview|4
|inactive|Battle timer is ON: inactive players will automatically lose when time's up. (requested by AngelilloVGC)
|
|t:|1750817412
|start
|switch|p1a: Miraidon|Miraidon, L50|100/100
|switch|p1b: Ninetales|Ninetales-Alola, L50, F|100/100
|switch|p2a: Calyrex|Calyrex-Shadow, L50|100/100
|switch|p2b: Bruxish|Bruxish, L50, F|100/100
|-ability|p2a: Calyrex|As One
|-ability|p2a: Calyrex|Unnerve
|-fieldstart|move: Electric Terrain|[from] ability: Hadron Engine|[of] p1a: Miraidon
|-weather|Snowscape|[from] ability: Snow Warning|[of] p1b: Ninetales
|turn|1
|
|t:|1750817425
|-terastallize|p2a: Calyrex|Fire
|move|p1a: Miraidon|Volt Switch|p2b: Bruxish
|-supereffective|p2b: Bruxish
|-damage|p2b: Bruxish|0 fnt
|faint|p2b: Bruxish
|
|t:|1750817432
|switch|p1a: Suicune|Suicune, L50, shiny|100/100|[from] Volt Switch
|move|p2a: Calyrex|Expanding Force|p1a: Suicune
|-damage|p1a: Suicune|69/100
|move|p1b: Ninetales|Aurora Veil|p1b: Ninetales
|-sidestart|p1: AngelilloVGC|move: Aurora Veil
|
|-weather|Snowscape|[upkeep]
|-heal|p1a: Suicune|74/100|[from] item: Leftovers
|upkeep
|
|t:|1750817444
|switch|p2b: Kyogre|Kyogre, L50|100/100
|-weather|RainDance|[from] ability: Drizzle|[of] p2b: Kyogre
|turn|2
|
|t:|1750817458
|move|p2a: Calyrex|Encore|p1b: Ninetales
|-start|p1b: Ninetales|Encore
|move|p1b: Ninetales|Aurora Veil||[still]
|-fail|p1b: Ninetales
|move|p2b: Kyogre|Calm Mind|p2b: Kyogre
|-boost|p2b: Kyogre|spa|1
|-boost|p2b: Kyogre|spd|1
|move|p1a: Suicune|Snarl|p2a: Calyrex|[spread] p2a,p2b
|-damage|p2a: Calyrex|92/100
|-damage|p2b: Kyogre|96/100
|-unboost|p2a: Calyrex|spa|1
|-unboost|p2b: Kyogre|spa|1
|
|-weather|RainDance|[upkeep]
|-heal|p2b: Kyogre|100/100|[from] item: Leftovers
|-heal|p1a: Suicune|80/100|[from] item: Leftovers
|upkeep
|turn|3
|
|t:|1750817481
|switch|p1b: Miraidon|Miraidon, L50|100/100
|-activate|p1b: Miraidon|ability: Hadron Engine
|move|p2a: Calyrex|Astral Barrage|p1b: Miraidon|[spread] p1a,p1b
|-damage|p1a: Suicune|64/100
|-damage|p1b: Miraidon|81/100
|move|p2b: Kyogre|Calm Mind|p2b: Kyogre
|-boost|p2b: Kyogre|spa|1
|-boost|p2b: Kyogre|spd|1
|move|p1a: Suicune|Snarl|p2b: Kyogre|[spread] p2a,p2b
|-damage|p2a: Calyrex|83/100
|-damage|p2b: Kyogre|97/100
|-unboost|p2a: Calyrex|spa|1
|-unboost|p2b: Kyogre|spa|1
|
|-weather|RainDance|[upkeep]
|-heal|p2b: Kyogre|100/100|[from] item: Leftovers
|-heal|p1a: Suicune|70/100|[from] item: Leftovers
|upkeep
|turn|4
|inactive|AngelilloVGC has 30 seconds left.
|
|t:|1750817509
|move|p2b: Kyogre|Protect|p2b: Kyogre
|-singleturn|p2b: Kyogre|Protect
|move|p1b: Miraidon|Volt Switch|p2a: Calyrex
|-damage|p2a: Calyrex|12/100
|
|t:|1750817515
|switch|p1b: Ninetales|Ninetales-Alola, L50, F|100/100|[from] Volt Switch
|-weather|Snowscape|[from] ability: Snow Warning|[of] p1b: Ninetales
|move|p2a: Calyrex|Astral Barrage|p1b: Ninetales|[spread] p1a,p1b
|-damage|p1a: Suicune|58/100
|-damage|p1b: Ninetales|79/100
|move|p1a: Suicune|Snarl|p2a: Calyrex|[spread] p2a
|-activate|p2b: Kyogre|move: Protect
|-damage|p2a: Calyrex|3/100
|-unboost|p2a: Calyrex|spa|1
|
|-weather|Snowscape|[upkeep]
|-heal|p1a: Suicune|63/100|[from] item: Leftovers
|upkeep
|turn|5
|
|t:|1750817532
|switch|p2a: Indeedee|Indeedee-F, L50, F|100/100
|-fieldstart|move: Psychic Terrain|[from] ability: Psychic Surge|[of] p2a: Indeedee
|-enditem|p2a: Indeedee|Psychic Seed
|-boost|p2a: Indeedee|spd|1|[from] item: Psychic Seed
|move|p1b: Ninetales|Icy Wind|p2a: Indeedee|[spread] p2a,p2b
|-resisted|p2b: Kyogre
|-damage|p2a: Indeedee|95/100
|-damage|p2b: Kyogre|98/100
|-unboost|p2a: Indeedee|spe|1
|-unboost|p2b: Kyogre|spe|1
|move|p1a: Suicune|Snarl|p2a: Indeedee|[spread] p2a,p2b
|-supereffective|p2a: Indeedee
|-damage|p2a: Indeedee|85/100
|-damage|p2b: Kyogre|95/100
|-unboost|p2a: Indeedee|spa|1
|-unboost|p2b: Kyogre|spa|1
|move|p2b: Kyogre|Calm Mind|p2b: Kyogre
|-boost|p2b: Kyogre|spa|1
|-boost|p2b: Kyogre|spd|1
|
|-weather|Snowscape|[upkeep]
|-heal|p1a: Suicune|69/100|[from] item: Leftovers
|-heal|p2b: Kyogre|100/100|[from] item: Leftovers
|upkeep
|turn|6
|inactive|AngelilloVGC has 30 seconds left.
|inactive|AngelilloVGC has 20 seconds left.
|
|t:|1750817569
|switch|p1b: Miraidon|Miraidon, L50|81/100
|-fieldstart|move: Electric Terrain|[from] ability: Hadron Engine|[of] p1b: Miraidon
|move|p1a: Suicune|Snarl|p2b: Kyogre|[spread] p2a,p2b
|-supereffective|p2a: Indeedee
|-damage|p2a: Indeedee|75/100
|-damage|p2b: Kyogre|98/100
|-unboost|p2a: Indeedee|spa|1
|-unboost|p2b: Kyogre|spa|1
|move|p2b: Kyogre|Calm Mind|p2b: Kyogre
|-boost|p2b: Kyogre|spa|1
|-boost|p2b: Kyogre|spd|1
|move|p2a: Indeedee|Trick Room|p2a: Indeedee
|-fieldstart|move: Trick Room|[of] p2a: Indeedee
|
|-weather|Snowscape|[upkeep]
|-heal|p2b: Kyogre|100/100|[from] item: Leftovers
|-heal|p1a: Suicune|75/100|[from] item: Leftovers
|upkeep
|turn|7
|
|t:|1750817586
|-terastallize|p1b: Miraidon|Electric
|move|p2a: Indeedee|Helping Hand|p2b: Kyogre
|-singleturn|p2b: Kyogre|Helping Hand|[of] p2a: Indeedee
|move|p2b: Kyogre|Ice Beam|p1b: Miraidon
|-damage|p1b: Miraidon|50/100
|move|p1a: Suicune|Snarl|p2b: Kyogre|[spread] p2a,p2b
|-supereffective|p2a: Indeedee
|-damage|p2a: Indeedee|63/100
|-damage|p2b: Kyogre|98/100
|-unboost|p2a: Indeedee|spa|1
|-unboost|p2b: Kyogre|spa|1
|move|p1b: Miraidon|Electro Drift|p2b: Kyogre
|-supereffective|p2b: Kyogre
|-damage|p2b: Kyogre|2/100
|
|-weather|Snowscape|[upkeep]
|-heal|p2b: Kyogre|8/100|[from] item: Leftovers
|-heal|p1a: Suicune|81/100|[from] item: Leftovers
|upkeep
|turn|8
|
|t:|1750817605
|move|p2a: Indeedee|Helping Hand|p2b: Kyogre
|-singleturn|p2b: Kyogre|Helping Hand|[of] p2a: Indeedee
|move|p2b: Kyogre|Origin Pulse|p1a: Suicune|[spread] p1b
|-miss|p2b: Kyogre|p1a: Suicune
|-damage|p1b: Miraidon|23/100
|move|p1a: Suicune|Snarl|p2a: Indeedee|[spread] p2a,p2b
|-supereffective|p2a: Indeedee
|-damage|p2a: Indeedee|53/100
|-damage|p2b: Kyogre|6/100
|-unboost|p2a: Indeedee|spa|1
|-unboost|p2b: Kyogre|spa|1
|move|p1b: Miraidon|Electro Drift|p2a: Indeedee
|-damage|p2a: Indeedee|0 fnt
|faint|p2a: Indeedee
|
|-weather|none
|-heal|p2b: Kyogre|11/100|[from] item: Leftovers
|-heal|p1a: Suicune|86/100|[from] item: Leftovers
|-sideend|p1: AngelilloVGC|move: Aurora Veil
|upkeep
|
|t:|1750817614
|switch|p2a: Calyrex|Calyrex-Shadow, L50, tera:Fire|3/100
|-ability|p2a: Calyrex|As One
|-ability|p2a: Calyrex|Unnerve
|turn|9
|
|t:|1750817626
|switch|p1b: Ninetales|Ninetales-Alola, L50, F|79/100
|-weather|Snowscape|[from] ability: Snow Warning|[of] p1b: Ninetales
|move|p2b: Kyogre|Origin Pulse|p1b: Ninetales|[spread] p1a,p1b
|-resisted|p1a: Suicune
|-damage|p1a: Suicune|78/100
|-damage|p1b: Ninetales|53/100
|move|p1a: Suicune|Snarl|p2b: Kyogre|[spread] p2a,p2b
|-damage|p2a: Calyrex|0 fnt
|-damage|p2b: Kyogre|9/100
|-unboost|p2b: Kyogre|spa|1
|faint|p2a: Calyrex
|
|-weather|Snowscape|[upkeep]
|-heal|p2b: Kyogre|15/100|[from] item: Leftovers
|-heal|p1a: Suicune|84/100|[from] item: Leftovers
|upkeep
|turn|10
|-message|Kasmir7 forfeited.
|
|win|AngelilloVGC
|raw|AngelilloVGC's rating: 1233 &rarr; <strong>1261</strong><br />(+28 for winning)
|raw|Kasmir7's rating: 1272 &rarr; <strong>1244</strong><br />(-28 for losing)
|l|☆Kasmir7
|player|p2|
|l|☆AngelilloVGC
|player|p1|
