|j|☆infinitix
|j|☆MrCurtastic
|t:|1750727564
|gametype|doubles
|player|p1|infinitix|lucian|1318
|player|p2|MrCurtastic|2|1375
|teamsize|p1|6
|teamsize|p2|6
|gen|9
|tier|[Gen 9] VGC 2025 Reg I
|rated|
|rule|Species Clause: Limit one of each Pokémon
|rule|Item Clause: Limit 1 of each item
|clearpoke
|poke|p1|Calyrex-Ice, L50|
|poke|p1|Miraidon, L50|
|poke|p1|Ursaluna, L50, M|
|poke|p1|Volcarona, L50, F|
|poke|p1|Grimmsnarl, L50, M|
|poke|p1|Iron Hands, L50|
|poke|p2|Pyroar, L50, F|
|poke|p2|Solgaleo, L50|
|poke|p2|Chien-Pao, L50|
|poke|p2|Whimsicott, L50, M|
|poke|p2|Miraidon, L50|
|poke|p2|Ogerpon-Wellspring, L50, F|
|teampreview|4
|inactive|Battle timer is ON: inactive players will automatically lose when time's up. (requested by MrCurtastic)
|inactive|infinitix has 60 seconds left.
|inactive|infinitix has 30 seconds left.
|
|t:|1750727628
|start
|switch|p1a: Miraidon|Miraidon, L50|100/100
|switch|p1b: Calyrex|Calyrex-Ice, L50|100/100
|switch|p2a: Sarabi|Pyroar, L50, F|100/100
|switch|p2b: Mufasa|Solgaleo, L50|100/100
|-ability|p2a: Sarabi|Unnerve
|-ability|p1b: Calyrex|As One
|-ability|p1b: Calyrex|Unnerve
|-fieldstart|move: Electric Terrain|[from] ability: Hadron Engine|[of] p1a: Miraidon
|turn|1
|
|t:|1750727643
|move|p1b: Calyrex|Protect|p1b: Calyrex
|-singleturn|p1b: Calyrex|Protect
|move|p2a: Sarabi|Bulldoze|p1a: Miraidon|[spread] p2b,p1a
|-activate|p1b: Calyrex|move: Protect
|-supereffective|p2b: Mufasa
|-supereffective|p1a: Miraidon
|-damage|p2b: Mufasa|90/100
|-damage|p1a: Miraidon|90/100
|-unboost|p1a: Miraidon|spe|1
|-enditem|p2b: Mufasa|Weakness Policy
|-boost|p2b: Mufasa|atk|2|[from] item: Weakness Policy
|-boost|p2b: Mufasa|spa|2|[from] item: Weakness Policy
|move|p2b: Mufasa|Sunsteel Strike|p1b: Calyrex
|-activate|p1b: Calyrex|move: Protect
|move|p1a: Miraidon|Volt Switch|p2b: Mufasa
|-damage|p2b: Mufasa|0 fnt
|faint|p2b: Mufasa
|inactive|infinitix has 30 seconds left.
|
|t:|1750727669
|switch|p1a: Ursaluna|Ursaluna, L50, M|100/100|[from] Volt Switch
|
|-status|p1a: Ursaluna|brn|[from] item: Flame Orb
|upkeep
|
|t:|1750727674
|switch|p2b: Rafiki|Ogerpon-Wellspring, L50, F|100/100
|turn|2
|
|t:|1750727681
|-terastallize|p2b: Rafiki|Water
|detailschange|p2b: Rafiki|Ogerpon-Wellspring-Tera, L50, F, tera:Water
|-ability|p2b: Rafiki|Embody Aspect (Wellspring)|boost
|-boost|p2b: Rafiki|spd|1
|-terastallize|p1b: Calyrex|Water
|move|p1a: Ursaluna|Protect|p1a: Ursaluna
|-singleturn|p1a: Ursaluna|Protect
|move|p2a: Sarabi|Endeavor|p1b: Calyrex
|-damage|p1b: Calyrex|72/100
|move|p2b: Rafiki|Ivy Cudgel|p1a: Ursaluna|[anim] Ivy Cudgel Water
|-activate|p1a: Ursaluna|move: Protect
|move|p1b: Calyrex|Trick Room|p1b: Calyrex
|-fieldstart|move: Trick Room|[of] p1b: Calyrex
|
|-heal|p1b: Calyrex|78/100|[from] item: Leftovers
|-damage|p1a: Ursaluna|95/100 brn|[from] brn
|upkeep
|turn|3
|inactive|infinitix has 30 seconds left.
|
|t:|1750727713
|move|p2b: Rafiki|Spiky Shield|p2b: Rafiki
|-singleturn|p2b: Rafiki|move: Protect
|move|p1b: Calyrex|Leech Seed|p2b: Rafiki
|-activate|p2b: Rafiki|move: Protect
|move|p1a: Ursaluna|Facade|p2a: Sarabi
|-enditem|p2a: Sarabi|Focus Sash
|-damage|p2a: Sarabi|1/100
|move|p2a: Sarabi|Endeavor|p1a: Ursaluna
|-damage|p1a: Ursaluna|1/100 brn
|
|-heal|p1b: Calyrex|83/100|[from] item: Leftovers
|-damage|p1a: Ursaluna|0 fnt|[from] brn
|faint|p1a: Ursaluna
|upkeep
|inactive|infinitix has 30 seconds left.
|
|t:|1750727739
|switch|p1a: Iron Hands|Iron Hands, L50|100/100
|-activate|p1a: Iron Hands|ability: Quark Drive
|-start|p1a: Iron Hands|quarkdriveatk
|turn|4
|
|t:|1750727747
|move|p2a: Sarabi|Protect|p2a: Sarabi
|-singleturn|p2a: Sarabi|Protect
|move|p1a: Iron Hands|Fake Out|p2a: Sarabi
|-activate|p2a: Sarabi|move: Protect
|move|p1b: Calyrex|Leech Seed|p2b: Rafiki
|-start|p2b: Rafiki|move: Leech Seed
|move|p2b: Rafiki|Horn Leech|p1b: Calyrex
|-supereffective|p1b: Calyrex
|-damage|p1b: Calyrex|31/100
|
|-heal|p1b: Calyrex|37/100|[from] item: Leftovers
|-damage|p2b: Rafiki|88/100|[from] Leech Seed|[of] p1b: Calyrex
|-heal|p1b: Calyrex|48/100|[silent]
|upkeep
|turn|5
|
|t:|1750727768
|move|p1b: Calyrex|Protect|p1b: Calyrex
|-singleturn|p1b: Calyrex|Protect
|move|p2a: Sarabi|Protect||[still]
|-fail|p2a: Sarabi
|move|p1a: Iron Hands|Low Kick|p2a: Sarabi
|-supereffective|p2a: Sarabi
|-damage|p2a: Sarabi|0 fnt
|faint|p2a: Sarabi
|move|p2b: Rafiki|Ivy Cudgel|p1a: Iron Hands|[anim] Ivy Cudgel Water
|-damage|p1a: Iron Hands|49/100
|
|-heal|p1b: Calyrex|54/100|[from] item: Leftovers
|-damage|p2b: Rafiki|76/100|[from] Leech Seed|[of] p1b: Calyrex
|-heal|p1b: Calyrex|65/100|[silent]
|-fieldend|move: Electric Terrain
|-end|p1a: Iron Hands|Quark Drive
|upkeep
|
|t:|1750727779
|switch|p2a: Timon|Miraidon, L50|100/100
|-fieldstart|move: Electric Terrain|[from] ability: Hadron Engine|[of] p2a: Timon
|-activate|p1a: Iron Hands|ability: Quark Drive
|-start|p1a: Iron Hands|quarkdriveatk
|turn|6
|
|t:|1750727799
|move|p1b: Calyrex|Glacial Lance|p2a: Timon|[spread] p2a,p2b
|-supereffective|p2a: Timon
|-resisted|p2b: Rafiki
|-damage|p2a: Timon|6/100
|-damage|p2b: Rafiki|50/100
|move|p1a: Iron Hands|Low Kick|p2a: Timon
|-damage|p2a: Timon|0 fnt
|faint|p2a: Timon
|move|p2b: Rafiki|Horn Leech|p1b: Calyrex
|-supereffective|p1b: Calyrex
|-damage|p1b: Calyrex|8/100
|-heal|p2b: Rafiki|82/100|[from] drain|[of] p1b: Calyrex
|
|-heal|p1b: Calyrex|14/100|[from] item: Leftovers
|-damage|p2b: Rafiki|69/100|[from] Leech Seed|[of] p1b: Calyrex
|-heal|p1b: Calyrex|25/100|[silent]
|-fieldend|move: Trick Room
|upkeep
|turn|7
|
|t:|1750727818
|move|p1b: Calyrex|Protect|p1b: Calyrex
|-singleturn|p1b: Calyrex|Protect
|move|p2b: Rafiki|Ivy Cudgel|p1a: Iron Hands|[anim] Ivy Cudgel Water
|-damage|p1a: Iron Hands|0 fnt
|faint|p1a: Iron Hands
|-end|p1a: Iron Hands|Quark Drive|[silent]
|
|-heal|p1b: Calyrex|31/100|[from] item: Leftovers
|-damage|p2b: Rafiki|57/100|[from] Leech Seed|[of] p1b: Calyrex
|-heal|p1b: Calyrex|42/100|[silent]
|upkeep
|
|t:|1750727827
|switch|p1a: Miraidon|Miraidon, L50|90/100
|-activate|p1a: Miraidon|ability: Hadron Engine
|turn|8
|
|t:|1750727834
|move|p1a: Miraidon|Electro Drift|p2b: Rafiki
|-supereffective|p2b: Rafiki
|-damage|p2b: Rafiki|0 fnt
|faint|p2b: Rafiki
|detailschange|p2: Rafiki|Ogerpon-Wellspring, L50, F|[silent]
|
|win|infinitix
|raw|infinitix's rating: 1318 &rarr; <strong>1341</strong><br />(+23 for winning)
|raw|MrCurtastic's rating: 1375 &rarr; <strong>1352</strong><br />(-23 for losing)
|l|☆MrCurtastic
|player|p2|
|l|☆infinitix
|player|p1|
