|j|☆Marcel113
|j|☆broodedgy
|t:|1750873313
|gametype|doubles
|player|p1|Marcel113|266|1477
|player|p2|broodedgy|266|1579
|teamsize|p1|6
|teamsize|p2|6
|gen|9
|tier|[Gen 9] VGC 2025 Reg I
|rated|
|rule|Species Clause: Limit one of each Pokémon
|rule|Item Clause: Limit 1 of each item
|clearpoke
|poke|p1|Miraidon, L50|
|poke|p1|Incineroar, L50, F|
|poke|p1|Primarina, L50, F|
|poke|p1|Gothitelle, L50, F|
|poke|p1|Landorus, L50, M|
|poke|p1|Calyrex-Ice, L50|
|poke|p2|Farigiraf, L50, F|
|poke|p2|Miraidon, L50|
|poke|p2|Rayquaza, L50|
|poke|p2|Iron Hands, L50|
|poke|p2|Volcarona, L50, F|
|poke|p2|Ogerpon-Wellspring, L50, F|
|teampreview|4
|inactive|Battle timer is ON: inactive players will automatically lose when time's up. (requested by broodedgy)
Marcel113 has agreed to open team sheets.
|inactive|broodedgy has 60 seconds left.
|
|t:|1750873356
|start
|switch|p1a: Incineroar|Incineroar, L50, F|100/100
|switch|p1b: Calyrex|Calyrex-Ice, L50|100/100
|switch|p2a: Miraidon|Miraidon, L50|100/100
|switch|p2b: Rayquaza|Rayquaza, L50|100/100
|-ability|p1b: Calyrex|As One
|-ability|p1b: Calyrex|Unnerve
|-fieldstart|move: Electric Terrain|[from] ability: Hadron Engine|[of] p2a: Miraidon
|-ability|p2b: Rayquaza|Air Lock
|-ability|p1a: Incineroar|Intimidate|boost
|-unboost|p2a: Miraidon|atk|1
|-unboost|p2b: Rayquaza|atk|1
|turn|1
|
|t:|1750873375
|-terastallize|p2a: Miraidon|Electric
|-terastallize|p1b: Calyrex|Water
|move|p1a: Incineroar|Fake Out|p2a: Miraidon
|-damage|p2a: Miraidon|91/100
|cant|p2a: Miraidon|flinch
|move|p2b: Rayquaza|U-turn|p1b: Calyrex
|-damage|p1b: Calyrex|82/100
|
|t:|1750873381
|switch|p2b: Iron Hands|Iron Hands, L50|100/100|[from] U-turn
|-activate|p2b: Iron Hands|ability: Quark Drive
|-start|p2b: Iron Hands|quarkdriveatk
|move|p1b: Calyrex|Glacial Lance|p2a: Miraidon|[spread] p2a,p2b
|-damage|p2a: Miraidon|10/100
|-damage|p2b: Iron Hands|41/100
|
|upkeep
|turn|2
|inactive|Marcel113 has 30 seconds left.
|inactive|broodedgy has 30 seconds left.
|
|t:|1750873409
|switch|p1b: Landorus|Landorus, L50, M|100/100
|move|p2a: Miraidon|Electro Drift|p1a: Incineroar
|-damage|p1a: Incineroar|5/100
|move|p1a: Incineroar|Flare Blitz|p2a: Miraidon
|-damage|p2a: Miraidon|0 fnt
|faint|p2a: Miraidon
|-damage|p1a: Incineroar|2/100|[from] Recoil
|move|p2b: Iron Hands|Drain Punch|p1a: Incineroar
|-supereffective|p1a: Incineroar
|-damage|p1a: Incineroar|0 fnt
|-heal|p2b: Iron Hands|42/100|[from] drain|[of] p1a: Incineroar
|faint|p1a: Incineroar
|
|upkeep
|
|t:|1750873430
|switch|p2a: Rayquaza|Rayquaza, L50|100/100
|switch|p1a: Gothitelle|Gothitelle, L50, F|100/100
|-ability|p2a: Rayquaza|Air Lock
|turn|3
|
|t:|1750873447
|move|p1a: Gothitelle|Fake Out|p2a: Rayquaza
|-damage|p2a: Rayquaza|95/100
|cant|p2a: Rayquaza|flinch
|move|p1b: Landorus|Earth Power|p2b: Iron Hands
|-supereffective|p2b: Iron Hands
|-damage|p2b: Iron Hands|0 fnt
|faint|p2b: Iron Hands
|-end|p2b: Iron Hands|Quark Drive|[silent]
|
|upkeep
|
|t:|1750873452
|switch|p2b: Volcarona|Volcarona, L50, F|100/100
|turn|4
|inactive|Marcel113 has 30 seconds left.
|
|t:|1750873478
|switch|p1a: Calyrex|Calyrex-Ice, L50, tera:Water|82/100
|-ability|p1a: Calyrex|As One
|-ability|p1a: Calyrex|Unnerve
|move|p2b: Volcarona|Rage Powder|p2b: Volcarona
|-singleturn|p2b: Volcarona|move: Rage Powder
|move|p2a: Rayquaza|Dragon Ascent|p1b: Landorus
|-damage|p1b: Landorus|0 fnt
|-unboost|p2a: Rayquaza|def|1
|-unboost|p2a: Rayquaza|spd|1
|faint|p1b: Landorus
|
|upkeep
|
|t:|1750873489
|switch|p1b: Gothitelle|Gothitelle, L50, F|100/100
|turn|5
|
|t:|1750873500
|move|p1b: Gothitelle|Fake Out|p2a: Rayquaza
|-damage|p2a: Rayquaza|87/100
|cant|p2a: Rayquaza|flinch
|move|p2b: Volcarona|Flamethrower|p1a: Calyrex
|-resisted|p1a: Calyrex
|-damage|p1a: Calyrex|68/100
|move|p1a: Calyrex|Glacial Lance|p2b: Volcarona|[spread] p2a,p2b
|-supereffective|p2a: Rayquaza
|-resisted|p2b: Volcarona
|-damage|p2a: Rayquaza|0 fnt
|-damage|p2b: Volcarona|57/100
|faint|p2a: Rayquaza
|-ability|p1a: Calyrex|Chilling Neigh|boost
|-boost|p1a: Calyrex|atk|1
|
|-fieldend|move: Electric Terrain
|upkeep
|turn|6
|-message|broodedgy forfeited.
|
|win|Marcel113
|raw|Marcel113's rating: 1477 &rarr; <strong>1503</strong><br />(+26 for winning)
|raw|broodedgy's rating: 1579 &rarr; <strong>1553</strong><br />(-26 for losing)
|l|☆broodedgy
|player|p2|
