|j|☆bodeylee
|j|☆NarutoUzumaki1234
|t:|1750742833
|gametype|doubles
|player|p1|bodeylee|169|1152
|player|p2|NarutoUzumaki1234|1|1135
|teamsize|p1|6
|teamsize|p2|6
|gen|9
|tier|[Gen 9] VGC 2025 Reg I
|rated|
|rule|Species Clause: Limit one of each Pokémon
|rule|Item Clause: Limit 1 of each item
|clearpoke
|poke|p1|Cloyster, L50, M|
|poke|p1|Palkia, L50|
|poke|p1|Medicham, L50, M|
|poke|p1|Vaporeon, L50, M|
|poke|p1|Enamorus, L50, F|
|poke|p1|Lunala, L50|
|poke|p2|Decidueye-Hisui, L50, M|
|poke|p2|Calyrex-Ice, L50|
|poke|p2|Primarina, L50, F|
|poke|p2|Skeledirge, L50, M|
|poke|p2|Necrozma-Dusk-Mane, L50|
|poke|p2|Amoonguss, L50, M|
|teampreview|4
|
|t:|1750742868
|start
|switch|p1a: Toyinthedresser|Medicham, L50, M|100/100
|switch|p1b: Vag|Cloyster, L50, M|100/100
|switch|p2a: Calyrex|Calyrex-Ice, L50|100/100
|switch|p2b: Amoonguss|Amoonguss, L50, M|100/100
|-ability|p2a: Calyrex|As One
|-ability|p2a: Calyrex|Unnerve
|turn|1
|
|t:|1750742891
|move|p1a: Toyinthedresser|Fake Out|p2b: Amoonguss
|-damage|p2b: Amoonguss|85/100
|cant|p2b: Amoonguss|flinch
|move|p1b: Vag|Icicle Spear|p2b: Amoonguss
|-supereffective|p2b: Amoonguss
|-damage|p2b: Amoonguss|66/100
|-supereffective|p2b: Amoonguss
|-damage|p2b: Amoonguss|47/100
|-supereffective|p2b: Amoonguss
|-damage|p2b: Amoonguss|25/100
|-supereffective|p2b: Amoonguss
|-damage|p2b: Amoonguss|6/100
|-supereffective|p2b: Amoonguss
|-damage|p2b: Amoonguss|0 fnt
|faint|p2b: Amoonguss
|-hitcount|p2: Amoonguss|5
|move|p2a: Calyrex|Trick Room|p2a: Calyrex
|-fieldstart|move: Trick Room|[of] p2a: Calyrex
|
|upkeep
|
|t:|1750742910
|switch|p2b: Decidueye|Decidueye-Hisui, L50, M|100/100
|turn|2
|
|t:|1750742938
|-terastallize|p1a: Toyinthedresser|Fire
|move|p2a: Calyrex|Glacial Lance|p1b: Vag|[spread] p1a,p1b
|-resisted|p1a: Toyinthedresser
|-resisted|p1b: Vag
|-damage|p1a: Toyinthedresser|55/100
|-damage|p1b: Vag|91/100
|move|p2b: Decidueye|Triple Arrows|p1b: Vag
|-supereffective|p1b: Vag
|-damage|p1b: Vag|30/100
|-unboost|p1b: Vag|def|1
|-enditem|p1b: Vag|White Herb
|-clearnegativeboost|p1b: Vag|[silent]
|move|p1b: Vag|Icicle Spear|p2b: Decidueye
|-supereffective|p2b: Decidueye
|-damage|p2b: Decidueye|75/100
|-supereffective|p2b: Decidueye
|-damage|p2b: Decidueye|49/100
|-supereffective|p2b: Decidueye
|-damage|p2b: Decidueye|25/100
|-supereffective|p2b: Decidueye
|-damage|p2b: Decidueye|0 fnt
|faint|p2b: Decidueye
|-hitcount|p2: Decidueye|4
|move|p1a: Toyinthedresser|Fire Punch|p2a: Calyrex
|-supereffective|p2a: Calyrex
|-damage|p2a: Calyrex|42/100
|
|upkeep
|
|t:|1750742962
|switch|p2b: Necrozma|Necrozma-Dusk-Mane, L50|100/100
|turn|3
|
|t:|1750742977
|move|p2b: Necrozma|Photon Geyser|p1a: Toyinthedresser
|-crit|p1a: Toyinthedresser
|-damage|p1a: Toyinthedresser|0 fnt
|faint|p1a: Toyinthedresser
|move|p2a: Calyrex|Body Press|p1b: Vag
|-supereffective|p1b: Vag
|-damage|p1b: Vag|0 fnt
|faint|p1b: Vag
|-ability|p2a: Calyrex|Chilling Neigh|boost
|-boost|p2a: Calyrex|atk|1
|
|upkeep
|
|t:|1750742990
|switch|p1b: Widesethips|Lunala, L50|100/100
|switch|p1a: Peen|Palkia, L50|100/100
|turn|4
|
|t:|1750743013
|-terastallize|p2b: Necrozma|Water
|move|p2b: Necrozma|Sunsteel Strike|p1a: Peen
|-resisted|p1a: Peen
|-damage|p1a: Peen|72/100
|move|p2a: Calyrex|Glacial Lance|p1a: Peen|[spread] p1a,p1b
|-damage|p1a: Peen|0 fnt
|-damage|p1b: Widesethips|61/100
|faint|p1a: Peen
|-ability|p2a: Calyrex|Chilling Neigh|boost
|-boost|p2a: Calyrex|atk|1
|move|p1b: Widesethips|Meteor Beam||[still]
|-prepare|p1b: Widesethips|Meteor Beam
|-boost|p1b: Widesethips|spa|1
|-enditem|p1b: Widesethips|Power Herb
|-anim|p1b: Widesethips|Meteor Beam|p2b: Necrozma
|-damage|p2b: Necrozma|45/100
|
|upkeep
|turn|5
|
|t:|1750743037
|move|p1b: Widesethips|Wide Guard|p1b: Widesethips
|-singleturn|p1b: Widesethips|Wide Guard
|move|p2b: Necrozma|Sunsteel Strike|p1b: Widesethips
|-damage|p1b: Widesethips|3/100
|move|p2a: Calyrex|Glacial Lance|p1b: Widesethips
|-activate|p1b: Widesethips|move: Wide Guard
|
|-fieldend|move: Trick Room
|upkeep
|turn|6
|
|t:|1750743065
|move|p1b: Widesethips|Moongeist Beam|p2a: Calyrex
|-supereffective|p2a: Calyrex
|-crit|p2a: Calyrex
|-damage|p2a: Calyrex|0 fnt
|faint|p2a: Calyrex
|move|p2b: Necrozma|Sunsteel Strike|p1b: Widesethips
|-damage|p1b: Widesethips|0 fnt
|faint|p1b: Widesethips
|
|win|NarutoUzumaki1234
|raw|bodeylee's rating: 1152 &rarr; <strong>1126</strong><br />(-26 for losing)
|raw|NarutoUzumaki1234's rating: 1135 &rarr; <strong>1161</strong><br />(+26 for winning)
|l|☆bodeylee
|player|p1|
|l|☆NarutoUzumaki1234
|player|p2|
