|j|☆forkuser1
|j|☆kommobestpseudo
|t:|1750746894
|gametype|doubles
|player|p1|forkuser1|lucas|
|player|p2|kommobestpseudo|nancy|
|teamsize|p1|6
|teamsize|p2|6
|gen|9
|tier|[Gen 9] VGC 2025 Reg I
|rated|Tournament battle
|rule|Species Clause: Limit one of each Pokémon
|rule|Item Clause: Limit 1 of each item
|raw|<div class="infobox"><details class="readmore" open><summary><strong>2 custom rules:</strong></summary> Force Open Team Sheets, !Open Team Sheets</details></div>
|clearpoke
|poke|p1|Miraidon, L50|
|poke|p1|Zamazenta-*, L50|
|poke|p1|Incineroar, L50, M|
|poke|p1|Chien-Pao, L50|
|poke|p1|Urshifu-*, L50, F|
|poke|p1|Rillaboom, L50, M|
|poke|p2|Golem-Alola, L50, F|
|poke|p2|Miraidon, L50|
|poke|p2|Rabsca, L50, F|
|poke|p2|Calyrex-Ice, L50|
|poke|p2|Tyranitar, L50, M|
|poke|p2|Iron Leaves, L50|
|teampreview|4
|showteam|p1|Miraidon||CovertCloak|HadronEngine|ElectroDrift,DragonPulse,CalmMind,Protect||||||50|,,,,,Fairy]Zamazenta-Crowned||RustedShield|DauntlessShield|BodyPress,HeavySlam,WideGuard,Protect||||||50|,,,,,Dragon]Incineroar||RockyHelmet|Intimidate|FakeOut,KnockOff,PartingShot,WillOWisp|||M|||50|,,,,,Bug]Chien-Pao||FocusSash|SwordofRuin|IcicleCrash,SuckerPunch,Crunch,Protect||||||50|,,,,,Ghost]Urshifu-Rapid-Strike||ChoiceScarf|UnseenFist|SurgingStrikes,CloseCombat,AquaJet,Uturn|||F|||50|,,,,,Water]Rillaboom||AssaultVest|GrassySurge|FakeOut,WoodHammer,GrassyGlide,Uturn|||M|||50|,,,,,Fire
|showteam|p2|Golem-Alola||ChoiceBand|Galvanize|Explosion,StoneEdge,DoubleEdge,RockSlide|||F|||50|,,,,,Electric]Miraidon||ChoiceScarf|HadronEngine|VoltSwitch,Snarl,DracoMeteor,ElectroDrift||||||50|,,,,,Electric]Rabsca||LeppaBerry|Telepathy|RevivalBlessing,BugBuzz,Protect,TrickRoom|||F|||50|,,,,,Dark]Calyrex-Ice||Leftovers|AsOneGlastrier|HighHorsepower,TrickRoom,GlacialLance,Protect||||||50|,,,,,Ground]Tyranitar||AssaultVest|SandStream|TeraBlast,KnockOff,RockSlide,HighHorsepower|||M|||50|,,,,,Fairy]Iron Leaves||LifeOrb|QuarkDrive|LeafBlade,Psyblade,CloseCombat,Protect||||||50|,,,,,Stellar
|j| Iamsliverfish
|j| sheepie_sheep
|c|☆forkuser1|wild team
|c| Iamsliverfish|I want to see fork explodes
|c|☆forkuser1|hf
|j| wowee20
|c|☆kommobestpseudo|my goal is just to boom once
|j| sirwoodie
|c| Iamsliverfish|I believe in you
|c|☆forkuser1|i hop you can achieve your goal :)
|c|☆forkuser1|*hope
|c| sirwoodie|stick a fork in em!
|c|☆forkuser1|why would i do that
|c|☆forkuser1|but i would most certainly give them one
|
|t:|1750746967
|start
|switch|p1a: Zamazenta|Zamazenta-Crowned, L50|100/100
|switch|p1b: Incineroar|Incineroar, L50, M|100/100
|switch|p2a: Miraidon|Miraidon, L50|100/100
|switch|p2b: Calyrex|Calyrex-Ice, L50|100/100
|-ability|p2b: Calyrex|As One
|-ability|p2b: Calyrex|Unnerve
|-fieldstart|move: Electric Terrain|[from] ability: Hadron Engine|[of] p2a: Miraidon
|-ability|p1a: Zamazenta|Dauntless Shield|boost
|-boost|p1a: Zamazenta|def|1
|-ability|p1b: Incineroar|Intimidate|boost
|-unboost|p2a: Miraidon|atk|1
|-unboost|p2b: Calyrex|atk|1
|turn|1
|j| SebasJck
|c| sheepie_sheep|ye fork needs to use the fork, not give it away
|c|☆forkuser1|but that's violent
|c| Iamsliverfish|fork him
|c|☆forkuser1|also i may be charged
|
|t:|1750747003
|move|p1b: Incineroar|Fake Out|p2a: Miraidon
|-damage|p2a: Miraidon|89/100
|cant|p2a: Miraidon|flinch
|move|p1a: Zamazenta|Body Press|p2a: Miraidon
|-damage|p2a: Miraidon|16/100
|move|p2b: Calyrex|Trick Room|p2b: Calyrex
|-fieldstart|move: Trick Room|[of] p2b: Calyrex
|
|upkeep
|turn|2
|
|t:|1750747026
|switch|p2b: Golem|Golem-Alola, L50, F|100/100
|switch|p2a: Rabsca|Rabsca, L50, F|100/100
|move|p1b: Incineroar|Knock Off|p2b: Golem
|-damage|p2b: Golem|71/100
|-enditem|p2b: Golem|Choice Band|[from] move: Knock Off|[of] p1b: Incineroar
|move|p1a: Zamazenta|Body Press|p2a: Rabsca
|-resisted|p2a: Rabsca
|-damage|p2a: Rabsca|81/100
|
|upkeep
|turn|3
|j| ShirtlessRayRizzo
|j| Calyrexsomid
|c|☆kommobestpseudo|do i click it?
|c|☆forkuser1|your choice
|
|t:|1750747072
|switch|p1b: Rillaboom|Rillaboom, L50, M|100/100
|-fieldstart|move: Grassy Terrain|[from] ability: Grassy Surge|[of] p1b: Rillaboom
|-terastallize|p2b: Golem|Electric
|move|p2b: Golem|Double-Edge|p1b: Rillaboom
|-resisted|p1b: Rillaboom
|-damage|p1b: Rillaboom|48/100
|-damage|p2b: Golem|52/100|[from] Recoil
|move|p2a: Rabsca|Bug Buzz|p1b: Rillaboom
|-supereffective|p1b: Rillaboom
|-damage|p1b: Rillaboom|0 fnt
|faint|p1b: Rillaboom
|move|p1a: Zamazenta|Body Press|p2b: Golem
|-damage|p2b: Golem|4/100
|
|-heal|p2b: Golem|10/100|[from] Grassy Terrain
|-heal|p2a: Rabsca|87/100|[from] Grassy Terrain
|upkeep
|j| wizzpower 2
|c|☆forkuser1|ow
|
|t:|1750747091
|switch|p1b: Incineroar|Incineroar, L50, M|100/100
|-ability|p1b: Incineroar|Intimidate|boost
|-unboost|p2a: Rabsca|atk|1
|-unboost|p2b: Golem|atk|1
|turn|4
|c| Iamsliverfish|EXPLODE FORK
|c| Iamsliverfish|AHHHHHHHH
|
|t:|1750747111
|switch|p2b: Miraidon|Miraidon, L50|16/100
|-fieldstart|move: Electric Terrain|[from] ability: Hadron Engine|[of] p2b: Miraidon
|move|p1a: Zamazenta|Wide Guard|p1a: Zamazenta
|-singleturn|p1a: Zamazenta|Wide Guard
|move|p2a: Rabsca|Bug Buzz|p1b: Incineroar
|-damage|p1b: Incineroar|57/100
|move|p1b: Incineroar|Knock Off|p2a: Rabsca
|-supereffective|p2a: Rabsca
|-damage|p2a: Rabsca|8/100
|-enditem|p2a: Rabsca|Leppa Berry|[from] move: Knock Off|[of] p1b: Incineroar
|
|upkeep
|turn|5
|j| mysticmarshtomp
|
|t:|1750747145
|switch|p2b: Calyrex|Calyrex-Ice, L50|100/100
|-ability|p2b: Calyrex|As One
|-ability|p2b: Calyrex|Unnerve
|move|p2a: Rabsca|Bug Buzz|p1b: Incineroar
|-damage|p1b: Incineroar|18/100
|move|p1b: Incineroar|Knock Off|p2a: Rabsca
|-supereffective|p2a: Rabsca
|-damage|p2a: Rabsca|0 fnt
|faint|p2a: Rabsca
|move|p1a: Zamazenta|Body Press|p2b: Calyrex
|-damage|p2b: Calyrex|57/100
|
|-heal|p2b: Calyrex|62/100|[from] item: Leftovers
|-fieldend|move: Trick Room
|upkeep
|j| orewayuji
|
|t:|1750747159
|switch|p2a: Miraidon|Miraidon, L50|16/100
|-activate|p2a: Miraidon|ability: Hadron Engine
|turn|6
|
|t:|1750747174
|move|p1a: Zamazenta|Protect|p1a: Zamazenta
|-singleturn|p1a: Zamazenta|Protect
|move|p2a: Miraidon|Draco Meteor|p1a: Zamazenta
|-activate|p1a: Zamazenta|move: Protect
|move|p1b: Incineroar|Knock Off|p2a: Miraidon
|-damage|p2a: Miraidon|0 fnt
|-enditem|p2a: Miraidon|Choice Scarf|[from] move: Knock Off|[of] p1b: Incineroar
|faint|p2a: Miraidon
|move|p2b: Calyrex|Trick Room|p2b: Calyrex
|-fieldstart|move: Trick Room|[of] p2b: Calyrex
|
|-heal|p2b: Calyrex|68/100|[from] item: Leftovers
|upkeep
|
|t:|1750747182
|switch|p2a: Golem|Golem-Alola, L50, F, tera:Electric|10/100
|turn|7
|c| Calyrexsomid|go boom
|c| Calyrexsomid|ignore the wide guard
|c|☆kommobestpseudo|nah
|c|☆kommobestpseudo|i wanna win too
|
|t:|1750747214
|-terastallize|p1a: Zamazenta|Dragon
|move|p2b: Calyrex|Protect|p2b: Calyrex
|-singleturn|p2b: Calyrex|Protect
|move|p2a: Golem|Explosion|p1b: Incineroar|[spread] p1a,p1b
|-activate|p2b: Calyrex|move: Protect
|-resisted|p1a: Zamazenta
|-damage|p1a: Zamazenta|55/100
|-damage|p1b: Incineroar|0 fnt
|faint|p2a: Golem
|faint|p1b: Incineroar
|move|p1a: Zamazenta|Body Press|p2b: Calyrex
|-activate|p2b: Calyrex|move: Protect
|
|-heal|p2b: Calyrex|74/100|[from] item: Leftovers
|upkeep
|
|t:|1750747221
|switch|p1b: Miraidon|Miraidon, L50|100/100
|-activate|p1b: Miraidon|ability: Hadron Engine
|turn|8
|c|☆kommobestpseudo|just kidding
|c|☆forkuser1|shouldve wide guarded
|l| Iamsliverfish
|c|☆forkuser1|im probably cooked
|
|t:|1750747247
|move|p1a: Zamazenta|Wide Guard|p1a: Zamazenta
|-singleturn|p1a: Zamazenta|Wide Guard
|move|p2b: Calyrex|Glacial Lance|p1a: Zamazenta|[spread] 
|-activate|p1a: Zamazenta|move: Wide Guard
|-activate|p1b: Miraidon|move: Wide Guard
|move|p1b: Miraidon|Electro Drift|p2b: Calyrex
|-damage|p2b: Calyrex|16/100
|
|-heal|p2b: Calyrex|22/100|[from] item: Leftovers
|-fieldend|move: Electric Terrain
|upkeep
|turn|9
|l| wowee20
|
|t:|1750747254
|move|p1a: Zamazenta|Wide Guard|p1a: Zamazenta
|-singleturn|p1a: Zamazenta|Wide Guard
|move|p2b: Calyrex|Glacial Lance|p1b: Miraidon|[spread] 
|-activate|p1a: Zamazenta|move: Wide Guard
|-activate|p1b: Miraidon|move: Wide Guard
|move|p1b: Miraidon|Electro Drift|p2b: Calyrex
|-damage|p2b: Calyrex|0 fnt
|faint|p2b: Calyrex
|
|win|forkuser1
|n|☆forkuser1|forkuser1
|n|☆kommobestpseudo|kommobestpseudo
|n| sheepie_sheep|sheepiesheep
|n| sirwoodie|sirwoodie
|n| SebasJck|sebasjck
|n| ShirtlessRayRizzo|shirtlessrayrizzo
|n| Calyrexsomid|calyrexsomid
|n| wizzpower 2|wizzpower2
|n| mysticmarshtomp|mysticmarshtomp
|n| orewayuji|orewayuji
