|j|☆Wacko789
|j|☆suc vat vk
|t:|1750738719
|gametype|doubles
|player|p1|Wacko789|102|1521
|player|p2|suc vat vk|kimonogirl|1585
|teamsize|p1|6
|teamsize|p2|6
|gen|9
|tier|[Gen 9] VGC 2025 Reg I
|rated|
|rule|Species Clause: Limit one of each Pokémon
|rule|Item Clause: Limit 1 of each item
|clearpoke
|poke|p1|Incineroar, L50, F|
|poke|p1|Raging Bolt, L50|
|poke|p1|Calyrex-Ice, L50|
|poke|p1|Smeargle, L50, M|
|poke|p1|Kyogre, L50|
|poke|p1|Ogerpon, L50, F|
|poke|p2|Terapagos, L50, M|
|poke|p2|Koraidon, L50|
|poke|p2|Volcarona, L50, M|
|poke|p2|Incineroar, L50, F|
|poke|p2|Sableye, L50, F|
|poke|p2|Smeargle, L50, M|
|teampreview|4
|inactive|Battle timer is ON: inactive players will automatically lose when time's up. (requested by suc vat vk)
|
|t:|1750738782
|start
|switch|p1a: Smeargle|Smeargle, L50, M|100/100
|switch|p1b: Calyrex|Calyrex-Ice, L50|100/100
|switch|p2a: Smeargle|Smeargle, L50, M, shiny|100/100
|switch|p2b: Terapagos|Terapagos, L50, M|100/100
|-activate|p2b: Terapagos|ability: Tera Shift
|detailschange|p2b: Terapagos|Terapagos-Terastal, L50, M
|-heal|p2b: Terapagos|100/100|[silent]
|-ability|p1b: Calyrex|As One
|-ability|p1b: Calyrex|Unnerve
|turn|1
|inactive|Wacko789 has 30 seconds left.
|
|t:|1750738808
|move|p1a: Smeargle|Fake Out|p2a: Smeargle
|-damage|p2a: Smeargle|89/100
|cant|p2a: Smeargle|flinch
|move|p2b: Terapagos|Calm Mind|p2b: Terapagos
|-boost|p2b: Terapagos|spa|1
|-boost|p2b: Terapagos|spd|1
|move|p1b: Calyrex|Glacial Lance|p2b: Terapagos|[spread] p2a,p2b
|-activate|p2b: Terapagos|ability: Tera Shell
|-resisted|p2b: Terapagos
|-damage|p2a: Smeargle|0 fnt
|-damage|p2b: Terapagos|82/100
|faint|p2a: Smeargle
|-ability|p1b: Calyrex|Chilling Neigh|boost
|-boost|p1b: Calyrex|atk|1
|
|-heal|p2b: Terapagos|89/100|[from] item: Leftovers
|-ability|p1a: Smeargle|Moody|boost
|-boost|p1a: Smeargle|spe|2
|-unboost|p1a: Smeargle|def|1
|upkeep
|
|t:|1750738815
|switch|p2a: Sableye|Sableye, L50, F, shiny|100/100
|turn|2
|
|t:|1750738832
|-terastallize|p1a: Smeargle|Ghost
|move|p2a: Sableye|Will-O-Wisp|p1b: Calyrex
|-status|p1b: Calyrex|brn
|move|p1a: Smeargle|Spore|p2b: Terapagos
|-status|p2b: Terapagos|slp|[from] move: Spore
|cant|p2b: Terapagos|slp
|move|p1b: Calyrex|Glacial Lance|p2b: Terapagos|[spread] p2a,p2b
|-crit|p2b: Terapagos
|-damage|p2a: Sableye|56/100
|-damage|p2b: Terapagos|48/100 slp
|
|-heal|p2b: Terapagos|55/100 slp|[from] item: Leftovers
|-damage|p1b: Calyrex|95/100 brn|[from] brn
|-ability|p1a: Smeargle|Moody|boost
|-boost|p1a: Smeargle|spe|2
|-unboost|p1a: Smeargle|atk|1
|upkeep
|turn|3
|
|t:|1750738853
|cant|p2b: Terapagos|slp
|move|p2a: Sableye|Disable|p1b: Calyrex
|-start|p1b: Calyrex|Disable|Glacial Lance
|move|p1a: Smeargle|Spore|p2a: Sableye
|-status|p2a: Sableye|slp|[from] move: Spore
|cant|p1b: Calyrex|Disable|Glacial Lance
|
|-heal|p2b: Terapagos|61/100 slp|[from] item: Leftovers
|-damage|p1b: Calyrex|89/100 brn|[from] brn
|-ability|p1a: Smeargle|Moody|boost
|-boost|p1a: Smeargle|spe|2
|-unboost|p1a: Smeargle|def|1
|upkeep
|turn|4
|
|t:|1750738873
|switch|p1b: Kyogre|Kyogre, L50|100/100
|-weather|RainDance|[from] ability: Drizzle|[of] p1b: Kyogre
|cant|p2a: Sableye|slp
|move|p1a: Smeargle|Decorate|p1b: Kyogre
|-boost|p1b: Kyogre|atk|2
|-boost|p1b: Kyogre|spa|2
|-curestatus|p2b: Terapagos|slp|[msg]
|move|p2b: Terapagos|Calm Mind|p2b: Terapagos
|-boost|p2b: Terapagos|spa|1
|-boost|p2b: Terapagos|spd|1
|
|-weather|RainDance|[upkeep]
|-heal|p2b: Terapagos|67/100|[from] item: Leftovers
|-ability|p1a: Smeargle|Moody|boost
|-boost|p1a: Smeargle|def|2
|-unboost|p1a: Smeargle|spd|1
|upkeep
|turn|5
|inactive|suc vat vk has 30 seconds left.
|
|t:|1750738906
|switch|p2a: Koraidon|Koraidon, L50|100/100
|-weather|SunnyDay|[from] ability: Orichalcum Pulse|[of] p2a: Koraidon
|-activate|p2a: Koraidon|Orichalcum Pulse|[source]
|move|p2b: Terapagos|Protect|p2b: Terapagos
|-singleturn|p2b: Terapagos|Protect
|move|p1a: Smeargle|Spore|p2b: Terapagos
|-activate|p2b: Terapagos|move: Protect
|move|p1b: Kyogre|Water Spout|p2b: Terapagos|[spread] p2a
|-activate|p2b: Terapagos|move: Protect
|-resisted|p2a: Koraidon
|-damage|p2a: Koraidon|57/100
|
|-weather|SunnyDay|[upkeep]
|-heal|p2b: Terapagos|73/100|[from] item: Leftovers
|-ability|p1a: Smeargle|Moody|boost
|-boost|p1a: Smeargle|spa|2
|-unboost|p1a: Smeargle|def|1
|upkeep
|turn|6
|inactive|Wacko789 has 30 seconds left.
|inactive|suc vat vk has 30 seconds left.
|inactive|suc vat vk has 20 seconds left.
|inactive|suc vat vk has 15 seconds left.
|inactive|suc vat vk has 10 seconds left.
|inactive|suc vat vk has 5 seconds left.
|
|t:|1750738961
|switch|p1b: Calyrex|Calyrex-Ice, L50|89/100 brn
|-ability|p1b: Calyrex|As One
|-ability|p1b: Calyrex|Unnerve
|move|p1a: Smeargle|Spore|p2b: Terapagos
|-status|p2b: Terapagos|slp|[from] move: Spore
|move|p2a: Koraidon|Flame Charge|p1a: Smeargle
|-enditem|p1a: Smeargle|Focus Sash
|-damage|p1a: Smeargle|1/100
|-boost|p2a: Koraidon|spe|1
|-damage|p2a: Koraidon|47/100|[from] item: Life Orb
|cant|p2b: Terapagos|slp
|
|-weather|SunnyDay|[upkeep]
|-heal|p2b: Terapagos|80/100 slp|[from] item: Leftovers
|-damage|p1b: Calyrex|83/100 brn|[from] brn
|-ability|p1a: Smeargle|Moody|boost
|-boost|p1a: Smeargle|spa|2
|-unboost|p1a: Smeargle|spd|1
|upkeep
|turn|7
|inactive|suc vat vk has 30 seconds left.
|inactive|suc vat vk has 20 seconds left.
|inactive|suc vat vk has 15 seconds left.
|inactive|suc vat vk has 10 seconds left.
|inactive|suc vat vk has 5 seconds left.
|
|t:|1750739014
|move|p1a: Smeargle|Spore|p2a: Koraidon
|-status|p2a: Koraidon|slp|[from] move: Spore
|cant|p2a: Koraidon|slp
|-curestatus|p2b: Terapagos|slp|[msg]
|move|p2b: Terapagos|Earth Power|p1b: Calyrex
|-damage|p1b: Calyrex|51/100 brn
|move|p1b: Calyrex|Glacial Lance|p2b: Terapagos|[spread] p2a,p2b
|-supereffective|p2a: Koraidon
|-damage|p2a: Koraidon|0 fnt
|-damage|p2b: Terapagos|62/100
|faint|p2a: Koraidon
|-ability|p1b: Calyrex|Chilling Neigh|boost
|-boost|p1b: Calyrex|atk|1
|
|-weather|SunnyDay|[upkeep]
|-heal|p2b: Terapagos|69/100|[from] item: Leftovers
|-damage|p1b: Calyrex|45/100 brn|[from] brn
|-ability|p1a: Smeargle|Moody|boost
|-boost|p1a: Smeargle|spd|2
|-unboost|p1a: Smeargle|spe|1
|upkeep
|inactive|suc vat vk has 30 seconds left.
|
|t:|1750739041
|switch|p2a: Sableye|Sableye, L50, F, shiny|56/100 slp
|turn|8
|
|t:|1750739055
|cant|p2a: Sableye|slp
|move|p1a: Smeargle|Spore|p2b: Terapagos
|-status|p2b: Terapagos|slp|[from] move: Spore
|cant|p2b: Terapagos|slp
|move|p1b: Calyrex|Glacial Lance|p2a: Sableye|[spread] p2a,p2b
|-damage|p2a: Sableye|12/100 slp
|-damage|p2b: Terapagos|41/100 slp
|
|-weather|SunnyDay|[upkeep]
|-heal|p2b: Terapagos|47/100 slp|[from] item: Leftovers
|-damage|p1b: Calyrex|39/100 brn|[from] brn
|-ability|p1a: Smeargle|Moody|boost
|-boost|p1a: Smeargle|atk|2
|-unboost|p1a: Smeargle|spd|1
|upkeep
|turn|9
|
|t:|1750739075
|cant|p2a: Sableye|slp
|move|p1a: Smeargle|Decorate|p1b: Calyrex
|-boost|p1b: Calyrex|atk|2
|-boost|p1b: Calyrex|spa|2
|cant|p2b: Terapagos|slp
|move|p1b: Calyrex|Glacial Lance|p2a: Sableye|[spread] p2a,p2b
|-damage|p2a: Sableye|0 fnt
|-damage|p2b: Terapagos|0 fnt
|faint|p2a: Sableye
|faint|p2b: Terapagos
|
|win|Wacko789
|raw|Wacko789's rating: 1521 &rarr; <strong>1545</strong><br />(+24 for winning)
|raw|suc vat vk's rating: 1585 &rarr; <strong>1561</strong><br />(-24 for losing)
|l|☆suc vat vk
|player|p2|
|l|☆Wacko789
|player|p1|
