|j|☆CEExy
|j|☆MilGOATs1984
|t:|1750777624
|gametype|doubles
|player|p1|CEExy|1|1392
|player|p2|MilGOATs1984|265|1419
|teamsize|p1|6
|teamsize|p2|6
|gen|9
|tier|[Gen 9] VGC 2025 Reg I
|rated|
|rule|Species Clause: Limit one of each Pokémon
|rule|Item Clause: Limit 1 of each item
|clearpoke
|poke|p1|Koraidon, L50|
|poke|p1|Lunala, L50|
|poke|p1|Raging Bolt, L50|
|poke|p1|Incineroar, L50, F|
|poke|p1|Dragapult, L50, F|
|poke|p1|Ogerpon-Hearthflame, L50, F|
|poke|p2|Incineroar, L50, F|
|poke|p2|Koraidon, L50|
|poke|p2|Zacian-*, L50|
|poke|p2|Walking Wake, L50|
|poke|p2|Amoonguss, L50, M|
|poke|p2|Flutter Mane, L50|
|teampreview|4
|
|t:|1750777689
|start
|switch|p1a: Lunala|Lunala, L50, shiny|100/100
|switch|p1b: Incineroar|Incineroar, L50, F|100/100
|switch|p2a: Koraidon|Koraidon, L50|100/100
|switch|p2b: Walking Wake|Walking Wake, L50|100/100
|-weather|SunnyDay|[from] ability: Orichalcum Pulse|[of] p2a: Koraidon
|-activate|p2b: Walking Wake|ability: Protosynthesis
|-start|p2b: Walking Wake|protosynthesisspa
|-activate|p2a: Koraidon|Orichalcum Pulse|[source]
|-ability|p1b: Incineroar|Intimidate|boost
|-unboost|p2a: Koraidon|atk|1
|-unboost|p2b: Walking Wake|atk|1
|turn|1
|
|t:|1750777752
|-terastallize|p1b: Incineroar|Bug
|move|p2a: Koraidon|Protect|p2a: Koraidon
|-singleturn|p2a: Koraidon|Protect
|move|p2b: Walking Wake|Protect|p2b: Walking Wake
|-singleturn|p2b: Walking Wake|Protect
|move|p1a: Lunala|Meteor Beam||[still]
|-prepare|p1a: Lunala|Meteor Beam
|-boost|p1a: Lunala|spa|1
|-enditem|p1a: Lunala|Power Herb
|-anim|p1a: Lunala|Meteor Beam|p2b: Walking Wake
|-activate|p2b: Walking Wake|move: Protect
|move|p1b: Incineroar|U-turn|p2b: Walking Wake
|-activate|p2b: Walking Wake|move: Protect
|
|-weather|SunnyDay|[upkeep]
|upkeep
|turn|2
|
|t:|1750777799
|switch|p1b: Koraidon|Koraidon, L50|100/100
|-activate|p1b: Koraidon|ability: Orichalcum Pulse
|-terastallize|p2a: Koraidon|Fire
|move|p2a: Koraidon|Flare Blitz|p1b: Koraidon
|-resisted|p1b: Koraidon
|-damage|p1b: Koraidon|55/100
|-damage|p2a: Koraidon|83/100|[from] Recoil
|-damage|p2a: Koraidon|73/100|[from] item: Life Orb
|move|p2b: Walking Wake|Snarl|p1b: Koraidon|[spread] p1a,p1b
|-supereffective|p1a: Lunala
|-resisted|p1b: Koraidon
|-damage|p1a: Lunala|76/100
|-damage|p1b: Koraidon|46/100
|-unboost|p1a: Lunala|spa|1
|move|p1a: Lunala|Moongeist Beam|p2b: Walking Wake
|-damage|p2b: Walking Wake|33/100
|-enditem|p2b: Walking Wake|Sitrus Berry|[eat]
|-heal|p2b: Walking Wake|58/100|[from] item: Sitrus Berry
|
|-weather|SunnyDay|[upkeep]
|upkeep
|turn|3
|
|t:|1750777853
|switch|p1a: Incineroar|Incineroar, L50, F, tera:Bug|100/100
|-ability|p1a: Incineroar|Intimidate|boost
|-unboost|p2a: Koraidon|atk|1
|-unboost|p2b: Walking Wake|atk|1
|move|p2a: Koraidon|Protect|p2a: Koraidon
|-singleturn|p2a: Koraidon|Protect
|move|p2b: Walking Wake|Protect|p2b: Walking Wake
|-singleturn|p2b: Walking Wake|Protect
|move|p1b: Koraidon|Collision Course|p2b: Walking Wake
|-activate|p2b: Walking Wake|move: Protect
|
|-weather|SunnyDay|[upkeep]
|upkeep
|turn|4
|
|t:|1750777907
|switch|p2a: Incineroar|Incineroar, L50, F|100/100
|-ability|p2a: Incineroar|Intimidate|boost
|-unboost|p1a: Incineroar|atk|1
|-fail|p1b: Koraidon|unboost|[from] item: Clear Amulet|[of] p1b: Koraidon
|move|p1a: Incineroar|Fake Out|p2a: Incineroar
|-damage|p2a: Incineroar|93/100
|-damage|p1a: Incineroar|84/100|[from] item: Rocky Helmet|[of] p2a: Incineroar
|move|p1b: Koraidon|Collision Course|p2b: Walking Wake
|-damage|p2b: Walking Wake|0 fnt
|faint|p2b: Walking Wake
|-end|p2b: Walking Wake|Protosynthesis|[silent]
|
|-weather|SunnyDay|[upkeep]
|upkeep
|inactive|Battle timer is ON: inactive players will automatically lose when time's up. (requested by CEExy)
|
|t:|1750777926
|switch|p2b: Zacian|Zacian-Crowned, L50|100/100
|-ability|p2b: Zacian|Intrepid Sword|boost
|-boost|p2b: Zacian|atk|1
|turn|5
|inactive|CEExy has 30 seconds left.
|
|t:|1750777960
|move|p1b: Koraidon|Protect|p1b: Koraidon
|-singleturn|p1b: Koraidon|Protect
|move|p2a: Incineroar|Fake Out|p1a: Incineroar
|-damage|p1a: Incineroar|74/100
|-damage|p2a: Incineroar|77/100|[from] item: Rocky Helmet|[of] p1a: Incineroar
|move|p2b: Zacian|Behemoth Blade|p1b: Koraidon
|-activate|p1b: Koraidon|move: Protect
|cant|p1a: Incineroar|flinch
|
|-weather|none
|upkeep
|turn|6
|inactive|MilGOATs1984 has 30 seconds left.
|
|t:|1750777986
|move|p2b: Zacian|Protect|p2b: Zacian
|-singleturn|p2b: Zacian|Protect
|move|p1b: Koraidon|Flame Charge|p2b: Zacian
|-activate|p2b: Zacian|move: Protect
|move|p2a: Incineroar|Knock Off|p1b: Koraidon
|-resisted|p1b: Koraidon
|-damage|p1b: Koraidon|26/100
|-enditem|p1b: Koraidon|Clear Amulet|[from] move: Knock Off|[of] p2a: Incineroar
|move|p1a: Incineroar|U-turn|p2a: Incineroar
|-damage|p2a: Incineroar|58/100
|-damage|p1a: Incineroar|58/100|[from] item: Rocky Helmet|[of] p2a: Incineroar
|
|t:|1750777999
|switch|p1a: Ogerpon|Ogerpon-Hearthflame, L50, F|100/100|[from] U-turn
|-ability|p1a: Ogerpon|Mold Breaker
|
|upkeep
|turn|7
|inactive|CEExy has 30 seconds left.
|inactive|MilGOATs1984 has 30 seconds left.
|inactive|CEExy has 20 seconds left.
|inactive|MilGOATs1984 has 20 seconds left.
|
|t:|1750778037
|move|p2b: Zacian|Play Rough|p1b: Koraidon
|-supereffective|p1b: Koraidon
|-damage|p1b: Koraidon|0 fnt
|faint|p1b: Koraidon
|move|p1a: Ogerpon|Ivy Cudgel|p2b: Zacian|[anim] Ivy Cudgel Fire
|-supereffective|p2b: Zacian
|-damage|p2b: Zacian|2/100
|move|p2a: Incineroar|Parting Shot|p1a: Ogerpon
|-unboost|p1a: Ogerpon|atk|1
|-unboost|p1a: Ogerpon|spa|1
|
|t:|1750778049
|switch|p2a: Koraidon|Koraidon, L50, tera:Fire|73/100|[from] Parting Shot
|-weather|SunnyDay|[from] ability: Orichalcum Pulse|[of] p2a: Koraidon
|-activate|p2a: Koraidon|Orichalcum Pulse|[source]
|
|-weather|SunnyDay|[upkeep]
|upkeep
|
|t:|1750778052
|switch|p1b: Incineroar|Incineroar, L50, F, tera:Bug|58/100
|-ability|p1b: Incineroar|Intimidate|boost
|-unboost|p2a: Koraidon|atk|1
|-unboost|p2b: Zacian|atk|1
|turn|8
|inactive|CEExy has 30 seconds left.
|inactive|CEExy has 20 seconds left.
|inactive|CEExy has 15 seconds left.
|
|t:|1750778094
|move|p2b: Zacian|Protect|p2b: Zacian
|-singleturn|p2b: Zacian|Protect
|move|p2a: Koraidon|Protect|p2a: Koraidon
|-singleturn|p2a: Koraidon|Protect
|move|p1b: Incineroar|Fake Out|p2a: Koraidon
|-activate|p2a: Koraidon|move: Protect
|move|p1a: Ogerpon|Ivy Cudgel|p2b: Zacian|[anim] Ivy Cudgel Fire
|-activate|p2b: Zacian|move: Protect
|
|-weather|SunnyDay|[upkeep]
|upkeep
|turn|9
|inactive|MilGOATs1984 has 30 seconds left.
|
|t:|1750778123
|move|p1a: Ogerpon|Follow Me|p1a: Ogerpon
|-singleturn|p1a: Ogerpon|move: Follow Me
|move|p2b: Zacian|Behemoth Blade|p1a: Ogerpon
|-resisted|p1a: Ogerpon
|-damage|p1a: Ogerpon|79/100
|move|p2a: Koraidon|Flare Blitz|p1a: Ogerpon
|-damage|p1a: Ogerpon|0 fnt
|faint|p1a: Ogerpon
|-damage|p2a: Koraidon|46/100|[from] Recoil
|-damage|p2a: Koraidon|36/100|[from] item: Life Orb
|move|p1b: Incineroar|U-turn|p2b: Zacian
|-resisted|p2b: Zacian
|-damage|p2b: Zacian|0 fnt
|faint|p2b: Zacian
|
|t:|1750778131
|switch|p1b: Lunala|Lunala, L50, shiny|76/100|[from] U-turn
|
|-weather|SunnyDay|[upkeep]
|upkeep
|
|t:|1750778136
|switch|p2b: Incineroar|Incineroar, L50, F|58/100
|switch|p1a: Incineroar|Incineroar, L50, F, tera:Bug|58/100
|-ability|p2b: Incineroar|Intimidate|boost
|-unboost|p1a: Incineroar|atk|1
|-unboost|p1b: Lunala|atk|1
|-ability|p1a: Incineroar|Intimidate|boost
|-unboost|p2a: Koraidon|atk|1
|-unboost|p2b: Incineroar|atk|1
|turn|10
|
|t:|1750778155
|move|p1a: Incineroar|Fake Out|p2b: Incineroar
|-damage|p2b: Incineroar|51/100
|-damage|p1a: Incineroar|42/100|[from] item: Rocky Helmet|[of] p2b: Incineroar
|move|p2a: Koraidon|Flare Blitz|p1a: Incineroar
|-supereffective|p1a: Incineroar
|-damage|p1a: Incineroar|0 fnt
|-damage|p2a: Koraidon|19/100|[from] item: Rocky Helmet|[of] p1a: Incineroar
|faint|p1a: Incineroar
|-damage|p2a: Koraidon|4/100|[from] Recoil
|-damage|p2a: Koraidon|0 fnt|[from] item: Life Orb
|faint|p2a: Koraidon
|move|p1b: Lunala|Moongeist Beam|p2b: Incineroar
|-resisted|p2b: Incineroar
|-damage|p2b: Incineroar|26/100
|cant|p2b: Incineroar|flinch
|
|-weather|SunnyDay|[upkeep]
|upkeep
|turn|11
|
|t:|1750778173
|move|p1b: Lunala|Moongeist Beam|p2b: Incineroar
|-resisted|p2b: Incineroar
|-damage|p2b: Incineroar|0 fnt
|faint|p2b: Incineroar
|
|win|CEExy
|raw|CEExy's rating: 1392 &rarr; <strong>1414</strong><br />(+22 for winning)
|raw|MilGOATs1984's rating: 1419 &rarr; <strong>1397</strong><br />(-22 for losing)
