|j|☆sandstrummie
|j|☆kris7443
|t:|1750855898
|gametype|doubles
|player|p1|sandstrummie|unknown|1498
|player|p2|kris7443|teamrocket|1410
|teamsize|p1|6
|teamsize|p2|6
|gen|9
|tier|[Gen 9] VGC 2025 Reg I
|rated|
|rule|Species Clause: Limit one of each Pokémon
|rule|Item Clause: Limit 1 of each item
|clearpoke
|poke|p1|Grimmsnarl, L50, M|
|poke|p1|Groudon, L50|
|poke|p1|Miraidon, L50|
|poke|p1|Volcarona, L50, M|
|poke|p1|Ogerpon-Cornerstone, L50, F|
|poke|p1|Annihilape, L50, F|
|poke|p2|Groudon, L50|
|poke|p2|Flutter Mane, L50|
|poke|p2|Murkrow, L50, M|
|poke|p2|Charizard, L50, F|
|poke|p2|Koraidon, L50|
|poke|p2|Raging Bolt, L50|
|teampreview|4
|inactive|Battle timer is ON: inactive players will automatically lose when time's up. (requested by kris7443)
|inactive|kris7443 has 60 seconds left.
|
|t:|1750855942
|start
|switch|p1a: Groudon|Groudon, L50|100/100
|switch|p1b: Annihilape|Annihilape, L50, F|100/100
|switch|p2a: Just Dies|Flutter Mane, L50|100/100
|switch|p2b: Physical Godzilla|Groudon, L50|100/100
|-weather|SunnyDay|[from] ability: Drought|[of] p2b: Physical Godzilla
|-activate|p2a: Just Dies|ability: Protosynthesis
|-start|p2a: Just Dies|protosynthesisspe
|turn|1
|inactive|kris7443 has 30 seconds left.
|
|t:|1750855967
|move|p2a: Just Dies|Taunt|p1b: Annihilape
|-start|p1b: Annihilape|move: Taunt
|cant|p1b: Annihilape|move: Taunt|Coaching
|move|p2b: Physical Godzilla|Swords Dance|p2b: Physical Godzilla
|-boost|p2b: Physical Godzilla|atk|2
|move|p1a: Groudon|Precipice Blades|p2a: Just Dies|[spread] p2a,p2b
|-enditem|p2a: Just Dies|Focus Sash
|-damage|p2a: Just Dies|1/100
|-damage|p2b: Physical Godzilla|66/100
|
|-weather|SunnyDay|[upkeep]
|upkeep
|turn|2
|
|t:|1750855991
|move|p2a: Just Dies|Protect|p2a: Just Dies
|-singleturn|p2a: Just Dies|Protect
|move|p1b: Annihilape|Final Gambit|p2b: Physical Godzilla
|-damage|p2b: Physical Godzilla|0 fnt
|faint|p1b: Annihilape
|faint|p2b: Physical Godzilla
|move|p1a: Groudon|Precipice Blades|p2a: Just Dies
|-activate|p2a: Just Dies|move: Protect
|
|-weather|SunnyDay|[upkeep]
|upkeep
|
|t:|1750856004
|switch|p1b: Ogerpon|Ogerpon-Cornerstone, L50, F|100/100
|switch|p2b: On Steroids|Charizard, L50, F|100/100
|turn|3
|
|t:|1750856015
|move|p2a: Just Dies|Icy Wind|p1b: Ogerpon|[spread] p1a,p1b
|-supereffective|p1a: Groudon
|-supereffective|p1b: Ogerpon
|-damage|p1a: Groudon|84/100
|-damage|p1b: Ogerpon|67/100
|-unboost|p1a: Groudon|spe|1
|-unboost|p1b: Ogerpon|spe|1
|move|p2b: On Steroids|Heat Wave|p1a: Groudon|[spread] p1a,p1b
|-damage|p1a: Groudon|12/100
|-damage|p1b: Ogerpon|0 fnt
|faint|p1b: Ogerpon
|move|p1a: Groudon|Rock Slide|p2a: Just Dies|[spread] p2a,p2b
|-supereffective|p2b: On Steroids
|-damage|p2a: Just Dies|0 fnt
|-damage|p2b: On Steroids|0 fnt
|faint|p2a: Just Dies
|-end|p2a: Just Dies|Protosynthesis|[silent]
|faint|p2b: On Steroids
|
|-weather|SunnyDay|[upkeep]
|upkeep
|
|t:|1750856036
|switch|p1b: Miraidon|Miraidon, L50|100/100
|switch|p2b: Fire Lizard|Koraidon, L50|100/100
|-fieldstart|move: Electric Terrain|[from] ability: Hadron Engine|[of] p1b: Miraidon
|-activate|p2b: Fire Lizard|ability: Orichalcum Pulse
|turn|4
|inactive|kris7443 has 30 seconds left.
|
|t:|1750856065
|-terastallize|p1b: Miraidon|Electric
|move|p2b: Fire Lizard|Protect|p2b: Fire Lizard
|-singleturn|p2b: Fire Lizard|Protect
|move|p1b: Miraidon|Electro Drift|p2b: Fire Lizard
|-activate|p2b: Fire Lizard|move: Protect
|move|p1a: Groudon|Precipice Blades|p2b: Fire Lizard
|-activate|p2b: Fire Lizard|move: Protect
|
|-weather|SunnyDay|[upkeep]
|upkeep
|turn|5
|
|t:|1750856081
|move|p1b: Miraidon|Electro Drift|p2b: Fire Lizard
|-resisted|p2b: Fire Lizard
|-damage|p2b: Fire Lizard|38/100
|move|p2b: Fire Lizard|Close Combat|p1b: Miraidon
|-crit|p1b: Miraidon
|-damage|p1b: Miraidon|0 fnt
|-unboost|p2b: Fire Lizard|def|1
|-unboost|p2b: Fire Lizard|spd|1
|faint|p1b: Miraidon
|-damage|p2b: Fire Lizard|28/100|[from] item: Life Orb
|move|p1a: Groudon|Precipice Blades|p2b: Fire Lizard
|-damage|p2b: Fire Lizard|0 fnt
|faint|p2b: Fire Lizard
|
|win|sandstrummie
|raw|sandstrummie's rating: 1498 &rarr; <strong>1513</strong><br />(+15 for winning)
|raw|kris7443's rating: 1410 &rarr; <strong>1395</strong><br />(-15 for losing)
|l|☆sandstrummie
|player|p1|
|l|☆kris7443
|player|p2|
