|j|☆pengSlayNooter
|j|☆RonChan24
|t:|1750831776
|gametype|doubles
|player|p1|pengSlayNooter|wallace|1384
|player|p2|RonChan24|serena|1327
|teamsize|p1|6
|teamsize|p2|6
|gen|9
|tier|[Gen 9] VGC 2025 Reg I
|rated|
|rule|Species Clause: Limit one of each Pokémon
|rule|Item Clause: Limit 1 of each item
|clearpoke
|poke|p1|Incineroar, L50, M|
|poke|p1|Urshifu-*, L50, F|
|poke|p1|Tornadus, L50, M|
|poke|p1|Calyrex-Shadow, L50|
|poke|p1|Zamazenta-*, L50|
|poke|p1|Clefairy, L50, F|
|poke|p2|Kyogre, L50|
|poke|p2|Kingdra, L50, M|
|poke|p2|Archaludon, L50, M|
|poke|p2|Zacian-*, L50|
|poke|p2|Grimmsnarl, L50, M|
|poke|p2|Landorus, L50, M|
|teampreview|4
|inactive|Battle timer is ON: inactive players will automatically lose when time's up. (requested by pengSlayNooter)
|
|t:|1750831794
|start
|switch|p1a: Tornadus|Tornadus, L50, M|100/100
|switch|p1b: Urshifu|Urshifu-Rapid-Strike, L50, F|100/100
|switch|p2a: Archaludon|Archaludon, L50, M|100/100
|switch|p2b: Grimmsnarl|Grimmsnarl, L50, M|100/100
|turn|1
|
|t:|1750831812
|-terastallize|p2a: Archaludon|Electric
|move|p1a: Tornadus|Tailwind|p1a: Tornadus
|-sidestart|p1: pengSlayNooter|move: Tailwind
|move|p2b: Grimmsnarl|Reflect|p2b: Grimmsnarl
|-sidestart|p2: RonChan24|Reflect
|move|p1b: Urshifu|Close Combat|p2a: Archaludon
|-damage|p2a: Archaludon|62/100
|-unboost|p1b: Urshifu|def|1
|-unboost|p1b: Urshifu|spd|1
|-ability|p2a: Archaludon|Stamina|boost
|-boost|p2a: Archaludon|def|1
|move|p2a: Archaludon|Flash Cannon|p1a: Tornadus
|-damage|p1a: Tornadus|36/100
|
|upkeep
|turn|2
|inactive|RonChan24 has 30 seconds left.
|
|t:|1750831839
|switch|p1b: Zamazenta|Zamazenta-Crowned, L50|100/100
|-ability|p1b: Zamazenta|Dauntless Shield|boost
|-boost|p1b: Zamazenta|def|1
|move|p2b: Grimmsnarl|Thunder Wave|p1b: Zamazenta
|-status|p1b: Zamazenta|par
|move|p1a: Tornadus|Bleakwind Storm|p2a: Archaludon|[spread] p2a,p2b
|-resisted|p2a: Archaludon
|-damage|p2a: Archaludon|48/100
|-damage|p2b: Grimmsnarl|69/100
|-unboost|p2a: Archaludon|spe|1
|-unboost|p2b: Grimmsnarl|spe|1
|-ability|p2a: Archaludon|Stamina|boost
|-boost|p2a: Archaludon|def|1
|move|p2a: Archaludon|Flash Cannon|p1a: Tornadus
|-damage|p1a: Tornadus|0 fnt
|faint|p1a: Tornadus
|
|upkeep
|
|t:|1750831855
|switch|p1a: Calyrex|Calyrex-Shadow, L50|100/100
|-ability|p1a: Calyrex|As One
|-ability|p1a: Calyrex|Unnerve
|turn|3
|
|t:|1750831868
|move|p2b: Grimmsnarl|Thunder Wave|p1a: Calyrex
|-status|p1a: Calyrex|par
|move|p1a: Calyrex|Astral Barrage|p2a: Archaludon|[spread] p2a,p2b
|-resisted|p2b: Grimmsnarl
|-damage|p2a: Archaludon|0 fnt
|-damage|p2b: Grimmsnarl|41/100
|faint|p2a: Archaludon
|-ability|p1a: Calyrex|Grim Neigh|boost
|-boost|p1a: Calyrex|spa|1
|-damage|p1a: Calyrex|91/100 par|[from] item: Life Orb
|move|p1b: Zamazenta|Heavy Slam|p2b: Grimmsnarl
|-supereffective|p2b: Grimmsnarl
|-damage|p2b: Grimmsnarl|0 fnt
|faint|p2b: Grimmsnarl
|
|upkeep
|
|t:|1750831877
|switch|p2a: Kyogre|Kyogre, L50|100/100
|switch|p2b: Zacian|Zacian-Crowned, L50|100/100
|-ability|p2b: Zacian|Intrepid Sword|boost
|-boost|p2b: Zacian|atk|1
|-weather|RainDance|[from] ability: Drizzle|[of] p2a: Kyogre
|turn|4
|
|t:|1750831888
|move|p2b: Zacian|Protect|p2b: Zacian
|-singleturn|p2b: Zacian|Protect
|move|p2a: Kyogre|Protect|p2a: Kyogre
|-singleturn|p2a: Kyogre|Protect
|move|p1b: Zamazenta|Wide Guard|p1b: Zamazenta
|-singleturn|p1b: Zamazenta|Wide Guard
|move|p1a: Calyrex|Astral Barrage|p2b: Zacian|[spread] 
|-activate|p2a: Kyogre|move: Protect
|-activate|p2b: Zacian|move: Protect
|
|-weather|RainDance|[upkeep]
|-sideend|p1: pengSlayNooter|move: Tailwind
|upkeep
|turn|5
|
|t:|1750831901
|cant|p1b: Zamazenta|par
|move|p2b: Zacian|Behemoth Blade|p1a: Calyrex
|-damage|p1a: Calyrex|0 fnt
|faint|p1a: Calyrex
|move|p2a: Kyogre|Ice Beam|p1b: Zamazenta
|-resisted|p1b: Zamazenta
|-damage|p1b: Zamazenta|89/100 par
|
|-weather|RainDance|[upkeep]
|upkeep
|-message|pengSlayNooter forfeited.
|
|win|RonChan24
|raw|pengSlayNooter's rating: 1384 &rarr; <strong>1361</strong><br />(-23 for losing)
|raw|RonChan24's rating: 1327 &rarr; <strong>1350</strong><br />(+23 for winning)
|l|☆pengSlayNooter
|player|p1|
|l|☆RonChan24
|player|p2|
