|j|☆bananahammuck
|j|☆Grade a type b
|t:|1750745277
|gametype|doubles
|player|p1|bananahammuck|266|1474
|player|p2|Grade a type b|169|1478
|teamsize|p1|6
|teamsize|p2|6
|gen|9
|tier|[Gen 9] VGC 2025 Reg I
|rated|
|rule|Species Clause: Limit one of each Pokémon
|rule|Item Clause: Limit 1 of each item
|clearpoke
|poke|p1|Calyrex-Ice, L50|
|poke|p1|Miraidon, L50|
|poke|p1|Raichu-Alola, L50, F|
|poke|p1|Volcarona, L50, M|
|poke|p1|Scraggy, L50, F|
|poke|p1|Ogerpon-Cornerstone, L50, F|
|poke|p2|Koraidon, L50|
|poke|p2|Zacian-*, L50|
|poke|p2|Milotic, L50, M|
|poke|p2|Incineroar, L50, F|
|poke|p2|Sinistcha, L50|
|poke|p2|Tornadus, L50, M|
|teampreview|4
|inactive|Battle timer is ON: inactive players will automatically lose when time's up. (requested by Grade a type b)
|
|t:|1750745304
|start
|switch|p1a: Miraidon|Miraidon, L50|100/100
|switch|p1b: Raichu|Raichu-Alola, L50, F|100/100
|switch|p2a: Sinistcha|Sinistcha, L50|100/100
|switch|p2b: Zacian|Zacian-Crowned, L50|100/100
|-ability|p2b: Zacian|Intrepid Sword|boost
|-boost|p2b: Zacian|atk|1
|-fieldstart|move: Electric Terrain|[from] ability: Hadron Engine|[of] p1a: Miraidon
|turn|1
|inactive|Grade a type b has 30 seconds left.
|
|t:|1750745335
|move|p2b: Zacian|Protect|p2b: Zacian
|-singleturn|p2b: Zacian|Protect
|move|p1b: Raichu|Fake Out|p2b: Zacian
|-activate|p2b: Zacian|move: Protect
|move|p1a: Miraidon|Volt Switch|p2a: Sinistcha
|-resisted|p2a: Sinistcha
|-damage|p2a: Sinistcha|48/100
|-enditem|p2a: Sinistcha|Sitrus Berry|[eat]
|-heal|p2a: Sinistcha|73/100|[from] item: Sitrus Berry
|
|t:|1750745344
|switch|p1a: Volcarona|Volcarona, L50, M|100/100|[from] Volt Switch
|move|p2a: Sinistcha|Shadow Ball|p1b: Raichu
|-supereffective|p1b: Raichu
|-enditem|p1b: Raichu|Focus Sash
|-damage|p1b: Raichu|1/100
|
|upkeep
|turn|2
|
|t:|1750745365
|-terastallize|p2b: Zacian|Ground
|move|p2a: Sinistcha|Rage Powder|p2a: Sinistcha
|-singleturn|p2a: Sinistcha|move: Rage Powder
|move|p1b: Raichu|Encore|p2a: Sinistcha
|-start|p2a: Sinistcha|Encore
|move|p2b: Zacian|Tera Blast|p1a: Volcarona|[anim] Tera Blast Ground
|-damage|p1a: Volcarona|21/100
|move|p1a: Volcarona|Fiery Dance|p2a: Sinistcha
|-supereffective|p2a: Sinistcha
|-damage|p2a: Sinistcha|4/100
|
|upkeep
|turn|3
|inactive|bananahammuck has 30 seconds left.
|
|t:|1750745394
|switch|p1b: Calyrex|Calyrex-Ice, L50|100/100
|-ability|p1b: Calyrex|As One
|-ability|p1b: Calyrex|Unnerve
|move|p1a: Volcarona|Rage Powder|p1a: Volcarona
|-singleturn|p1a: Volcarona|move: Rage Powder
|move|p2a: Sinistcha|Rage Powder|p2a: Sinistcha
|-singleturn|p2a: Sinistcha|move: Rage Powder
|move|p2b: Zacian|Tera Blast|p1a: Volcarona|[anim] Tera Blast Ground
|-damage|p1a: Volcarona|0 fnt
|faint|p1a: Volcarona
|
|upkeep
|
|t:|1750745403
|switch|p1a: Raichu|Raichu-Alola, L50, F|1/100
|turn|4
|
|t:|1750745414
|switch|p2a: Incineroar|Incineroar, L50, F|100/100
|-ability|p2a: Incineroar|Intimidate|boost
|-unboost|p1a: Raichu|atk|1
|-fail|p1b: Calyrex|unboost|[from] item: Clear Amulet|[of] p1b: Calyrex
|move|p2b: Zacian|Protect|p2b: Zacian
|-singleturn|p2b: Zacian|Protect
|move|p1a: Raichu|Fake Out|p2b: Zacian
|-activate|p2b: Zacian|move: Protect
|move|p1b: Calyrex|Glacial Lance|p2a: Incineroar|[spread] p2a
|-activate|p2b: Zacian|move: Protect
|-resisted|p2a: Incineroar
|-damage|p2a: Incineroar|81/100
|
|upkeep
|turn|5
|inactive|bananahammuck has 30 seconds left.
|
|t:|1750745446
|switch|p2b: Sinistcha|Sinistcha, L50|4/100
|-heal|p2a: Incineroar|100/100|[from] ability: Hospitality|[of] p2b: Sinistcha
|-terastallize|p1a: Raichu|Ghost
|move|p1a: Raichu|Encore||[still]
|-fail|p1a: Raichu
|move|p2a: Incineroar|Knock Off|p1b: Calyrex
|-supereffective|p1b: Calyrex
|-damage|p1b: Calyrex|50/100
|-enditem|p1b: Calyrex|Clear Amulet|[from] move: Knock Off|[of] p2a: Incineroar
|move|p1b: Calyrex|Trick Room|p1b: Calyrex
|-fieldstart|move: Trick Room|[of] p1b: Calyrex
|
|-fieldend|move: Electric Terrain
|upkeep
|turn|6
|inactive|bananahammuck has 30 seconds left.
|inactive|Grade a type b has 30 seconds left.
|inactive|bananahammuck has 20 seconds left.
|
|t:|1750745486
|switch|p1a: Miraidon|Miraidon, L50|100/100
|-fieldstart|move: Electric Terrain|[from] ability: Hadron Engine|[of] p1a: Miraidon
|move|p1b: Calyrex|Protect|p1b: Calyrex
|-singleturn|p1b: Calyrex|Protect
|move|p2b: Sinistcha|Rage Powder|p2b: Sinistcha
|-singleturn|p2b: Sinistcha|move: Rage Powder
|move|p2a: Incineroar|Parting Shot|p1b: Calyrex
|-activate|p1b: Calyrex|move: Protect
|
|upkeep
|turn|7
|
|t:|1750745501
|move|p1b: Calyrex|Glacial Lance|p2a: Incineroar|[spread] p2a,p2b
|-resisted|p2a: Incineroar
|-supereffective|p2b: Sinistcha
|-damage|p2a: Incineroar|79/100
|-damage|p2b: Sinistcha|0 fnt
|faint|p2b: Sinistcha
|-ability|p1b: Calyrex|Chilling Neigh|boost
|-boost|p1b: Calyrex|atk|1
|move|p2a: Incineroar|Parting Shot|p1b: Calyrex
|-unboost|p1b: Calyrex|atk|1
|-unboost|p1b: Calyrex|spa|1
|
|t:|1750745504
|switch|p2a: Zacian|Zacian-Crowned, L50, tera:Ground|100/100|[from] Parting Shot
|move|p1a: Miraidon|Electro Drift|p2a: Zacian
|-immune|p2a: Zacian
|
|upkeep
|
|t:|1750745506
|switch|p2b: Incineroar|Incineroar, L50, F|79/100
|-ability|p2b: Incineroar|Intimidate|boost
|-unboost|p1a: Miraidon|atk|1
|-unboost|p1b: Calyrex|atk|1
|turn|8
|
|t:|1750745532
|switch|p1b: Raichu|Raichu-Alola, L50, F, tera:Ghost|1/100
|switch|p2b: Rápido|Koraidon, L50|100/100
|-weather|SunnyDay|[from] ability: Orichalcum Pulse|[of] p2b: Rápido
|-activate|p2b: Rápido|Orichalcum Pulse|[source]
|move|p2a: Zacian|Protect|p2a: Zacian
|-singleturn|p2a: Zacian|Protect
|move|p1a: Miraidon|Electro Drift|p2b: Rápido
|-resisted|p2b: Rápido
|-damage|p2b: Rápido|25/100
|
|-weather|SunnyDay|[upkeep]
|upkeep
|turn|9
|
|t:|1750745552
|switch|p2a: Incineroar|Incineroar, L50, F|79/100
|-ability|p2a: Incineroar|Intimidate|boost
|-unboost|p1a: Miraidon|atk|1
|-unboost|p1b: Raichu|atk|1
|move|p2b: Rápido|Protect|p2b: Rápido
|-singleturn|p2b: Rápido|Protect
|move|p1a: Miraidon|Electro Drift|p2b: Rápido
|-activate|p2b: Rápido|move: Protect
|move|p1b: Raichu|Encore||[still]
|-fail|p1b: Raichu
|
|-weather|SunnyDay|[upkeep]
|-fieldend|move: Trick Room
|upkeep
|turn|10
|inactive|Grade a type b has 30 seconds left.
|inactive|bananahammuck has 30 seconds left.
|inactive|bananahammuck has 20 seconds left.
|inactive|bananahammuck has 15 seconds left.
|
|t:|1750745599
|switch|p1b: Calyrex|Calyrex-Ice, L50|50/100
|-ability|p1b: Calyrex|As One
|-ability|p1b: Calyrex|Unnerve
|move|p2a: Incineroar|Fake Out|p1a: Miraidon
|-damage|p1a: Miraidon|91/100
|move|p2b: Rápido|Flame Charge|p1b: Calyrex
|-supereffective|p1b: Calyrex
|-damage|p1b: Calyrex|0 fnt
|-boost|p2b: Rápido|spe|1
|faint|p1b: Calyrex
|-damage|p2b: Rápido|15/100|[from] item: Life Orb
|cant|p1a: Miraidon|flinch
|
|-weather|SunnyDay|[upkeep]
|-fieldend|move: Electric Terrain
|upkeep
|
|t:|1750745608
|switch|p1b: Raichu|Raichu-Alola, L50, F, tera:Ghost|1/100
|turn|11
|-message|bananahammuck forfeited.
|
|win|Grade a type b
|raw|bananahammuck's rating: 1474 &rarr; <strong>1454</strong><br />(-20 for losing)
|raw|Grade a type b's rating: 1478 &rarr; <strong>1498</strong><br />(+20 for winning)
|l|☆bananahammuck
|player|p1|
|l|☆Grade a type b
|player|p2|
