|j|☆munchingamer659
|j|☆Troll con perish
|t:|1750748714
|gametype|doubles
|player|p1|munchingamer659|lucas|1100
|player|p2|Troll con perish|266|1135
|teamsize|p1|6
|teamsize|p2|6
|gen|9
|tier|[Gen 9] VGC 2025 Reg I
|rated|
|rule|Species Clause: Limit one of each Pokémon
|rule|Item Clause: Limit 1 of each item
|clearpoke
|poke|p1|Incineroar, L50, M|
|poke|p1|Rillaboom, L50, M|
|poke|p1|Ogerpon-Hearthflame, L50, F|
|poke|p1|Calyrex-Shadow, L50|
|poke|p1|Miraidon, L50|
|poke|p1|Urshifu-*, L50, F|
|poke|p2|Politoed, L50, M|
|poke|p2|Ludicolo, L50, M|
|poke|p2|Gothitelle, L50, F|
|poke|p2|Hitmontop, L50, M|
|poke|p2|Calyrex-Ice, L50|
|poke|p2|Flutter Mane, L50|
|teampreview|4
|inactive|Battle timer is ON: inactive players will automatically lose when time's up. (requested by Troll con perish)
|inactive|munchingamer659 also wants the timer to be on.
Troll con perish rejected open team sheets.
|
|t:|1750748735
|start
|switch|p1a: Incineroar|Incineroar, L50, M|100/100
|switch|p1b: Calyrex|Calyrex-Shadow, L50|100/100
|switch|p2a: DADDY CHILL:)|Calyrex-Ice, L50|100/100
|switch|p2b: 321.LET IT RIP!!!|Hitmontop, L50, M, shiny|100/100
|-ability|p1b: Calyrex|As One
|-ability|p1b: Calyrex|Unnerve
|-ability|p2a: DADDY CHILL:)|As One
|-ability|p2a: DADDY CHILL:)|Unnerve
|-ability|p2b: 321.LET IT RIP!!!|Intimidate|boost
|-unboost|p1a: Incineroar|atk|1
|-unboost|p1b: Calyrex|atk|1
|-ability|p1a: Incineroar|Intimidate|boost
|-fail|p2a: DADDY CHILL:)|unboost|[from] item: Clear Amulet|[of] p2a: DADDY CHILL:)
|-unboost|p2b: 321.LET IT RIP!!!|atk|1
|turn|1
|inactive|munchingamer659 has 30 seconds left.
|inactive|munchingamer659 has 20 seconds left.
|
|t:|1750748772
|-terastallize|p2b: 321.LET IT RIP!!!|Steel
|move|p2b: 321.LET IT RIP!!!|Wide Guard|p2b: 321.LET IT RIP!!!
|-singleturn|p2b: 321.LET IT RIP!!!|Wide Guard
|move|p1b: Calyrex|Astral Barrage|p2b: 321.LET IT RIP!!!|[spread] 
|-activate|p2a: DADDY CHILL:)|move: Wide Guard
|-activate|p2b: 321.LET IT RIP!!!|move: Wide Guard
|move|p1a: Incineroar|Flare Blitz|p2a: DADDY CHILL:)
|-supereffective|p2a: DADDY CHILL:)
|-damage|p2a: DADDY CHILL:)|68/100
|-damage|p1a: Incineroar|90/100|[from] Recoil
|move|p2a: DADDY CHILL:)|Glacial Lance|p1a: Incineroar|[spread] p1a,p1b
|-resisted|p1a: Incineroar
|-damage|p1a: Incineroar|69/100
|-damage|p1b: Calyrex|37/100
|
|upkeep
|turn|2
|
|t:|1750748788
|move|p2b: 321.LET IT RIP!!!|Wide Guard|p2b: 321.LET IT RIP!!!
|-singleturn|p2b: 321.LET IT RIP!!!|Wide Guard
|move|p1b: Calyrex|Psychic|p2a: DADDY CHILL:)
|-resisted|p2a: DADDY CHILL:)
|-damage|p2a: DADDY CHILL:)|50/100
|move|p1a: Incineroar|Flare Blitz|p2a: DADDY CHILL:)
|-supereffective|p2a: DADDY CHILL:)
|-damage|p2a: DADDY CHILL:)|14/100
|-damage|p1a: Incineroar|57/100|[from] Recoil
|move|p2a: DADDY CHILL:)|Glacial Lance|p1a: Incineroar|[spread] p1a,p1b
|-resisted|p1a: Incineroar
|-damage|p1a: Incineroar|32/100
|-damage|p1b: Calyrex|0 fnt
|faint|p1b: Calyrex
|-ability|p2a: DADDY CHILL:)|Chilling Neigh|boost
|-boost|p2a: DADDY CHILL:)|atk|1
|
|upkeep
|
|t:|1750748798
|switch|p1b: Miraidon|Miraidon, L50|100/100
|-fieldstart|move: Electric Terrain|[from] ability: Hadron Engine|[of] p1b: Miraidon
|turn|3
|
|t:|1750748811
|switch|p2b: ITS NOT A PHASE!|Gothitelle, L50, F|100/100
|move|p2a: DADDY CHILL:)|Protect|p2a: DADDY CHILL:)
|-singleturn|p2a: DADDY CHILL:)|Protect
|move|p1b: Miraidon|Electro Drift|p2a: DADDY CHILL:)
|-activate|p2a: DADDY CHILL:)|move: Protect
|move|p1a: Incineroar|Flare Blitz|p2b: ITS NOT A PHASE!
|-damage|p2b: ITS NOT A PHASE!|73/100
|-damage|p1a: Incineroar|24/100|[from] Recoil
|
|upkeep
|turn|4
|inactive|Troll con perish has 30 seconds left.
|inactive|Troll con perish has 20 seconds left.
|inactive|Troll con perish has 15 seconds left.
|
|t:|1750748854
|switch|p2b: FAVORITE CHILD:D|Politoed, L50, M|100/100
|-weather|RainDance|[from] ability: Drizzle|[of] p2b: FAVORITE CHILD:D
|switch|p2a: 321.LET IT RIP!!!|Hitmontop, L50, M, shiny, tera:Steel|100/100
|-ability|p2a: 321.LET IT RIP!!!|Intimidate|boost
|-unboost|p1a: Incineroar|atk|1
|-unboost|p1b: Miraidon|atk|1
|move|p1b: Miraidon|Electro Drift|p2a: 321.LET IT RIP!!!
|-damage|p2a: 321.LET IT RIP!!!|22/100
|-enditem|p2a: 321.LET IT RIP!!!|Eject Button
|
|t:|1750748868
|switch|p2a: ITS NOT A PHASE!|Gothitelle, L50, F|73/100
|move|p1a: Incineroar|Knock Off|p2b: FAVORITE CHILD:D
|-damage|p2b: FAVORITE CHILD:D|81/100
|-enditem|p2b: FAVORITE CHILD:D|Leftovers|[from] move: Knock Off|[of] p1a: Incineroar
|
|-weather|RainDance|[upkeep]
|upkeep
|turn|5
|
|t:|1750748883
|move|p2a: ITS NOT A PHASE!|Fake Out|p1b: Miraidon
|-damage|p1b: Miraidon|94/100
|cant|p1b: Miraidon|flinch
|move|p2b: FAVORITE CHILD:D|Weather Ball|p1a: Incineroar
|-supereffective|p1a: Incineroar
|-damage|p1a: Incineroar|0 fnt
|faint|p1a: Incineroar
|
|-weather|RainDance|[upkeep]
|upkeep
|
|t:|1750748888
|switch|p1a: Urshifu|Urshifu-Rapid-Strike, L50, F|100/100
|turn|6
|
|t:|1750748899
|switch|p2b: DADDY CHILL:)|Calyrex-Ice, L50|14/100
|-ability|p2b: DADDY CHILL:)|As One
|-ability|p2b: DADDY CHILL:)|Unnerve
|move|p1a: Urshifu|Close Combat|p2a: ITS NOT A PHASE!
|-resisted|p2a: ITS NOT A PHASE!
|-damage|p2a: ITS NOT A PHASE!|44/100
|-unboost|p1a: Urshifu|def|1
|-unboost|p1a: Urshifu|spd|1
|-enditem|p2a: ITS NOT A PHASE!|Sitrus Berry|[eat]
|-heal|p2a: ITS NOT A PHASE!|69/100|[from] item: Sitrus Berry
|move|p1b: Miraidon|Electro Drift|p2b: DADDY CHILL:)
|-damage|p2b: DADDY CHILL:)|0 fnt
|faint|p2b: DADDY CHILL:)
|move|p2a: ITS NOT A PHASE!|Trick Room|p2a: ITS NOT A PHASE!
|-fieldstart|move: Trick Room|[of] p2a: ITS NOT A PHASE!
|
|-weather|RainDance|[upkeep]
|upkeep
|
|t:|1750748922
|switch|p2b: 321.LET IT RIP!!!|Hitmontop, L50, M, shiny, tera:Steel|22/100
|-ability|p2b: 321.LET IT RIP!!!|Intimidate|boost
|-unboost|p1a: Urshifu|atk|1
|-unboost|p1b: Miraidon|atk|1
|turn|7
|
|t:|1750748933
|-terastallize|p1b: Miraidon|Fairy
|move|p2b: 321.LET IT RIP!!!|Fake Out|p1b: Miraidon
|-damage|p1b: Miraidon|85/100
|move|p2a: ITS NOT A PHASE!|Psychic|p1a: Urshifu
|-supereffective|p1a: Urshifu
|-damage|p1a: Urshifu|0 fnt
|faint|p1a: Urshifu
|cant|p1b: Miraidon|flinch
|
|-weather|RainDance|[upkeep]
|-fieldend|move: Electric Terrain
|upkeep
|turn|8
|
|t:|1750748950
|switch|p2b: FAVORITE CHILD:D|Politoed, L50, M|81/100
|move|p2a: ITS NOT A PHASE!|Psychic|p1b: Miraidon
|-damage|p1b: Miraidon|56/100
|move|p1b: Miraidon|Electro Drift|p2a: ITS NOT A PHASE!
|-damage|p2a: ITS NOT A PHASE!|26/100
|
|-weather|none
|upkeep
|turn|9
|
|t:|1750748967
|switch|p2a: 321.LET IT RIP!!!|Hitmontop, L50, M, shiny, tera:Steel|22/100
|-ability|p2a: 321.LET IT RIP!!!|Intimidate|boost
|-unboost|p1b: Miraidon|atk|1
|move|p2b: FAVORITE CHILD:D|Protect|p2b: FAVORITE CHILD:D
|-singleturn|p2b: FAVORITE CHILD:D|Protect
|move|p1b: Miraidon|Electro Drift|p2b: FAVORITE CHILD:D
|-activate|p2b: FAVORITE CHILD:D|move: Protect
|
|upkeep
|turn|10
|
|t:|1750748977
|move|p1b: Miraidon|Protect|p1b: Miraidon
|-singleturn|p1b: Miraidon|Protect
|move|p2a: 321.LET IT RIP!!!|Fake Out|p1b: Miraidon
|-activate|p1b: Miraidon|move: Protect
|move|p2b: FAVORITE CHILD:D|Perish Song|p2b: FAVORITE CHILD:D
|-start|p1b: Miraidon|perish3|[silent]
|-start|p2a: 321.LET IT RIP!!!|perish3|[silent]
|-start|p2b: FAVORITE CHILD:D|perish3|[silent]
|-fieldactivate|move: Perish Song
|
|-start|p2b: FAVORITE CHILD:D|perish3
|-start|p2a: 321.LET IT RIP!!!|perish3
|-start|p1b: Miraidon|perish3
|-fieldend|move: Trick Room
|upkeep
|turn|11
|
|t:|1750749002
|switch|p2a: ITS NOT A PHASE!|Gothitelle, L50, F|26/100
|move|p2b: FAVORITE CHILD:D|Protect|p2b: FAVORITE CHILD:D
|-singleturn|p2b: FAVORITE CHILD:D|Protect
|move|p1b: Miraidon|Electro Drift|p2b: FAVORITE CHILD:D
|-activate|p2b: FAVORITE CHILD:D|move: Protect
|
|-start|p1b: Miraidon|perish2
|-start|p2b: FAVORITE CHILD:D|perish2
|upkeep
|turn|12
|
|t:|1750749014
|switch|p2b: 321.LET IT RIP!!!|Hitmontop, L50, M, shiny, tera:Steel|22/100
|-ability|p2b: 321.LET IT RIP!!!|Intimidate|boost
|-unboost|p1b: Miraidon|atk|1
|move|p2a: ITS NOT A PHASE!|Fake Out|p1b: Miraidon
|-damage|p1b: Miraidon|49/100
|cant|p1b: Miraidon|flinch
|
|-start|p1b: Miraidon|perish1
|upkeep
|turn|13
|-message|munchingamer659 forfeited.
|
|win|Troll con perish
|raw|munchingamer659's rating: 1100 &rarr; <strong>1078</strong><br />(-22 for losing)
|raw|Troll con perish's rating: 1135 &rarr; <strong>1157</strong><br />(+22 for winning)
|l|☆munchingamer659
|player|p1|
|l|☆Troll con perish
|player|p2|
