|j|☆MolassesPotato
|j|☆IdkImScared
|t:|1750740237
|gametype|doubles
|player|p1|MolassesPotato|jogger|1206
|player|p2|IdkImScared|workerice|1209
|teamsize|p1|6
|teamsize|p2|6
|gen|9
|tier|[Gen 9] VGC 2025 Reg I
|rated|
|rule|Species Clause: Limit one of each Pokémon
|rule|Item Clause: Limit 1 of each item
|clearpoke
|poke|p1|Terapagos, L50, M|
|poke|p1|Calyrex-Shadow, L50|
|poke|p1|Incineroar, L50, F|
|poke|p1|Rillaboom, L50, M|
|poke|p1|Scream Tail, L50|
|poke|p1|Ogerpon-Cornerstone, L50, F|
|poke|p2|Dialga-Origin, L50|
|poke|p2|Miraidon, L50|
|poke|p2|Ursaluna, L50, M|
|poke|p2|Incineroar, L50, F|
|poke|p2|Tornadus, L50, M|
|poke|p2|Urshifu-*, L50, F|
|teampreview|4
MolassesPotato has agreed to open team sheets.
|inactive|Battle timer is ON: inactive players will automatically lose when time's up. (requested by IdkImScared)
|inactive|MolassesPotato has 60 seconds left.
|
|t:|1750740319
|start
|switch|p1a: Terapagos|Terapagos, L50, M|100/100
|switch|p1b: Incineroar|Incineroar, L50, F, shiny|100/100
|switch|p2a: Tornadus|Tornadus, L50, M|100/100
|switch|p2b: Incineroar|Incineroar, L50, F|100/100
|-activate|p1a: Terapagos|ability: Tera Shift
|detailschange|p1a: Terapagos|Terapagos-Terastal, L50, M
|-heal|p1a: Terapagos|100/100|[silent]
|-ability|p2b: Incineroar|Intimidate|boost
|-unboost|p1a: Terapagos|atk|1
|-unboost|p1b: Incineroar|atk|1
|-ability|p1b: Incineroar|Intimidate|boost
|-unboost|p2a: Tornadus|atk|1
|-unboost|p2b: Incineroar|atk|1
|turn|1
|inactive|MolassesPotato has 30 seconds left.
|inactive|MolassesPotato has 20 seconds left.
|
|t:|1750740358
|switch|p1a: Calyrex|Calyrex-Shadow, L50|100/100
|-ability|p1a: Calyrex|As One
|-ability|p1a: Calyrex|Unnerve
|move|p2a: Tornadus|Tailwind|p2a: Tornadus
|-sidestart|p2: IdkImScared|move: Tailwind
|move|p2b: Incineroar|U-turn|p1a: Calyrex
|-damage|p1a: Calyrex|85/100
|
|t:|1750740372
|switch|p2b: Miraidon|Miraidon, L50|100/100|[from] U-turn
|-fieldstart|move: Electric Terrain|[from] ability: Hadron Engine|[of] p2b: Miraidon
|move|p1b: Incineroar|Knock Off|p2a: Tornadus
|-damage|p2a: Tornadus|71/100
|-enditem|p2a: Tornadus|Covert Cloak|[from] move: Knock Off|[of] p1b: Incineroar
|
|upkeep
|turn|2
|inactive|MolassesPotato has 30 seconds left.
|
|t:|1750740400
|switch|p2a: Dialga|Dialga-Origin, L50|100/100
|switch|p1b: Rillaboom|Rillaboom, L50, M, shiny|100/100
|-fieldstart|move: Grassy Terrain|[from] ability: Grassy Surge|[of] p1b: Rillaboom
|-terastallize|p2b: Miraidon|Electric
|move|p1a: Calyrex|Protect|p1a: Calyrex
|-singleturn|p1a: Calyrex|Protect
|move|p2b: Miraidon|Discharge|p1a: Calyrex|[spread] p1b
|-activate|p1a: Calyrex|move: Protect
|-activate|p2a: Dialga|ability: Telepathy
|-resisted|p1b: Rillaboom
|-damage|p1b: Rillaboom|71/100
|
|-heal|p1a: Calyrex|91/100|[from] Grassy Terrain
|-heal|p1b: Rillaboom|77/100|[from] Grassy Terrain
|upkeep
|turn|3
|inactive|MolassesPotato has 30 seconds left.
|inactive|IdkImScared has 30 seconds left.
|inactive|MolassesPotato has 20 seconds left.
|inactive|IdkImScared has 20 seconds left.
|inactive|MolassesPotato has 15 seconds left.
|
|t:|1750740444
|switch|p2b: Incineroar|Incineroar, L50, F|100/100
|-ability|p2b: Incineroar|Intimidate|boost
|-unboost|p1a: Calyrex|atk|1
|-unboost|p1b: Rillaboom|atk|1
|switch|p1a: Incineroar|Incineroar, L50, F, shiny|100/100
|-ability|p1a: Incineroar|Intimidate|boost
|-unboost|p2a: Dialga|atk|1
|-unboost|p2b: Incineroar|atk|1
|move|p1b: Rillaboom|Fake Out|p2b: Incineroar
|-damage|p2b: Incineroar|93/100
|move|p2a: Dialga|Dragon Pulse|p1a: Incineroar
|-damage|p1a: Incineroar|36/100
|
|-heal|p2b: Incineroar|99/100|[from] Grassy Terrain
|-heal|p1b: Rillaboom|83/100|[from] Grassy Terrain
|-heal|p1a: Incineroar|42/100|[from] Grassy Terrain
|upkeep
|turn|4
|inactive|MolassesPotato has 30 seconds left.
|
|t:|1750740479
|switch|p1b: Terapagos|Terapagos-Terastal, L50, M|100/100
|switch|p1a: Calyrex|Calyrex-Shadow, L50|91/100
|-ability|p1a: Calyrex|As One
|-ability|p1a: Calyrex|Unnerve
|move|p2a: Dialga|Protect|p2a: Dialga
|-singleturn|p2a: Dialga|Protect
|move|p2b: Incineroar|U-turn|p1b: Terapagos
|-activate|p1b: Terapagos|ability: Tera Shell
|-resisted|p1b: Terapagos
|-damage|p1b: Terapagos|95/100
|
|t:|1750740498
|switch|p2b: Miraidon|Miraidon, L50, tera:Electric|100/100|[from] U-turn
|-fieldstart|move: Electric Terrain|[from] ability: Hadron Engine|[of] p2b: Miraidon
|
|-heal|p1b: Terapagos|100/100|[from] item: Leftovers
|-sideend|p2: IdkImScared|move: Tailwind
|upkeep
|turn|5
|inactive|MolassesPotato has 30 seconds left.
|
|t:|1750740530
|switch|p2b: Incineroar|Incineroar, L50, F|99/100
|-ability|p2b: Incineroar|Intimidate|boost
|-unboost|p1a: Calyrex|atk|1
|-unboost|p1b: Terapagos|atk|1
|move|p1a: Calyrex|Astral Barrage|p2b: Incineroar|[spread] p2a,p2b
|-resisted|p2b: Incineroar
|-damage|p2a: Dialga|62/100
|-damage|p2b: Incineroar|81/100
|move|p2a: Dialga|Dragon Pulse|p1a: Calyrex
|-damage|p1a: Calyrex|19/100
|move|p1b: Terapagos|Tera Starstorm|p2b: Incineroar
|-damage|p2b: Incineroar|47/100
|
|upkeep
|turn|6
|inactive|IdkImScared has 30 seconds left.
|
|t:|1750740556
|switch|p1a: Rillaboom|Rillaboom, L50, M, shiny|83/100
|-fieldstart|move: Grassy Terrain|[from] ability: Grassy Surge|[of] p1a: Rillaboom
|move|p2b: Incineroar|Fake Out|p1b: Terapagos
|-activate|p1b: Terapagos|ability: Tera Shell
|-resisted|p1b: Terapagos
|-damage|p1b: Terapagos|96/100
|move|p2a: Dialga|Dragon Pulse|p1a: Rillaboom
|-damage|p1a: Rillaboom|19/100
|cant|p1b: Terapagos|flinch
|
|-heal|p1a: Rillaboom|24/100|[from] Grassy Terrain
|-heal|p2a: Dialga|68/100|[from] Grassy Terrain
|-heal|p1b: Terapagos|100/100|[from] Grassy Terrain
|-heal|p2b: Incineroar|53/100|[from] Grassy Terrain
|upkeep
|turn|7
|inactive|MolassesPotato has 30 seconds left.
|inactive|IdkImScared has 30 seconds left.
|
|t:|1750740586
|switch|p1a: Incineroar|Incineroar, L50, F, shiny|42/100
|-ability|p1a: Incineroar|Intimidate|boost
|-unboost|p2a: Dialga|atk|1
|-unboost|p2b: Incineroar|atk|1
|move|p2a: Dialga|Dragon Pulse|p1a: Incineroar
|-damage|p1a: Incineroar|0 fnt
|faint|p1a: Incineroar
|move|p1b: Terapagos|Calm Mind|p1b: Terapagos
|-boost|p1b: Terapagos|spa|1
|-boost|p1b: Terapagos|spd|1
|move|p2b: Incineroar|U-turn|p1b: Terapagos
|-activate|p1b: Terapagos|ability: Tera Shell
|-resisted|p1b: Terapagos
|-damage|p1b: Terapagos|95/100
|
|t:|1750740599
|switch|p2b: Tornadus|Tornadus, L50, M|71/100|[from] U-turn
|
|-heal|p2a: Dialga|74/100|[from] Grassy Terrain
|-heal|p1b: Terapagos|100/100|[from] Grassy Terrain
|upkeep
|
|t:|1750740613
|switch|p1a: Calyrex|Calyrex-Shadow, L50|19/100
|-ability|p1a: Calyrex|As One
|-ability|p1a: Calyrex|Unnerve
|turn|8
|
|t:|1750740630
|-terastallize|p1b: Terapagos|Stellar
|detailschange|p1b: Terapagos|Terapagos-Stellar, L50, M, tera:Stellar
|-heal|p1b: Terapagos|100/100|[silent]
|-ability|p1b: Terapagos|Teraform Zero
|-fieldend|move: Grassy Terrain
|move|p2b: Tornadus|Tailwind|p2b: Tornadus
|-sidestart|p2: IdkImScared|move: Tailwind
|move|p2a: Dialga|Dragon Pulse|p1a: Calyrex
|-damage|p1a: Calyrex|0 fnt
|faint|p1a: Calyrex
|move|p1b: Terapagos|Tera Starstorm|p2a: Dialga|[spread] p2a,p2b
|-crit|p2a: Dialga
|-damage|p2a: Dialga|9/100
|-damage|p2b: Tornadus|19/100
|
|upkeep
|
|t:|1750740644
|switch|p1a: Rillaboom|Rillaboom, L50, M, shiny|24/100
|-fieldstart|move: Grassy Terrain|[from] ability: Grassy Surge|[of] p1a: Rillaboom
|turn|9
|
|t:|1750740665
|move|p2b: Tornadus|Taunt|p1b: Terapagos
|-start|p1b: Terapagos|move: Taunt
|move|p1a: Rillaboom|Grassy Glide|p2b: Tornadus
|-resisted|p2b: Tornadus
|-damage|p2b: Tornadus|0 fnt
|faint|p2b: Tornadus
|move|p2a: Dialga|Dragon Pulse|p1a: Rillaboom
|-damage|p1a: Rillaboom|0 fnt
|faint|p1a: Rillaboom
|cant|p1b: Terapagos|move: Taunt|Calm Mind
|
|-heal|p2a: Dialga|15/100|[from] Grassy Terrain
|upkeep
|
|t:|1750740681
|switch|p2b: Miraidon|Miraidon, L50, tera:Electric|100/100
|-fieldstart|move: Electric Terrain|[from] ability: Hadron Engine|[of] p2b: Miraidon
|turn|10
|
|t:|1750740694
|move|p2b: Miraidon|Electro Drift|p1b: Terapagos
|-damage|p1b: Terapagos|26/100
|move|p2a: Dialga|Dragon Pulse|p1b: Terapagos
|-damage|p1b: Terapagos|0 fnt
|faint|p1b: Terapagos
|detailschange|p1: Terapagos|Terapagos, L50, M|[silent]
|
|win|IdkImScared
|raw|MolassesPotato's rating: 1206 &rarr; <strong>1181</strong><br />(-25 for losing)
|raw|IdkImScared's rating: 1209 &rarr; <strong>1234</strong><br />(+25 for winning)
|c|☆IdkImScared|gg
|l|☆MolassesPotato
|player|p1|
