|j|☆beastista
|j|☆NotNorl
|t:|1750720260
|gametype|doubles
|player|p1|beastista|2|1124
|player|p2|NotNorl|hugh|1200
|teamsize|p1|6
|teamsize|p2|6
|gen|9
|tier|[Gen 9] VGC 2025 Reg I
|rated|
|rule|Species Clause: Limit one of each Pokémon
|rule|Item Clause: Limit 1 of each item
|clearpoke
|poke|p1|Iron Jugulis, L50|
|poke|p1|Pincurchin, L50, M|
|poke|p1|Rotom-Frost, L50|
|poke|p1|Iron Valiant, L50|
|poke|p1|Iron Boulder, L50|
|poke|p1|Iron Hands, L50|
|poke|p2|Incineroar, L50, F|
|poke|p2|Amoonguss, L50, F|
|poke|p2|Calyrex-Ice, L50|
|poke|p2|Miraidon, L50|
|poke|p2|Ursaluna, L50, M|
|poke|p2|Urshifu-*, L50, M|
|teampreview|4
|inactive|Battle timer is ON: inactive players will automatically lose when time's up. (requested by NotNorl)
|inactive|beastista has 60 seconds left.
|
|t:|1750720302
|start
|switch|p1a: Iron Valiant|Iron Valiant, L50|100/100
|switch|p1b: Iron Jugulis|Iron Jugulis, L50|100/100
|switch|p2a: Calyrex|Calyrex-Ice, L50|100/100
|switch|p2b: Ursaluna|Ursaluna, L50, M|100/100
|-ability|p2a: Calyrex|As One
|-ability|p2a: Calyrex|Unnerve
|turn|1
|
|t:|1750720317
|move|p2b: Ursaluna|Protect|p2b: Ursaluna
|-singleturn|p2b: Ursaluna|Protect
|move|p1a: Iron Valiant|Moonblast|p2a: Calyrex
|-damage|p2a: Calyrex|70/100
|move|p1b: Iron Jugulis|Dark Pulse|p2a: Calyrex
|-supereffective|p2a: Calyrex
|-damage|p2a: Calyrex|0 fnt
|faint|p2a: Calyrex
|
|-status|p2b: Ursaluna|brn|[from] item: Flame Orb
|upkeep
|
|t:|1750720332
|switch|p2a: Incineroar|Incineroar, L50, F|100/100
|-ability|p2a: Incineroar|Intimidate|boost
|-unboost|p1a: Iron Valiant|atk|1
|-unboost|p1b: Iron Jugulis|atk|1
|turn|2
|
|t:|1750720350
|move|p2a: Incineroar|Fake Out|p1a: Iron Valiant
|-crit|p1a: Iron Valiant
|-damage|p1a: Iron Valiant|81/100
|cant|p1a: Iron Valiant|flinch
|move|p1b: Iron Jugulis|Dark Pulse|p2b: Ursaluna
|-damage|p2b: Ursaluna|48/100 brn
|move|p2b: Ursaluna|Facade|p1a: Iron Valiant
|-damage|p1a: Iron Valiant|0 fnt
|faint|p1a: Iron Valiant
|-end|p1a: Iron Valiant|Quark Drive|[silent]
|
|-damage|p2b: Ursaluna|42/100 brn|[from] brn
|upkeep
|
|t:|1750720373
|switch|p1a: Iron Hands|Iron Hands, L50|100/100
|turn|3
|
|t:|1750720388
|switch|p2b: Miraidon|Miraidon, L50|100/100
|-fieldstart|move: Electric Terrain|[from] ability: Hadron Engine|[of] p2b: Miraidon
|-activate|p1b: Iron Jugulis|ability: Quark Drive
|-start|p1b: Iron Jugulis|quarkdrivespa
|-activate|p1a: Iron Hands|ability: Quark Drive
|-start|p1a: Iron Hands|quarkdriveatk
|move|p1b: Iron Jugulis|Dark Pulse|p2b: Miraidon
|-damage|p2b: Miraidon|27/100
|move|p2a: Incineroar|Parting Shot|p1b: Iron Jugulis
|-unboost|p1b: Iron Jugulis|atk|1
|-unboost|p1b: Iron Jugulis|spa|1
|
|t:|1750720401
|switch|p2a: Ursaluna|Ursaluna, L50, M|42/100 brn|[from] Parting Shot
|move|p1a: Iron Hands|Close Combat|p2a: Ursaluna
|-supereffective|p2a: Ursaluna
|-damage|p2a: Ursaluna|0 fnt
|-unboost|p1a: Iron Hands|def|1
|-unboost|p1a: Iron Hands|spd|1
|faint|p2a: Ursaluna
|
|upkeep
|
|t:|1750720404
|switch|p2a: Incineroar|Incineroar, L50, F|100/100
|-ability|p2a: Incineroar|Intimidate|boost
|-unboost|p1a: Iron Hands|atk|1
|-unboost|p1b: Iron Jugulis|atk|1
|turn|4
|
|t:|1750720425
|-end|p1a: Iron Hands|Quark Drive|[silent]
|switch|p1a: Rotom|Rotom-Frost, L50|100/100
|-terastallize|p2b: Miraidon|Fairy
|move|p2a: Incineroar|Fake Out|p1b: Iron Jugulis
|-damage|p1b: Iron Jugulis|87/100
|move|p2b: Miraidon|Dazzling Gleam|p1b: Iron Jugulis|[spread] p1a,p1b
|-supereffective|p1b: Iron Jugulis
|-damage|p1a: Rotom|37/100
|-damage|p1b: Iron Jugulis|0 fnt
|faint|p1b: Iron Jugulis
|-end|p1b: Iron Jugulis|Quark Drive|[silent]
|
|upkeep
|
|t:|1750720433
|switch|p1b: Iron Hands|Iron Hands, L50|100/100
|-activate|p1b: Iron Hands|ability: Quark Drive
|-start|p1b: Iron Hands|quarkdriveatk
|turn|5
|
|t:|1750720451
|-terastallize|p1a: Rotom|Poison
|move|p2b: Miraidon|Dazzling Gleam|p1b: Iron Hands|[spread] p1a,p1b
|-resisted|p1a: Rotom
|-supereffective|p1b: Iron Hands
|-damage|p1a: Rotom|0 fnt
|-damage|p1b: Iron Hands|30/100
|faint|p1a: Rotom
|move|p2a: Incineroar|Flare Blitz|p1b: Iron Hands
|-damage|p1b: Iron Hands|0 fnt
|faint|p1b: Iron Hands
|-end|p1b: Iron Hands|Quark Drive|[silent]
|-damage|p2a: Incineroar|89/100|[from] Recoil
|
|win|NotNorl
|raw|beastista's rating: 1124 &rarr; <strong>1104</strong><br />(-20 for losing)
|raw|NotNorl's rating: 1200 &rarr; <strong>1220</strong><br />(+20 for winning)
|l|☆NotNorl
|player|p2|
|l|☆beastista
|player|p1|
