|j|☆kiir21
|j|☆sheevp
|t:|1750853212
|gametype|doubles
|player|p1|kiir21|101|1592
|player|p2|sheevp|170|1563
|teamsize|p1|6
|teamsize|p2|6
|gen|9
|tier|[Gen 9] VGC 2025 Reg I
|rated|
|rule|Species Clause: Limit one of each Pokémon
|rule|Item Clause: Limit 1 of each item
|clearpoke
|poke|p1|Miraidon, L50|
|poke|p1|Zamazenta-*, L50|
|poke|p1|Grimmsnarl, L50, M|
|poke|p1|Chien-Pao, L50|
|poke|p1|Volcarona, L50, F|
|poke|p1|Iron Hands, L50|
|poke|p2|Koraidon, L50|
|poke|p2|Brute Bonnet, L50|
|poke|p2|Rhydon, L50, M|
|poke|p2|Walking Wake, L50|
|poke|p2|Zamazenta-*, L50|
|poke|p2|Flutter Mane, L50|
|teampreview|4
|inactive|Battle timer is ON: inactive players will automatically lose when time's up. (requested by kiir21)
|
|t:|1750853232
|start
|switch|p1a: Iron Hands|Iron Hands, L50|100/100
|switch|p1b: Volcarona|Volcarona, L50, F|100/100
|switch|p2a: Koraidon|Koraidon, L50|100/100
|switch|p2b: Flutter Mane|Flutter Mane, L50|100/100
|-weather|SunnyDay|[from] ability: Orichalcum Pulse|[of] p2a: Koraidon
|-activate|p2b: Flutter Mane|ability: Protosynthesis
|-start|p2b: Flutter Mane|protosynthesisspe
|-activate|p2a: Koraidon|Orichalcum Pulse|[source]
|turn|1
|inactive|sheevp has 30 seconds left.
|
|t:|1750853263
|move|p2a: Koraidon|Protect|p2a: Koraidon
|-singleturn|p2a: Koraidon|Protect
|move|p2b: Flutter Mane|Icy Wind|p1a: Iron Hands|[spread] p1a,p1b
|-resisted|p1b: Volcarona
|-damage|p1a: Iron Hands|93/100
|-damage|p1b: Volcarona|94/100
|-unboost|p1a: Iron Hands|spe|1
|-unboost|p1b: Volcarona|spe|1
|move|p1b: Volcarona|Struggle Bug|p2b: Flutter Mane|[spread] p2b
|-activate|p2a: Koraidon|move: Protect
|-resisted|p2b: Flutter Mane
|-damage|p2b: Flutter Mane|97/100
|-unboost|p2b: Flutter Mane|spa|1
|move|p1a: Iron Hands|Wild Charge|p2b: Flutter Mane
|-damage|p2b: Flutter Mane|0 fnt
|faint|p2b: Flutter Mane
|-end|p2b: Flutter Mane|Protosynthesis|[silent]
|-damage|p1a: Iron Hands|80/100|[from] Recoil
|
|-weather|SunnyDay|[upkeep]
|-heal|p1b: Volcarona|100/100|[from] item: Leftovers
|upkeep
|
|t:|1750853269
|switch|p2b: Rhydon|Rhydon, L50, M|100/100
|turn|2
|
|t:|1750853288
|-terastallize|p2a: Koraidon|Fire
|-terastallize|p1a: Iron Hands|Water
|move|p2a: Koraidon|Flare Blitz|p1b: Volcarona
|-damage|p1b: Volcarona|0 fnt
|faint|p1b: Volcarona
|-damage|p2a: Koraidon|64/100|[from] Recoil
|-damage|p2a: Koraidon|55/100|[from] item: Life Orb
|move|p2b: Rhydon|High Horsepower|p1a: Iron Hands
|-damage|p1a: Iron Hands|39/100
|move|p1a: Iron Hands|Low Kick|p2a: Koraidon
|-damage|p2a: Koraidon|0 fnt
|faint|p2a: Koraidon
|
|-weather|SunnyDay|[upkeep]
|upkeep
|
|t:|1750853302
|switch|p2a: Zamazenta|Zamazenta-Crowned, L50|100/100
|switch|p1b: Chien-Pao|Chien-Pao, L50|100/100
|-ability|p1b: Chien-Pao|Sword of Ruin
|-ability|p2a: Zamazenta|Dauntless Shield|boost
|-boost|p2a: Zamazenta|def|1
|turn|3
|
|t:|1750853319
|move|p1b: Chien-Pao|Protect|p1b: Chien-Pao
|-singleturn|p1b: Chien-Pao|Protect
|move|p2b: Rhydon|Protect|p2b: Rhydon
|-singleturn|p2b: Rhydon|Protect
|move|p2a: Zamazenta|Body Press|p1a: Iron Hands
|-damage|p1a: Iron Hands|0 fnt
|faint|p1a: Iron Hands
|-end|p1a: Iron Hands|Quark Drive|[silent]
|
|-weather|SunnyDay|[upkeep]
|upkeep
|
|t:|1750853326
|switch|p1a: Zamazenta|Zamazenta-Crowned, L50|100/100
|-ability|p1a: Zamazenta|Dauntless Shield|boost
|-boost|p1a: Zamazenta|def|1
|turn|4
|
|t:|1750853337
|move|p1b: Chien-Pao|Icicle Crash|p2b: Rhydon
|-supereffective|p2b: Rhydon
|-damage|p2b: Rhydon|33/100
|move|p2a: Zamazenta|Body Press|p1a: Zamazenta
|-supereffective|p1a: Zamazenta
|-damage|p1a: Zamazenta|37/100
|move|p1a: Zamazenta|Heavy Slam|p2b: Rhydon
|-supereffective|p2b: Rhydon
|-damage|p2b: Rhydon|0 fnt
|faint|p2b: Rhydon
|
|-weather|SunnyDay|[upkeep]
|upkeep
|turn|5
|
|t:|1750853351
|move|p2a: Zamazenta|Protect|p2a: Zamazenta
|-singleturn|p2a: Zamazenta|Protect
|move|p1a: Zamazenta|Protect|p1a: Zamazenta
|-singleturn|p1a: Zamazenta|Protect
|move|p1b: Chien-Pao|Icicle Crash|p2a: Zamazenta
|-activate|p2a: Zamazenta|move: Protect
|
|-weather|none
|upkeep
|turn|6
|
|t:|1750853362
|move|p1a: Zamazenta|Protect|p1a: Zamazenta
|-singleturn|p1a: Zamazenta|Protect
|move|p1b: Chien-Pao|Icicle Crash|p2a: Zamazenta
|-resisted|p2a: Zamazenta
|-damage|p2a: Zamazenta|89/100
|move|p2a: Zamazenta|Body Press|p1a: Zamazenta
|-activate|p1a: Zamazenta|move: Protect
|
|upkeep
|turn|7
|
|t:|1750853374
|move|p1b: Chien-Pao|Icicle Crash|p2a: Zamazenta
|-resisted|p2a: Zamazenta
|-damage|p2a: Zamazenta|78/100
|move|p2a: Zamazenta|Body Press|p1a: Zamazenta
|-supereffective|p1a: Zamazenta
|-damage|p1a: Zamazenta|0 fnt
|faint|p1a: Zamazenta
|
|upkeep
|turn|8
|
|t:|1750853382
|move|p1b: Chien-Pao|Icicle Crash|p2a: Zamazenta
|-resisted|p2a: Zamazenta
|-damage|p2a: Zamazenta|66/100
|move|p2a: Zamazenta|Body Press|p1b: Chien-Pao
|-supereffective|p1b: Chien-Pao
|-enditem|p1b: Chien-Pao|Focus Sash
|-damage|p1b: Chien-Pao|1/100
|
|upkeep
|turn|9
|
|t:|1750853390
|move|p1b: Chien-Pao|Icicle Crash|p2a: Zamazenta
|-resisted|p2a: Zamazenta
|-damage|p2a: Zamazenta|55/100
|cant|p2a: Zamazenta|flinch
|
|upkeep
|turn|10
|
|t:|1750853395
|move|p1b: Chien-Pao|Icicle Crash|p2a: Zamazenta
|-resisted|p2a: Zamazenta
|-damage|p2a: Zamazenta|44/100
|move|p2a: Zamazenta|Body Press|p1b: Chien-Pao
|-supereffective|p1b: Chien-Pao
|-damage|p1b: Chien-Pao|0 fnt
|faint|p1b: Chien-Pao
|
|win|sheevp
|raw|kiir21's rating: 1592 &rarr; <strong>1570</strong><br />(-22 for losing)
|raw|sheevp's rating: 1563 &rarr; <strong>1585</strong><br />(+22 for winning)
|l|☆kiir21
|player|p1|
|l|☆sheevp
|player|p2|
