|j|☆Wildgoobys
|j|☆Pizzzaguy9
|t:|1750855183
|gametype|doubles
|player|p1|Wildgoobys|ethan|1464
|player|p2|Pizzzaguy9|blue|1388
|teamsize|p1|6
|teamsize|p2|6
|gen|9
|tier|[Gen 9] VGC 2025 Reg I
|rated|
|rule|Species Clause: Limit one of each Pokémon
|rule|Item Clause: Limit 1 of each item
|clearpoke
|poke|p1|Scream Tail, L50|
|poke|p1|Gothitelle, L50, F|
|poke|p1|Koraidon, L50|
|poke|p1|Zamazenta-*, L50|
|poke|p1|Flutter Mane, L50|
|poke|p1|Ditto, L50|
|poke|p2|Ho-Oh, L50|
|poke|p2|Groudon, L50|
|poke|p2|Raging Bolt, L50|
|poke|p2|Flutter Mane, L50|
|poke|p2|Indeedee-F, L50, F|
|poke|p2|Gholdengo, L50|
|teampreview|4
|inactive|Battle timer is ON: inactive players will automatically lose when time's up. (requested by Wildgoobys)
|j| CathyHeight
|
|t:|1750855204
|start
|switch|p1a: Scream Tail|Scream Tail, L50|100/100
|switch|p1b: Koraidon|Koraidon, L50|100/100
|switch|p2a: Gholdengo|Gholdengo, L50|100/100
|switch|p2b: Flutter Mane|Flutter Mane, L50|100/100
|-weather|SunnyDay|[from] ability: Orichalcum Pulse|[of] p1b: Koraidon
|-activate|p2b: Flutter Mane|ability: Protosynthesis
|-start|p2b: Flutter Mane|protosynthesisspe
|-activate|p1a: Scream Tail|ability: Protosynthesis
|-start|p1a: Scream Tail|protosynthesisspe
|-activate|p1b: Koraidon|Orichalcum Pulse|[source]
|turn|1
|inactive|Wildgoobys has 30 seconds left.
|inactive|Pizzzaguy9 has 30 seconds left.
|
|t:|1750855236
|-terastallize|p1b: Koraidon|Fire
|-terastallize|p2a: Gholdengo|Normal
|move|p1a: Scream Tail|Protect|p1a: Scream Tail
|-singleturn|p1a: Scream Tail|Protect
|move|p2b: Flutter Mane|Moonblast|p1b: Koraidon
|-resisted|p1b: Koraidon
|-damage|p1b: Koraidon|75/100
|move|p1b: Koraidon|Flame Charge|p2b: Flutter Mane
|-enditem|p2b: Flutter Mane|Focus Sash
|-damage|p2b: Flutter Mane|1/100
|-boost|p1b: Koraidon|spe|1
|-damage|p1b: Koraidon|65/100|[from] item: Life Orb
|move|p2a: Gholdengo|Make It Rain|p1b: Koraidon|[spread] p1b
|-activate|p1a: Scream Tail|move: Protect
|-resisted|p1b: Koraidon
|-damage|p1b: Koraidon|36/100
|-unboost|p2a: Gholdengo|spa|1
|
|-weather|SunnyDay|[upkeep]
|upkeep
|turn|2
|inactive|Wildgoobys has 30 seconds left.
|inactive|Pizzzaguy9 has 30 seconds left.
|inactive|Wildgoobys has 20 seconds left.
|l| CathyHeight
|inactive|Wildgoobys has 15 seconds left.
|
|t:|1750855276
|-end|p2b: Flutter Mane|Protosynthesis|[silent]
|switch|p2b: Ho-Oh|Ho-Oh, L50|100/100
|-end|p1a: Scream Tail|Protosynthesis|[silent]
|switch|p1a: Zamazenta|Zamazenta-Crowned, L50|100/100
|-ability|p1a: Zamazenta|Dauntless Shield|boost
|-boost|p1a: Zamazenta|def|1
|move|p1b: Koraidon|Protect|p1b: Koraidon
|-singleturn|p1b: Koraidon|Protect
|move|p2a: Gholdengo|Make It Rain|p1b: Koraidon|[spread] p1a
|-activate|p1b: Koraidon|move: Protect
|-resisted|p1a: Zamazenta
|-damage|p1a: Zamazenta|90/100
|-unboost|p2a: Gholdengo|spa|1
|
|-weather|SunnyDay|[upkeep]
|upkeep
|turn|3
|inactive|Wildgoobys has 30 seconds left.
|
|t:|1750855307
|switch|p2a: Groudon|Groudon, L50|100/100
|move|p1b: Koraidon|Flare Blitz|p2b: Ho-Oh
|-resisted|p2b: Ho-Oh
|-damage|p2b: Ho-Oh|45/100
|-damage|p1b: Koraidon|19/100|[from] item: Rocky Helmet|[of] p2b: Ho-Oh
|-damage|p1b: Koraidon|0 fnt|[from] Recoil
|faint|p1b: Koraidon
|move|p1a: Zamazenta|Body Press|p2b: Ho-Oh
|-resisted|p2b: Ho-Oh
|-damage|p2b: Ho-Oh|28/100
|-damage|p1a: Zamazenta|74/100|[from] item: Rocky Helmet|[of] p2b: Ho-Oh
|move|p2b: Ho-Oh|Sacred Fire|p1a: Zamazenta
|-supereffective|p1a: Zamazenta
|-damage|p1a: Zamazenta|19/100
|
|-weather|SunnyDay|[upkeep]
|upkeep
|
|t:|1750855328
|switch|p1b: Ditto|Ditto, L50|100/100
|-transform|p1b: Ditto|p2a: Groudon|[from] ability: Imposter
|turn|4
|inactive|Pizzzaguy9 has 30 seconds left.
|
|t:|1750855356
|switch|p2b: Flutter Mane|Flutter Mane, L50|1/100
|-activate|p2b: Flutter Mane|ability: Protosynthesis
|-start|p2b: Flutter Mane|protosynthesisspe
|move|p2a: Groudon|Precipice Blades|p1b: Ditto|[spread] p1a,p1b
|-supereffective|p1a: Zamazenta
|-damage|p1a: Zamazenta|0 fnt
|-damage|p1b: Ditto|59/100
|faint|p1a: Zamazenta
|move|p1b: Ditto|Rock Slide|p2b: Flutter Mane|[spread] p2a,p2b
|-resisted|p2a: Groudon
|-damage|p2a: Groudon|92/100
|-damage|p2b: Flutter Mane|0 fnt
|faint|p2b: Flutter Mane
|-end|p2b: Flutter Mane|Protosynthesis|[silent]
|
|-weather|SunnyDay|[upkeep]
|upkeep
|
|t:|1750855373
|switch|p2b: Ho-Oh|Ho-Oh, L50|62/100
|switch|p1a: Scream Tail|Scream Tail, L50|100/100
|-activate|p1a: Scream Tail|ability: Protosynthesis
|-start|p1a: Scream Tail|protosynthesisspe
|turn|5
|
|t:|1750855382
|move|p1a: Scream Tail|Disable|p2a: Groudon
|-start|p2a: Groudon|Disable|Precipice Blades
|cant|p2a: Groudon|Disable|Precipice Blades
|move|p1b: Ditto|Rock Slide|p2a: Groudon|[spread] p2a,p2b
|-resisted|p2a: Groudon
|-supereffective|p2b: Ho-Oh
|-damage|p2a: Groudon|84/100
|-damage|p2b: Ho-Oh|0 fnt
|faint|p2b: Ho-Oh
|
|-weather|none
|-end|p1a: Scream Tail|Protosynthesis
|upkeep
|-enditem|p1a: Scream Tail|Booster Energy
|-activate|p1a: Scream Tail|ability: Protosynthesis|[fromitem]
|-start|p1a: Scream Tail|protosynthesisspe
|
|t:|1750855396
|switch|p2b: Gholdengo|Gholdengo, L50, tera:Normal|100/100
|turn|6
|
|t:|1750855416
|move|p1a: Scream Tail|Protect|p1a: Scream Tail
|-singleturn|p1a: Scream Tail|Protect
|-activate|p2a: Groudon|move: Struggle
|move|p2a: Groudon|Struggle|p1b: Ditto
|-crit|p1b: Ditto
|-damage|p1b: Ditto|35/100
|-damage|p2a: Groudon|59/100|[from] recoil
|move|p1b: Ditto|Rock Slide|p2b: Gholdengo|[spread] p2a,p2b
|-resisted|p2a: Groudon
|-damage|p2a: Groudon|51/100
|-damage|p2b: Gholdengo|81/100
|move|p2b: Gholdengo|Make It Rain|p1b: Ditto|[spread] p1b
|-activate|p1a: Scream Tail|move: Protect
|-damage|p1b: Ditto|0 fnt
|-unboost|p2b: Gholdengo|spa|1
|faint|p1b: Ditto
|
|upkeep
|turn|7
|inactive|Wildgoobys has 30 seconds left.
|
|t:|1750855449
|move|p1a: Scream Tail|Disable|p2b: Gholdengo
|-immune|p2b: Gholdengo|[from] ability: Good as Gold
|-activate|p2a: Groudon|move: Struggle
|move|p2a: Groudon|Struggle|p1a: Scream Tail
|-damage|p1a: Scream Tail|86/100
|-damage|p2a: Groudon|26/100|[from] recoil
|move|p2b: Gholdengo|Make It Rain|p1a: Scream Tail
|-supereffective|p1a: Scream Tail
|-damage|p1a: Scream Tail|6/100
|-unboost|p2b: Gholdengo|spa|1
|
|upkeep
|turn|8
|c|☆Wildgoobys|Gg
|-message|Wildgoobys forfeited.
|
|win|Pizzzaguy9
|raw|Wildgoobys's rating: 1464 &rarr; <strong>1440</strong><br />(-24 for losing)
|raw|Pizzzaguy9's rating: 1388 &rarr; <strong>1412</strong><br />(+24 for winning)
|l|☆Wildgoobys
|player|p1|
|l|☆Pizzzaguy9
|player|p2|
