|j|☆Aabraao
|j|☆Jzvictini
|t:|1750865351
|gametype|doubles
|player|p1|Aabraao|hilbert|1633
|player|p2|Jzvictini|169|1708
|teamsize|p1|6
|teamsize|p2|6
|gen|9
|tier|[Gen 9] VGC 2025 Reg I
|rated|
|rule|Species Clause: Limit one of each Pokémon
|rule|Item Clause: Limit 1 of each item
|clearpoke
|poke|p1|Lunala, L50|
|poke|p1|Calyrex-Ice, L50|
|poke|p1|Incineroar, L50, F|
|poke|p1|Kingambit, L50, F|
|poke|p1|Ogerpon-Cornerstone, L50, F|
|poke|p1|Torkoal, L50, F|
|poke|p2|Calyrex-Ice, L50|
|poke|p2|Farigiraf, L50, F|
|poke|p2|Smeargle, L50, F|
|poke|p2|Kyogre, L50|
|poke|p2|Urshifu-*, L50, M|
|poke|p2|Indeedee-F, L50, F|
|teampreview|4
|inactive|Battle timer is ON: inactive players will automatically lose when time's up. (requested by Aabraao)
|
|t:|1750865377
|start
|switch|p1a: Lunala|Lunala, L50|100/100
|switch|p1b: Ogerpon|Ogerpon-Cornerstone, L50, F|100/100
|switch|p2a: Indeedee|Indeedee-F, L50, F|100/100
|switch|p2b: Calyrex|Calyrex-Ice, L50|100/100
|-ability|p2b: Calyrex|As One
|-ability|p2b: Calyrex|Unnerve
|-fieldstart|move: Psychic Terrain|[from] ability: Psychic Surge|[of] p2a: Indeedee
|turn|1
|inactive|Aabraao has 30 seconds left.
|inactive|Aabraao has 20 seconds left.
|inactive|Aabraao has 15 seconds left.
|inactive|Aabraao has 10 seconds left.
|inactive|Aabraao has 5 seconds left.
|
|t:|1750865429
|-terastallize|p1a: Lunala|Water
|-terastallize|p2b: Calyrex|Grass
|move|p1b: Ogerpon|Ivy Cudgel|p2b: Calyrex|[anim] Ivy Cudgel Rock
|-damage|p2b: Calyrex|59/100
|move|p1a: Lunala|Calm Mind|p1a: Lunala
|-boost|p1a: Lunala|spa|1
|-boost|p1a: Lunala|spd|1
|move|p2a: Indeedee|Psychic|p1b: Ogerpon
|-damage|p1b: Ogerpon|52/100
|move|p2b: Calyrex|Glacial Lance|p1a: Lunala|[spread] p1a,p1b
|-resisted|p1a: Lunala
|-supereffective|p1b: Ogerpon
|-damage|p1a: Lunala|90/100
|-damage|p1b: Ogerpon|0 fnt
|faint|p1b: Ogerpon
|-ability|p2b: Calyrex|Chilling Neigh|boost
|-boost|p2b: Calyrex|atk|1
|
|-heal|p1a: Lunala|96/100|[from] item: Leftovers
|upkeep
|
|t:|1750865433
|switch|p1b: Calyrex|Calyrex-Ice, L50|100/100
|-ability|p1b: Calyrex|As One
|-ability|p1b: Calyrex|Unnerve
|turn|2
|
|t:|1750865447
|move|p2a: Indeedee|Follow Me|p2a: Indeedee
|-singleturn|p2a: Indeedee|move: Follow Me
|move|p1a: Lunala|Calm Mind|p1a: Lunala
|-boost|p1a: Lunala|spa|1
|-boost|p1a: Lunala|spd|1
|move|p1b: Calyrex|Glacial Lance|p2a: Indeedee|[spread] p2a,p2b
|-supereffective|p2b: Calyrex
|-damage|p2a: Indeedee|45/100
|-damage|p2b: Calyrex|0 fnt
|faint|p2b: Calyrex
|-ability|p1b: Calyrex|Chilling Neigh|boost
|-boost|p1b: Calyrex|atk|1
|
|-heal|p1a: Lunala|100/100|[from] item: Leftovers
|upkeep
|
|t:|1750865456
|switch|p2b: Urshifu|Urshifu-Rapid-Strike, L50, M|100/100
|turn|3
|
|t:|1750865472
|switch|p2a: Kyogre|Kyogre, L50|100/100
|-weather|RainDance|[from] ability: Drizzle|[of] p2a: Kyogre
|move|p1b: Calyrex|Glacial Lance|p2a: Kyogre|[spread] p2a,p2b
|-resisted|p2a: Kyogre
|-resisted|p2b: Urshifu
|-damage|p2a: Kyogre|59/100
|-damage|p2b: Urshifu|65/100
|move|p2b: Urshifu|Surging Strikes|p1b: Calyrex
|-crit|p1b: Calyrex
|-damage|p1b: Calyrex|81/100
|-crit|p1b: Calyrex
|-damage|p1b: Calyrex|62/100
|-crit|p1b: Calyrex
|-damage|p1b: Calyrex|41/100
|-hitcount|p1b: Calyrex|3
|move|p1a: Lunala|Trick Room|p1a: Lunala
|-fieldstart|move: Trick Room|[of] p1a: Lunala
|
|-weather|RainDance|[upkeep]
|upkeep
|turn|4
|inactive|Jzvictini has 30 seconds left.
|
|t:|1750865506
|move|p2a: Kyogre|Origin Pulse|p1b: Calyrex|[spread] p1a,p1b
|-resisted|p1a: Lunala
|-damage|p1a: Lunala|94/100
|-damage|p1b: Calyrex|0 fnt
|faint|p1b: Calyrex
|move|p2b: Urshifu|Close Combat|p1a: Lunala
|-damage|p1a: Lunala|44/100
|-unboost|p2b: Urshifu|def|1
|-unboost|p2b: Urshifu|spd|1
|move|p1a: Lunala|Moonblast|p2b: Urshifu
|-supereffective|p2b: Urshifu
|-damage|p2b: Urshifu|0 fnt
|faint|p2b: Urshifu
|
|-weather|RainDance|[upkeep]
|-heal|p1a: Lunala|50/100|[from] item: Leftovers
|upkeep
|inactive|Aabraao has 30 seconds left.
|
|t:|1750865533
|switch|p1b: Torkoal|Torkoal, L50, F|100/100
|switch|p2b: Indeedee|Indeedee-F, L50, F|45/100
|-weather|SunnyDay|[from] ability: Drought|[of] p1b: Torkoal
|turn|5
|
|t:|1750865546
|move|p1b: Torkoal|Eruption|p2b: Indeedee|[spread] p2a,p2b
|-resisted|p2a: Kyogre
|-damage|p2a: Kyogre|29/100
|-damage|p2b: Indeedee|0 fnt
|faint|p2b: Indeedee
|move|p2a: Kyogre|Origin Pulse|p1a: Lunala|[spread] p1a,p1b
|-resisted|p1a: Lunala
|-supereffective|p1b: Torkoal
|-damage|p1a: Lunala|46/100
|-damage|p1b: Torkoal|26/100
|move|p1a: Lunala|Moongeist Beam|p2a: Kyogre
|-damage|p2a: Kyogre|0 fnt
|faint|p2a: Kyogre
|
|win|Aabraao
|raw|Aabraao's rating: 1633 &rarr; <strong>1657</strong><br />(+24 for winning)
|raw|Jzvictini's rating: 1708 &rarr; <strong>1684</strong><br />(-24 for losing)
|l|☆Aabraao
|player|p1|
|l|☆Jzvictini
|player|p2|
