|j|☆MaxDoomed
|j|☆franelita2k
|t:|1750845866
|gametype|doubles
|player|p1|MaxDoomed|265|1225
|player|p2|franelita2k|red|1271
|teamsize|p1|6
|teamsize|p2|6
|gen|9
|tier|[Gen 9] VGC 2025 Reg I
|rated|
|rule|Species Clause: Limit one of each Pokémon
|rule|Item Clause: Limit 1 of each item
|clearpoke
|poke|p1|Lunala, L50|
|poke|p1|Calyrex-Ice, L50|
|poke|p1|Ursaluna, L50, F|
|poke|p1|Rillaboom, L50, F|
|poke|p1|Amoonguss, L50, M|
|poke|p1|Incineroar, L50, F|
|poke|p2|Calyrex-Ice, L50|
|poke|p2|Kyogre, L50|
|poke|p2|Incineroar, L50, F|
|poke|p2|Amoonguss, L50, M|
|poke|p2|Ogerpon, L50, F|
|poke|p2|Raging Bolt, L50|
|teampreview|4
|inactive|Battle timer is ON: inactive players will automatically lose when time's up. (requested by MaxDoomed)
|
|t:|1750845892
|start
|switch|p1a: Lunala|Lunala, L50|100/100
|switch|p1b: Incineroar|Incineroar, L50, F|100/100
|switch|p2a: Kyogre|Kyogre, L50|100/100
|switch|p2b: Ogerpon|Ogerpon, L50, F|100/100
|-weather|RainDance|[from] ability: Drizzle|[of] p2a: Kyogre
|-ability|p1b: Incineroar|Intimidate|boost
|-unboost|p2a: Kyogre|atk|1
|-unboost|p2b: Ogerpon|atk|1
|-ability|p2b: Ogerpon|Defiant|boost
|-boost|p2b: Ogerpon|atk|2
|turn|1
|
|t:|1750845913
|move|p2b: Ogerpon|Spiky Shield|p2b: Ogerpon
|-singleturn|p2b: Ogerpon|move: Protect
|move|p1b: Incineroar|Fake Out|p2a: Kyogre
|-damage|p2a: Kyogre|89/100
|cant|p2a: Kyogre|flinch
|move|p1a: Lunala|Trick Room|p1a: Lunala
|-fieldstart|move: Trick Room|[of] p1a: Lunala
|
|-weather|RainDance|[upkeep]
|upkeep
|turn|2
|
|t:|1750845933
|move|p1b: Incineroar|Parting Shot|p2a: Kyogre
|-unboost|p2a: Kyogre|atk|1
|-unboost|p2a: Kyogre|spa|1
|
|t:|1750845942
|switch|p1b: Ursaluna|Ursaluna, L50, F|100/100|[from] Parting Shot
|move|p2a: Kyogre|Water Spout|p1b: Ursaluna|[spread] p1a,p1b
|-supereffective|p1b: Ursaluna
|-damage|p1a: Lunala|80/100
|-damage|p1b: Ursaluna|4/100
|move|p1a: Lunala|Moongeist Beam|p2a: Kyogre
|-damage|p2a: Kyogre|63/100
|move|p2b: Ogerpon|Stomping Tantrum|p1b: Ursaluna
|-damage|p1b: Ursaluna|0 fnt
|faint|p1b: Ursaluna
|
|-weather|RainDance|[upkeep]
|upkeep
|
|t:|1750845958
|switch|p1b: Calyrex|Calyrex-Ice, L50|100/100
|-ability|p1b: Calyrex|As One
|-ability|p1b: Calyrex|Unnerve
|turn|3
|
|t:|1750845979
|switch|p2b: Incineroar|Incineroar, L50, F|100/100
|-ability|p2b: Incineroar|Intimidate|boost
|-unboost|p1a: Lunala|atk|1
|-fail|p1b: Calyrex|unboost|[from] item: Clear Amulet|[of] p1b: Calyrex
|-terastallize|p1b: Calyrex|Fairy
|move|p1b: Calyrex|Glacial Lance|p2b: Incineroar|[spread] p2a,p2b
|-resisted|p2a: Kyogre
|-resisted|p2b: Incineroar
|-damage|p2a: Kyogre|44/100
|-damage|p2b: Incineroar|82/100
|move|p2a: Kyogre|Origin Pulse|p1a: Lunala|[spread] p1a
|-miss|p2a: Kyogre|p1b: Calyrex
|-damage|p1a: Lunala|46/100
|move|p1a: Lunala|Meteor Beam||[still]
|-prepare|p1a: Lunala|Meteor Beam
|-boost|p1a: Lunala|spa|1
|-enditem|p1a: Lunala|Power Herb
|-anim|p1a: Lunala|Meteor Beam|p2b: Incineroar
|-supereffective|p2b: Incineroar
|-damage|p2b: Incineroar|0 fnt
|faint|p2b: Incineroar
|
|-weather|RainDance|[upkeep]
|upkeep
|inactive|franelita2k has 30 seconds left.
|
|t:|1750846009
|switch|p2b: Calyrex|Calyrex-Ice, L50|100/100
|-ability|p2b: Calyrex|As One
|-ability|p2b: Calyrex|Unnerve
|turn|4
|
|t:|1750846024
|-terastallize|p2b: Calyrex|Fairy
|move|p1a: Lunala|Wide Guard|p1a: Lunala
|-singleturn|p1a: Lunala|Wide Guard
|move|p1b: Calyrex|High Horsepower|p2a: Kyogre
|-damage|p2a: Kyogre|17/100
|move|p2b: Calyrex|Glacial Lance|p1a: Lunala|[spread] 
|-activate|p1a: Lunala|move: Wide Guard
|-activate|p1b: Calyrex|move: Wide Guard
|move|p2a: Kyogre|Origin Pulse|p1b: Calyrex|[spread] 
|-activate|p1a: Lunala|move: Wide Guard
|-activate|p1b: Calyrex|move: Wide Guard
|
|-weather|RainDance|[upkeep]
|upkeep
|turn|5
|inactive|MaxDoomed has 30 seconds left.
|inactive|MaxDoomed has 20 seconds left.
|
|t:|1750846064
|switch|p2a: Ogerpon|Ogerpon, L50, F|100/100
|move|p1b: Calyrex|Glacial Lance|p2b: Calyrex|[spread] p2a,p2b
|-supereffective|p2a: Ogerpon
|-enditem|p2a: Ogerpon|Focus Sash
|-damage|p2a: Ogerpon|1/100
|-damage|p2b: Calyrex|69/100
|move|p2b: Calyrex|High Horsepower|p1a: Lunala
|-damage|p1a: Lunala|18/100
|move|p1a: Lunala|Moongeist Beam|p2b: Calyrex
|-damage|p2b: Calyrex|17/100
|
|-weather|none
|-fieldend|move: Trick Room
|upkeep
|turn|6
|inactive|MaxDoomed has 30 seconds left.
|
|t:|1750846093
|switch|p1a: Incineroar|Incineroar, L50, F|100/100
|-ability|p1a: Incineroar|Intimidate|boost
|-unboost|p2a: Ogerpon|atk|1
|-ability|p2a: Ogerpon|Defiant|boost
|-boost|p2a: Ogerpon|atk|2
|-unboost|p2b: Calyrex|atk|1
|move|p2b: Calyrex|Protect|p2b: Calyrex
|-singleturn|p2b: Calyrex|Protect
|move|p2a: Ogerpon|Ivy Cudgel|p1a: Incineroar
|-resisted|p1a: Incineroar
|-damage|p1a: Incineroar|67/100
|move|p1b: Calyrex|Glacial Lance|p2a: Ogerpon|[spread] p2a
|-activate|p2b: Calyrex|move: Protect
|-supereffective|p2a: Ogerpon
|-damage|p2a: Ogerpon|0 fnt
|faint|p2a: Ogerpon
|-ability|p1b: Calyrex|Chilling Neigh|boost
|-boost|p1b: Calyrex|atk|1
|
|upkeep
|
|t:|1750846116
|switch|p2a: Kyogre|Kyogre, L50|17/100
|-weather|RainDance|[from] ability: Drizzle|[of] p2a: Kyogre
|turn|7
|
|t:|1750846124
|move|p1a: Incineroar|Fake Out|p2a: Kyogre
|-damage|p2a: Kyogre|5/100
|cant|p2a: Kyogre|flinch
|move|p2b: Calyrex|Glacial Lance|p1b: Calyrex|[spread] p1a,p1b
|-resisted|p1a: Incineroar
|-crit|p1a: Incineroar
|-damage|p1a: Incineroar|18/100
|-damage|p1b: Calyrex|79/100
|move|p1b: Calyrex|Glacial Lance|p2b: Calyrex|[spread] p2a,p2b
|-resisted|p2a: Kyogre
|-damage|p2a: Kyogre|0 fnt
|-damage|p2b: Calyrex|0 fnt
|faint|p2a: Kyogre
|faint|p2b: Calyrex
|
|win|MaxDoomed
|raw|MaxDoomed's rating: 1225 &rarr; <strong>1253</strong><br />(+28 for winning)
|raw|franelita2k's rating: 1271 &rarr; <strong>1243</strong><br />(-28 for losing)
|l|☆franelita2k
|player|p2|
|l|☆MaxDoomed
|player|p1|
