|j|☆cauzinxd
|j|☆jaffro1738
|t:|1750861875
|gametype|doubles
|player|p1|cauzinxd|102|1216
|player|p2|jaffro1738|266|1222
|teamsize|p1|6
|teamsize|p2|6
|gen|9
|tier|[Gen 9] VGC 2025 Reg I
|rated|
|rule|Species Clause: Limit one of each Pokémon
|rule|Item Clause: Limit 1 of each item
|clearpoke
|poke|p1|Miraidon, L50|
|poke|p1|Lunala, L50|
|poke|p1|Ursaluna, L50, M|
|poke|p1|Urshifu-*, L50, M|
|poke|p1|Whimsicott, L50, F|
|poke|p1|Incineroar, L50, F|
|poke|p2|Calyrex-Ice, L50|
|poke|p2|Regidrago, L50|
|poke|p2|Dusclops, L50, M|
|poke|p2|Oranguru, L50, M|
|poke|p2|Terapagos, L50, M|
|poke|p2|Chi-Yu, L50|
|teampreview|4
jaffro1738 rejected open team sheets.
|
|t:|1750861910
|start
|switch|p1a: Miraidon|Miraidon, L50|100/100
|switch|p1b: Incineroar|Incineroar, L50, F|100/100
|switch|p2a: O|Oranguru, L50, M|100/100
|switch|p2b: C|Chi-Yu, L50|100/100
|-ability|p2b: C|Beads of Ruin
|-fieldstart|move: Electric Terrain|[from] ability: Hadron Engine|[of] p1a: Miraidon
|-ability|p1b: Incineroar|Intimidate|boost
|-fail|p2a: O|unboost|Attack|[from] ability: Inner Focus|[of] p2a: O
|-unboost|p2b: C|atk|1
|turn|1
|
|t:|1750861932
|-terastallize|p2b: C|Ghost
|move|p1b: Incineroar|Fake Out|p2b: C
|-immune|p2b: C
|move|p2b: C|Snarl|p1a: Miraidon|[spread] p1a,p1b
|-resisted|p1b: Incineroar
|-damage|p1a: Miraidon|76/100
|-damage|p1b: Incineroar|91/100
|-unboost|p1a: Miraidon|spa|1
|-unboost|p1b: Incineroar|spa|1
|move|p1a: Miraidon|Volt Switch|p2b: C
|-damage|p2b: C|27/100
|inactive|Battle timer is ON: inactive players will automatically lose when time's up. (requested by jaffro1738)
|
|t:|1750861945
|switch|p1a: Lunala|Lunala, L50|100/100|[from] Volt Switch
|-enditem|p1a: Lunala|Electric Seed
|-boost|p1a: Lunala|def|1|[from] item: Electric Seed
|move|p2a: O|Trick Room|p2a: O
|-fieldstart|move: Trick Room|[of] p2a: O
|
|upkeep
|turn|2
|
|t:|1750861968
|move|p2a: O|Instruct|p2b: C
|-singleturn|p2b: C|move: Instruct|[of] p2a: O
|move|p2b: C|Snarl|p1b: Incineroar|[spread] p1a,p1b
|-supereffective|p1a: Lunala
|-resisted|p1b: Incineroar
|-damage|p1a: Lunala|55/100
|-damage|p1b: Incineroar|82/100
|-unboost|p1a: Lunala|spa|1
|-unboost|p1b: Incineroar|spa|1
|move|p1b: Incineroar|Knock Off|p2a: O
|-supereffective|p2a: O
|-damage|p2a: O|18/100
|-enditem|p2a: O|Mental Herb|[from] move: Knock Off|[of] p1b: Incineroar
|move|p1a: Lunala|Moonblast|p2b: C
|-damage|p2b: C|0 fnt
|faint|p2b: C
|
|upkeep
|
|t:|1750861978
|switch|p2b: CI|Calyrex-Ice, L50|100/100
|-ability|p2b: CI|As One
|-ability|p2b: CI|Unnerve
|turn|3
|
|t:|1750861998
|-terastallize|p1b: Incineroar|Fire
|move|p2b: CI|High Horsepower|p1b: Incineroar
|-supereffective|p1b: Incineroar
|-damage|p1b: Incineroar|12/100
|move|p2a: O|Instruct|p2b: CI
|-singleturn|p2b: CI|move: Instruct|[of] p2a: O
|move|p2b: CI|High Horsepower|p1b: Incineroar
|-supereffective|p1b: Incineroar
|-damage|p1b: Incineroar|0 fnt
|faint|p1b: Incineroar
|-ability|p2b: CI|Chilling Neigh|boost
|-boost|p2b: CI|atk|1
|move|p1a: Lunala|Moonblast|p2a: O
|-damage|p2a: O|0 fnt
|faint|p2a: O
|
|upkeep
|
|t:|1750862016
|switch|p2a: R|Regidrago, L50|100/100
|switch|p1b: Ursaluna|Ursaluna, L50, M|100/100
|turn|4
|
|t:|1750862026
|move|p2a: R|Protect|p2a: R
|-singleturn|p2a: R|Protect
|move|p1b: Ursaluna|Protect|p1b: Ursaluna
|-singleturn|p1b: Ursaluna|Protect
|move|p1a: Lunala|Wide Guard|p1a: Lunala
|-singleturn|p1a: Lunala|Wide Guard
|move|p2b: CI|Crunch|p1a: Lunala
|-supereffective|p1a: Lunala
|-damage|p1a: Lunala|0 fnt
|faint|p1a: Lunala
|-ability|p2b: CI|Chilling Neigh|boost
|-boost|p2b: CI|atk|1
|
|-status|p1b: Ursaluna|brn|[from] item: Flame Orb
|upkeep
|
|t:|1750862042
|switch|p1a: Miraidon|Miraidon, L50|76/100
|-activate|p1a: Miraidon|ability: Hadron Engine
|turn|5
|
|t:|1750862061
|move|p2a: R|Dragon Energy|p1a: Miraidon|[spread] p1a,p1b
|-supereffective|p1a: Miraidon
|-damage|p1a: Miraidon|0 fnt
|-damage|p1b: Ursaluna|33/100 brn
|faint|p1a: Miraidon
|move|p2b: CI|Glacial Lance|p1b: Ursaluna
|-supereffective|p1b: Ursaluna
|-damage|p1b: Ursaluna|0 fnt
|faint|p1b: Ursaluna
|
|win|jaffro1738
|raw|cauzinxd's rating: 1216 &rarr; <strong>1191</strong><br />(-25 for losing)
|raw|jaffro1738's rating: 1222 &rarr; <strong>1247</strong><br />(+25 for winning)
|l|☆jaffro1738
|player|p2|
|l|☆cauzinxd
|player|p1|
