|j|☆kojimuranishi
|j|☆PikaTROD
|t:|1750777908
|gametype|doubles
|player|p1|kojimuranishi|265|1638
|player|p2|PikaTROD|102|1502
|teamsize|p1|6
|teamsize|p2|6
|gen|9
|tier|[Gen 9] VGC 2025 Reg I
|rated|
|rule|Species Clause: Limit one of each Pokémon
|rule|Item Clause: Limit 1 of each item
|clearpoke
|poke|p1|Calyrex-Ice, L50|
|poke|p1|Whimsicott, L50, F|
|poke|p1|Volcarona, L50, M|
|poke|p1|Chi-Yu, L50|
|poke|p1|Landorus, L50, M|
|poke|p1|Terapagos, L50, M|
|poke|p2|Groudon, L50|
|poke|p2|Miraidon, L50|
|poke|p2|Scovillain, L50, F|
|poke|p2|Flutter Mane, L50|
|poke|p2|Chesnaught, L50, M|
|poke|p2|Clefairy, L50, F|
|teampreview|4
|inactive|Battle timer is ON: inactive players will automatically lose when time's up. (requested by kojimuranishi)
PikaTROD has agreed to open team sheets.
|inactive|PikaTROD has 60 seconds left.
|
|t:|1750777977
|start
|switch|p1a: Whimsicott|Whimsicott, L50, F|100/100
|switch|p1b: Calyrex|Calyrex-Ice, L50|100/100
|switch|p2a: Groudon|Groudon, L50|100/100
|switch|p2b: Scovillain|Scovillain, L50, F|100/100
|-ability|p1b: Calyrex|As One
|-ability|p1b: Calyrex|Unnerve
|-weather|SunnyDay|[from] ability: Drought|[of] p2a: Groudon
|turn|1
|inactive|kojimuranishi has 30 seconds left.
|inactive|PikaTROD has 30 seconds left.
|inactive|kojimuranishi has 20 seconds left.
|
|t:|1750778014
|move|p2a: Groudon|Protect|p2a: Groudon
|-singleturn|p2a: Groudon|Protect
|move|p1a: Whimsicott|Tailwind|p1a: Whimsicott
|-sidestart|p1: kojimuranishi|move: Tailwind
|move|p2b: Scovillain|Fire Blast|p1b: Calyrex
|-supereffective|p1b: Calyrex
|-damage|p1b: Calyrex|0 fnt
|faint|p1b: Calyrex
|-damage|p2b: Scovillain|91/100|[from] item: Life Orb
|
|-weather|SunnyDay|[upkeep]
|upkeep
|
|t:|1750778027
|switch|p1b: Terapagos|Terapagos, L50, M|100/100
|-activate|p1b: Terapagos|ability: Tera Shift
|detailschange|p1b: Terapagos|Terapagos-Terastal, L50, M
|-heal|p1b: Terapagos|100/100|[silent]
|turn|2
|
|t:|1750778041
|switch|p2a: Miraidon|Miraidon, L50|100/100
|-fieldstart|move: Electric Terrain|[from] ability: Hadron Engine|[of] p2a: Miraidon
|move|p1a: Whimsicott|Moonblast|p2a: Miraidon
|-supereffective|p2a: Miraidon
|-damage|p2a: Miraidon|59/100
|-unboost|p2a: Miraidon|spa|1
|move|p1b: Terapagos|Meteor Beam||[still]
|-prepare|p1b: Terapagos|Meteor Beam
|-boost|p1b: Terapagos|spa|1
|-enditem|p1b: Terapagos|Power Herb
|-anim|p1b: Terapagos|Meteor Beam|p2b: Scovillain
|-supereffective|p2b: Scovillain
|-damage|p2b: Scovillain|0 fnt
|faint|p2b: Scovillain
|
|-weather|SunnyDay|[upkeep]
|upkeep
|
|t:|1750778054
|switch|p2b: Chesnaught|Chesnaught, L50, M|100/100
|-enditem|p2b: Chesnaught|Electric Seed
|-boost|p2b: Chesnaught|def|1|[from] item: Electric Seed
|turn|3
|
|t:|1750778075
|switch|p2a: Groudon|Groudon, L50|100/100
|move|p1a: Whimsicott|Moonblast|p2a: Groudon
|-damage|p2a: Groudon|63/100
|move|p1b: Terapagos|Tera Starstorm|p2a: Groudon
|-damage|p2a: Groudon|0 fnt
|faint|p2a: Groudon
|move|p2b: Chesnaught|Super Fang|p1b: Terapagos
|-damage|p1b: Terapagos|50/100
|
|-weather|SunnyDay|[upkeep]
|upkeep
|
|t:|1750778082
|switch|p2a: Miraidon|Miraidon, L50|59/100
|-activate|p2a: Miraidon|ability: Hadron Engine
|turn|4
|
|t:|1750778104
|-terastallize|p1b: Terapagos|Stellar
|detailschange|p1b: Terapagos|Terapagos-Stellar, L50, M, tera:Stellar
|-heal|p1b: Terapagos|64/100|[silent]
|-ability|p1b: Terapagos|Teraform Zero
|-weather|none
|-fieldend|move: Electric Terrain
|move|p1b: Terapagos|Protect|p1b: Terapagos
|-singleturn|p1b: Terapagos|Protect
|move|p1a: Whimsicott|Moonblast|p2a: Miraidon
|-supereffective|p2a: Miraidon
|-damage|p2a: Miraidon|23/100
|-unboost|p2a: Miraidon|spa|1
|move|p2a: Miraidon|Electro Drift|p1a: Whimsicott
|-resisted|p1a: Whimsicott
|-crit|p1a: Whimsicott
|-damage|p1a: Whimsicott|32/100
|move|p2b: Chesnaught|Body Press|p1a: Whimsicott
|-resisted|p1a: Whimsicott
|-damage|p1a: Whimsicott|0 fnt
|faint|p1a: Whimsicott
|
|-sideend|p1: kojimuranishi|move: Tailwind
|upkeep
|
|t:|1750778127
|switch|p1a: Landorus|Landorus, L50, M|100/100
|turn|5
|
|t:|1750778151
|move|p1a: Landorus|Sludge Bomb|p2b: Chesnaught
|-immune|p2b: Chesnaught|[from] ability: Bulletproof
|move|p2a: Miraidon|Electro Drift|p1b: Terapagos
|-damage|p1b: Terapagos|38/100
|move|p1b: Terapagos|Tera Starstorm|p2b: Chesnaught|[spread] p2a,p2b
|-crit|p2b: Chesnaught
|-damage|p2a: Miraidon|0 fnt
|-damage|p2b: Chesnaught|18/100
|faint|p2a: Miraidon
|move|p2b: Chesnaught|Body Press|p1b: Terapagos
|-supereffective|p1b: Terapagos
|-damage|p1b: Terapagos|0 fnt
|faint|p1b: Terapagos
|detailschange|p1: Terapagos|Terapagos, L50, M|[silent]
|
|upkeep
|turn|6
|-message|kojimuranishi forfeited.
|
|win|PikaTROD
|raw|kojimuranishi's rating: 1638 &rarr; <strong>1611</strong><br />(-27 for losing)
|raw|PikaTROD's rating: 1502 &rarr; <strong>1529</strong><br />(+27 for winning)
|l|☆kojimuranishi
|player|p1|
|l|☆PikaTROD
|player|p2|
