|j|☆Crustle48
|j|☆mexim
|t:|1750834471
|gametype|doubles
|player|p1|Crustle48|169|1261
|player|p2|mexim|266|1334
|teamsize|p1|6
|teamsize|p2|6
|gen|9
|tier|[Gen 9] VGC 2025 Reg I
|rated|
|rule|Species Clause: Limit one of each Pokémon
|rule|Item Clause: Limit 1 of each item
|clearpoke
|poke|p1|Terapagos, L50, M|
|poke|p1|Tornadus, L50, M|
|poke|p1|Lunala, L50|
|poke|p1|Sinistcha, L50|
|poke|p1|Landorus, L50, M|
|poke|p1|Chien-Pao, L50|
|poke|p2|Calyrex-Ice, L50|
|poke|p2|Miraidon, L50|
|poke|p2|Grimmsnarl, L50, M|
|poke|p2|Urshifu-*, L50, M|
|poke|p2|Incineroar, L50, F|
|poke|p2|Landorus, L50, M|
|teampreview|4
|
|t:|1750834557
|start
|switch|p1a: Chien-Pao|Chien-Pao, L50|100/100
|switch|p1b: Lunala|Lunala, L50|100/100
|switch|p2a: Grimmsnarl|Grimmsnarl, L50, M|100/100
|switch|p2b: Miraidon|Miraidon, L50|100/100
|-ability|p1a: Chien-Pao|Sword of Ruin
|-fieldstart|move: Electric Terrain|[from] ability: Hadron Engine|[of] p2b: Miraidon
|turn|1
|
|t:|1750834590
|move|p1a: Chien-Pao|Protect|p1a: Chien-Pao
|-singleturn|p1a: Chien-Pao|Protect
|move|p2a: Grimmsnarl|Thunder Wave|p1a: Chien-Pao
|-activate|p1a: Chien-Pao|move: Protect
|move|p2b: Miraidon|Volt Switch|p1a: Chien-Pao
|-activate|p1a: Chien-Pao|move: Protect
|move|p1b: Lunala|Trick Room|p1b: Lunala
|-fieldstart|move: Trick Room|[of] p1b: Lunala
|
|upkeep
|turn|2
|
|t:|1750834618
|switch|p2b: Calyrex|Calyrex-Ice, L50|100/100
|-ability|p2b: Calyrex|As One
|-ability|p2b: Calyrex|Unnerve
|move|p1b: Lunala|Helping Hand|p1a: Chien-Pao
|-singleturn|p1a: Chien-Pao|Helping Hand|[of] p1b: Lunala
|move|p2a: Grimmsnarl|Light Screen|p2a: Grimmsnarl
|-sidestart|p2: mexim|move: Light Screen
|move|p1a: Chien-Pao|Ice Spinner|p2b: Calyrex
|-resisted|p2b: Calyrex
|-damage|p2b: Calyrex|79/100
|-fieldend|move: Electric Terrain
|
|-heal|p2b: Calyrex|85/100|[from] item: Leftovers
|upkeep
|turn|3
|
|t:|1750834675
|move|p1b: Lunala|Helping Hand|p1a: Chien-Pao
|-singleturn|p1a: Chien-Pao|Helping Hand|[of] p1b: Lunala
|move|p2b: Calyrex|Protect|p2b: Calyrex
|-singleturn|p2b: Calyrex|Protect
|move|p1a: Chien-Pao|Sucker Punch||[still]
|-fail|p1a: Chien-Pao
|move|p2a: Grimmsnarl|Spirit Break|p1b: Lunala
|-damage|p1b: Lunala|83/100
|-unboost|p1b: Lunala|spa|1
|
|-heal|p2b: Calyrex|90/100|[from] item: Leftovers
|-heal|p1b: Lunala|89/100|[from] item: Leftovers
|upkeep
|turn|4
|
|t:|1750834713
|move|p1b: Lunala|Helping Hand|p1a: Chien-Pao
|-singleturn|p1a: Chien-Pao|Helping Hand|[of] p1b: Lunala
|move|p2a: Grimmsnarl|Reflect|p2a: Grimmsnarl
|-sidestart|p2: mexim|Reflect
|move|p1a: Chien-Pao|Sucker Punch||[still]
|-fail|p1a: Chien-Pao
|move|p2b: Calyrex|Leech Seed|p1b: Lunala
|-start|p1b: Lunala|move: Leech Seed
|
|-heal|p2b: Calyrex|96/100|[from] item: Leftovers
|-heal|p1b: Lunala|96/100|[from] item: Leftovers
|-damage|p1b: Lunala|83/100|[from] Leech Seed|[of] p2b: Calyrex
|-heal|p2b: Calyrex|100/100|[silent]
|upkeep
|turn|5
|
|t:|1750834743
|switch|p1b: Terapagos|Terapagos, L50, M|100/100
|-activate|p1b: Terapagos|ability: Tera Shift
|detailschange|p1b: Terapagos|Terapagos-Terastal, L50, M
|-heal|p1b: Terapagos|100/100|[silent]
|move|p2a: Grimmsnarl|Thunder Wave|p1a: Chien-Pao
|-hint|Since gen 7, Dark is immune to Prankster moves.
|-immune|p1a: Chien-Pao
|move|p1a: Chien-Pao|Sucker Punch||[still]
|-fail|p1a: Chien-Pao
|move|p2b: Calyrex|Leech Seed|p1a: Chien-Pao
|-start|p1a: Chien-Pao|move: Leech Seed
|
|-damage|p1a: Chien-Pao|88/100|[from] Leech Seed|[of] p2b: Calyrex
|-fieldend|move: Trick Room
|upkeep
|turn|6
|
|t:|1750834769
|move|p2b: Calyrex|Protect|p2b: Calyrex
|-singleturn|p2b: Calyrex|Protect
|move|p2a: Grimmsnarl|Thunder Wave|p1b: Terapagos
|-status|p1b: Terapagos|par
|move|p1a: Chien-Pao|Psychic Fangs|p2b: Calyrex
|-activate|p2b: Calyrex|move: Protect
|move|p1b: Terapagos|Meteor Beam||[still]
|-prepare|p1b: Terapagos|Meteor Beam
|-boost|p1b: Terapagos|spa|1
|-enditem|p1b: Terapagos|Power Herb
|-anim|p1b: Terapagos|Meteor Beam|p2b: Calyrex
|-activate|p2b: Calyrex|move: Protect
|
|-damage|p1a: Chien-Pao|76/100|[from] Leech Seed|[of] p2b: Calyrex
|upkeep
|turn|7
|
|t:|1750834804
|move|p1a: Chien-Pao|Protect|p1a: Chien-Pao
|-singleturn|p1a: Chien-Pao|Protect
|move|p2a: Grimmsnarl|Spirit Break|p1b: Terapagos
|-activate|p1b: Terapagos|ability: Tera Shell
|-resisted|p1b: Terapagos
|-damage|p1b: Terapagos|83/100 par
|-unboost|p1b: Terapagos|spa|1
|move|p2b: Calyrex|Leech Seed|p1b: Terapagos|[miss]
|-miss|p2b: Calyrex|p1b: Terapagos
|move|p1b: Terapagos|Calm Mind|p1b: Terapagos
|-boost|p1b: Terapagos|spa|1
|-boost|p1b: Terapagos|spd|1
|
|-damage|p1a: Chien-Pao|64/100|[from] Leech Seed|[of] p2b: Calyrex
|upkeep
|turn|8
|
|t:|1750834839
|move|p2b: Calyrex|Protect|p2b: Calyrex
|-singleturn|p2b: Calyrex|Protect
|move|p1a: Chien-Pao|Psychic Fangs|p2b: Calyrex
|-activate|p2b: Calyrex|move: Protect
|move|p2a: Grimmsnarl|Spirit Break|p1b: Terapagos
|-damage|p1b: Terapagos|47/100 par
|-unboost|p1b: Terapagos|spa|1
|cant|p1b: Terapagos|par
|
|-damage|p1a: Chien-Pao|51/100|[from] Leech Seed|[of] p2b: Calyrex
|upkeep
|turn|9
|
|t:|1750834861
|move|p1a: Chien-Pao|Psychic Fangs|p2b: Calyrex
|-sideend|p2: mexim|Reflect
|-sideend|p2: mexim|move: Light Screen
|-resisted|p2b: Calyrex
|-damage|p2b: Calyrex|89/100
|move|p2a: Grimmsnarl|Spirit Break|p1a: Chien-Pao
|-supereffective|p1a: Chien-Pao
|-damage|p1a: Chien-Pao|0 fnt
|faint|p1a: Chien-Pao
|move|p2b: Calyrex|Leech Seed|p1b: Terapagos
|-start|p1b: Terapagos|move: Leech Seed
|cant|p1b: Terapagos|par
|
|-heal|p2b: Calyrex|95/100|[from] item: Leftovers
|-damage|p1b: Terapagos|35/100 par|[from] Leech Seed|[of] p2b: Calyrex
|-heal|p2b: Calyrex|100/100|[silent]
|upkeep
|
|t:|1750834868
|switch|p1a: Sinistcha|Sinistcha, L50|100/100
|-heal|p1b: Terapagos|59/100 par|[from] ability: Hospitality|[of] p1a: Sinistcha
|turn|10
|
|t:|1750834891
|move|p2a: Grimmsnarl|Light Screen|p2a: Grimmsnarl
|-sidestart|p2: mexim|move: Light Screen
|move|p1a: Sinistcha|Life Dew||[still]|[spread] p1a,p1b
|-fail|p1a: Sinistcha|heal
|-heal|p1b: Terapagos|85/100 par
|move|p2b: Calyrex|Glacial Lance|p1b: Terapagos|[spread] p1a,p1b
|-supereffective|p1a: Sinistcha
|-damage|p1a: Sinistcha|32/100
|-damage|p1b: Terapagos|39/100 par
|move|p1b: Terapagos|Calm Mind|p1b: Terapagos
|-boost|p1b: Terapagos|spa|1
|-boost|p1b: Terapagos|spd|1
|
|-damage|p1b: Terapagos|26/100 par|[from] Leech Seed|[of] p2b: Calyrex
|upkeep
|turn|11
|
|t:|1750834915
|move|p2b: Calyrex|Protect|p2b: Calyrex
|-singleturn|p2b: Calyrex|Protect
|move|p1a: Sinistcha|Life Dew|p1a: Sinistcha|[spread] p1a,p1b
|-heal|p1a: Sinistcha|57/100
|-heal|p1b: Terapagos|51/100 par
|move|p2a: Grimmsnarl|Spirit Break|p1b: Terapagos
|-damage|p1b: Terapagos|26/100 par
|-unboost|p1b: Terapagos|spa|1
|move|p1b: Terapagos|Meteor Beam||[still]
|-prepare|p1b: Terapagos|Meteor Beam
|-boost|p1b: Terapagos|spa|1
|
|-damage|p1b: Terapagos|13/100 par|[from] Leech Seed|[of] p2b: Calyrex
|upkeep
|turn|12
|
|t:|1750834948
|move|p1a: Sinistcha|Life Dew|p1a: Sinistcha|[spread] p1a,p1b
|-heal|p1a: Sinistcha|83/100
|-heal|p1b: Terapagos|39/100 par
|move|p2a: Grimmsnarl|Spirit Break|p1a: Sinistcha
|-damage|p1a: Sinistcha|63/100
|-unboost|p1a: Sinistcha|spa|1
|move|p2b: Calyrex|Glacial Lance|p1a: Sinistcha|[spread] p1a,p1b
|-supereffective|p1a: Sinistcha
|-damage|p1a: Sinistcha|0 fnt
|-damage|p1b: Terapagos|0 fnt
|faint|p1a: Sinistcha
|faint|p1b: Terapagos
|-ability|p2b: Calyrex|Chilling Neigh|boost
|-boost|p2b: Calyrex|atk|2
|
|upkeep
|
|t:|1750834955
|switch|p1b: Lunala|Lunala, L50|83/100
|turn|13
|-message|Crustle48 forfeited.
|
|win|mexim
|raw|Crustle48's rating: 1261 &rarr; <strong>1241</strong><br />(-20 for losing)
|raw|mexim's rating: 1334 &rarr; <strong>1350</strong><br />(+16 for winning)
|l|☆Crustle48
|player|p1|
|l|☆mexim
|player|p2|
