|j|☆Tepig_nNz_498
|j|☆KingOvershield
|t:|1750833258
|gametype|doubles
|player|p1|Tepig_nNz_498|102|1345
|player|p2|KingOvershield|bugcatcher-gen4dp|1273
|teamsize|p1|6
|teamsize|p2|6
|gen|9
|tier|[Gen 9] VGC 2025 Reg I
|rated|
|rule|Species Clause: Limit one of each Pokémon
|rule|Item Clause: Limit 1 of each item
|clearpoke
|poke|p1|Ludicolo, L50, M|
|poke|p1|Kyogre, L50|
|poke|p1|Tornadus, L50, M|
|poke|p1|Primarina, L50, F|
|poke|p1|Zacian-*, L50|
|poke|p1|Urshifu-*, L50, F|
|poke|p2|Koraidon, L50|
|poke|p2|Scovillain, L50, M|
|poke|p2|Miraidon, L50|
|poke|p2|Chesnaught, L50, F|
|poke|p2|Clefairy, L50, M|
|poke|p2|Indeedee-F, L50, F|
|teampreview|4
|inactive|Battle timer is ON: inactive players will automatically lose when time's up. (requested by KingOvershield)
|
|t:|1750833312
|start
|switch|p1a: Tornadus|Tornadus, L50, M|100/100
|switch|p1b: Zacian|Zacian-Crowned, L50, shiny|100/100
|switch|p2a: Scovillain|Scovillain, L50, M|100/100
|switch|p2b: Miraidon|Miraidon, L50|100/100
|-fieldstart|move: Electric Terrain|[from] ability: Hadron Engine|[of] p2b: Miraidon
|-ability|p1b: Zacian|Intrepid Sword|boost
|-boost|p1b: Zacian|atk|1
|turn|1
|inactive|KingOvershield has 30 seconds left.
|inactive|KingOvershield has 20 seconds left.
|inactive|KingOvershield has 15 seconds left.
|inactive|KingOvershield has 10 seconds left.
|inactive|KingOvershield has 5 seconds left.
|
|t:|1750833366
|-terastallize|p1b: Zacian|Ground
|move|p2a: Scovillain|Rage Powder|p2a: Scovillain
|-singleturn|p2a: Scovillain|move: Rage Powder
|move|p1a: Tornadus|Tailwind|p1a: Tornadus
|-sidestart|p1: Tepig_nNz_498|move: Tailwind
|move|p1b: Zacian|Tera Blast|p2a: Scovillain|[anim] Tera Blast Ground
|-enditem|p2a: Scovillain|Focus Sash
|-damage|p2a: Scovillain|1/100
|move|p2b: Miraidon|Volt Switch|p1a: Tornadus
|-supereffective|p1a: Tornadus
|-enditem|p1a: Tornadus|Focus Sash
|-damage|p1a: Tornadus|1/100
|
|t:|1750833378
|switch|p2b: Koraidon|Koraidon, L50|100/100|[from] Volt Switch
|-weather|SunnyDay|[from] ability: Orichalcum Pulse|[of] p2b: Koraidon
|-activate|p2b: Koraidon|Orichalcum Pulse|[source]
|
|-weather|SunnyDay|[upkeep]
|upkeep
|turn|2
|
|t:|1750833393
|move|p2a: Scovillain|Protect|p2a: Scovillain
|-singleturn|p2a: Scovillain|Protect
|move|p2b: Koraidon|Protect|p2b: Koraidon
|-singleturn|p2b: Koraidon|Protect
|move|p1a: Tornadus|Rain Dance|p1a: Tornadus
|-weather|RainDance
|move|p1b: Zacian|Play Rough|p2b: Koraidon
|-activate|p2b: Koraidon|move: Protect
|
|-weather|RainDance|[upkeep]
|upkeep
|turn|3
|
|t:|1750833416
|switch|p2b: Miraidon|Miraidon, L50|100/100
|-activate|p2b: Miraidon|ability: Hadron Engine
|move|p2a: Scovillain|Rage Powder|p2a: Scovillain
|-singleturn|p2a: Scovillain|move: Rage Powder
|move|p1b: Zacian|Tera Blast|p2a: Scovillain|[anim] Tera Blast Ground
|-damage|p2a: Scovillain|0 fnt
|faint|p2a: Scovillain
|move|p1a: Tornadus|Bleakwind Storm|p2b: Miraidon
|-resisted|p2b: Miraidon
|-damage|p2b: Miraidon|78/100
|-unboost|p2b: Miraidon|spe|1
|
|-weather|RainDance|[upkeep]
|upkeep
|
|t:|1750833438
|switch|p2a: Chesnaught|Chesnaught, L50, F|100/100
|-enditem|p2a: Chesnaught|Electric Seed
|-boost|p2a: Chesnaught|def|1|[from] item: Electric Seed
|turn|4
|inactive|KingOvershield has 30 seconds left.
|inactive|KingOvershield has 20 seconds left.
|
|t:|1750833477
|switch|p2b: Koraidon|Koraidon, L50|100/100
|-weather|SunnyDay|[from] ability: Orichalcum Pulse|[of] p2b: Koraidon
|-activate|p2b: Koraidon|Orichalcum Pulse|[source]
|move|p2a: Chesnaught|Wide Guard|p2a: Chesnaught
|-singleturn|p2a: Chesnaught|Wide Guard
|move|p1a: Tornadus|Taunt|p2a: Chesnaught
|-start|p2a: Chesnaught|move: Taunt
|move|p1b: Zacian|Play Rough|p2b: Koraidon
|-supereffective|p2b: Koraidon
|-damage|p2b: Koraidon|0 fnt
|faint|p2b: Koraidon
|
|-weather|SunnyDay|[upkeep]
|-sideend|p1: Tepig_nNz_498|move: Tailwind
|upkeep
|
|t:|1750833490
|switch|p2b: Miraidon|Miraidon, L50|78/100
|-activate|p2b: Miraidon|ability: Hadron Engine
|turn|5
|inactive|KingOvershield has 30 seconds left.
|
|t:|1750833519
|move|p1a: Tornadus|Tailwind|p1a: Tornadus
|-sidestart|p1: Tepig_nNz_498|move: Tailwind
|move|p1b: Zacian|Tera Blast|p2b: Miraidon|[anim] Tera Blast Ground
|-supereffective|p2b: Miraidon
|-damage|p2b: Miraidon|0 fnt
|faint|p2b: Miraidon
|move|p2a: Chesnaught|Body Press|p1b: Zacian
|-damage|p1b: Zacian|42/100
|
|-weather|SunnyDay|[upkeep]
|-fieldend|move: Electric Terrain
|upkeep
|turn|6
|c|☆KingOvershield|this team sucks my huge piece
|
|t:|1750833541
|-terastallize|p2a: Chesnaught|Steel
|move|p1b: Zacian|Play Rough|p2a: Chesnaught
|-resisted|p2a: Chesnaught
|-damage|p2a: Chesnaught|85/100
|move|p1a: Tornadus|Bleakwind Storm|p2a: Chesnaught
|-resisted|p2a: Chesnaught
|-damage|p2a: Chesnaught|57/100
|move|p2a: Chesnaught|Body Press|p1b: Zacian
|-damage|p1b: Zacian|0 fnt
|faint|p1b: Zacian
|
|-weather|SunnyDay|[upkeep]
|upkeep
|
|t:|1750833552
|switch|p1b: Urshifu|Urshifu-Rapid-Strike, L50, F|100/100
|turn|7
|
|t:|1750833559
|switch|p1a: Kyogre|Kyogre, L50|100/100
|-weather|RainDance|[from] ability: Drizzle|[of] p1a: Kyogre
|move|p1b: Urshifu|Surging Strikes|p2a: Chesnaught
|-crit|p2a: Chesnaught
|-damage|p2a: Chesnaught|36/100
|-crit|p2a: Chesnaught
|-damage|p2a: Chesnaught|17/100
|-crit|p2a: Chesnaught
|-damage|p2a: Chesnaught|0 fnt
|faint|p2a: Chesnaught
|-hitcount|p2: Chesnaught|3
|
|win|Tepig_nNz_498
|raw|Tepig_nNz_498's rating: 1345 &rarr; <strong>1361</strong><br />(+16 for winning)
|raw|KingOvershield's rating: 1273 &rarr; <strong>1253</strong><br />(-20 for losing)
|l|☆KingOvershield
|player|p2|
|l|☆Tepig_nNz_498
|player|p1|
