|j|☆forgottenbladelost
|j|☆thatgriefer
|t:|1750868470
|gametype|doubles
|player|p1|forgottenbladelost|riley|1316
|player|p2|thatgriefer|brock|1330
|teamsize|p1|6
|teamsize|p2|6
|gen|9
|tier|[Gen 9] VGC 2025 Reg I
|rated|
|rule|Species Clause: Limit one of each Pokémon
|rule|Item Clause: Limit 1 of each item
|clearpoke
|poke|p1|Zamazenta-*, L50|
|poke|p1|Calyrex-Shadow, L50|
|poke|p1|Urshifu-*, L50, F|
|poke|p1|Moltres, L50|
|poke|p1|Iron Valiant, L50|
|poke|p1|Porygon-Z, L50|
|poke|p2|Calyrex-Ice, L50|
|poke|p2|Kyogre, L50|
|poke|p2|Urshifu-*, L50, M|
|poke|p2|Raging Bolt, L50|
|poke|p2|Rillaboom, L50, M|
|poke|p2|Incineroar, L50, F|
|teampreview|4
|inactive|Battle timer is ON: inactive players will automatically lose when time's up. (requested by thatgriefer)
|inactive|forgottenbladelost has 60 seconds left.
|inactive|thatgriefer has 60 seconds left.
forgottenbladelost rejected open team sheets.
|l|☆thatgriefer
|inactive|thatgriefer disconnected and has a minute to reconnect!
|player|p2|
|
|t:|1750868521
|start
|switch|p1a: Zamazenta|Zamazenta-Crowned, L50|100/100
|switch|p1b: Porygon-Z|Porygon-Z, L50|100/100
|switch|p2a: Kyogre|Kyogre, L50|100/100
|switch|p2b: Incineroar|Incineroar, L50, F, shiny|100/100
|-ability|p1a: Zamazenta|Dauntless Shield|boost
|-boost|p1a: Zamazenta|def|1
|-weather|RainDance|[from] ability: Drizzle|[of] p2a: Kyogre
|-ability|p2b: Incineroar|Intimidate|boost
|-unboost|p1a: Zamazenta|atk|1
|-unboost|p1b: Porygon-Z|atk|1
|turn|1
|j|☆thatgriefer
|inactive|thatgriefer reconnected and has 50 seconds left.
|player|p2|thatgriefer|brock|
|
|t:|1750868540
|move|p2b: Incineroar|Fake Out|p1a: Zamazenta
|-resisted|p1a: Zamazenta
|-damage|p1a: Zamazenta|98/100
|cant|p1a: Zamazenta|flinch
|move|p1b: Porygon-Z|Tri Attack|p2a: Kyogre
|-damage|p2a: Kyogre|66/100
|move|p2a: Kyogre|Hydro Pump|p1b: Porygon-Z
|-crit|p1b: Porygon-Z
|-enditem|p1b: Porygon-Z|Focus Sash
|-damage|p1b: Porygon-Z|1/100
|
|-weather|RainDance|[upkeep]
|upkeep
|turn|2
|
|t:|1750868559
|move|p2a: Kyogre|Protect|p2a: Kyogre
|-singleturn|p2a: Kyogre|Protect
|move|p1a: Zamazenta|Body Press|p2a: Kyogre
|-activate|p2a: Kyogre|move: Protect
|move|p1b: Porygon-Z|Tri Attack|p2a: Kyogre
|-activate|p2a: Kyogre|move: Protect
|move|p2b: Incineroar|Parting Shot|p1a: Zamazenta
|-unboost|p1a: Zamazenta|atk|1
|-unboost|p1a: Zamazenta|spa|1
|
|t:|1750868574
|switch|p2b: Urshifu|Urshifu-Rapid-Strike, L50, M|100/100|[from] Parting Shot
|
|-weather|RainDance|[upkeep]
|upkeep
|turn|3
|
|t:|1750868595
|switch|p2a: Incineroar|Incineroar, L50, F, shiny|100/100
|-ability|p2a: Incineroar|Intimidate|boost
|-unboost|p1a: Zamazenta|atk|1
|-unboost|p1b: Porygon-Z|atk|1
|-terastallize|p2b: Urshifu|Ghost
|move|p1b: Porygon-Z|Protect|p1b: Porygon-Z
|-singleturn|p1b: Porygon-Z|Protect
|move|p2b: Urshifu|Surging Strikes|p1a: Zamazenta
|-crit|p1a: Zamazenta
|-damage|p1a: Zamazenta|76/100
|-crit|p1a: Zamazenta
|-damage|p1a: Zamazenta|56/100
|-crit|p1a: Zamazenta
|-damage|p1a: Zamazenta|36/100
|-hitcount|p1a: Zamazenta|3
|move|p1a: Zamazenta|Body Press|p2a: Incineroar
|-supereffective|p2a: Incineroar
|-damage|p2a: Incineroar|0 fnt
|faint|p2a: Incineroar
|
|-weather|RainDance|[upkeep]
|upkeep
|
|t:|1750868617
|switch|p2a: Calyrex|Calyrex-Ice, L50|100/100
|-ability|p2a: Calyrex|As One
|-ability|p2a: Calyrex|Unnerve
|turn|4
|
|t:|1750868637
|move|p2b: Urshifu|Surging Strikes|p1b: Porygon-Z
|-crit|p1b: Porygon-Z
|-damage|p1b: Porygon-Z|0 fnt
|faint|p1b: Porygon-Z
|-hitcount|p1: Porygon-Z|1
|move|p1a: Zamazenta|Body Press|p2a: Calyrex
|-damage|p2a: Calyrex|59/100
|move|p2a: Calyrex|Leech Seed|p1a: Zamazenta
|-start|p1a: Zamazenta|move: Leech Seed
|
|-weather|RainDance|[upkeep]
|-damage|p1a: Zamazenta|24/100|[from] Leech Seed|[of] p2a: Calyrex
|-heal|p2a: Calyrex|69/100|[silent]
|upkeep
|
|t:|1750868641
|switch|p1b: Calyrex|Calyrex-Shadow, L50|100/100
|-ability|p1b: Calyrex|As One
|-ability|p1b: Calyrex|Unnerve
|turn|5
|inactive|forgottenbladelost has 30 seconds left.
|inactive|forgottenbladelost has 20 seconds left.
|
|t:|1750868680
|move|p2a: Calyrex|Protect|p2a: Calyrex
|-singleturn|p2a: Calyrex|Protect
|move|p2b: Urshifu|Surging Strikes|p1b: Calyrex
|-crit|p1b: Calyrex
|-damage|p1b: Calyrex|58/100
|-crit|p1b: Calyrex
|-damage|p1b: Calyrex|16/100
|-crit|p1b: Calyrex
|-damage|p1b: Calyrex|0 fnt
|faint|p1b: Calyrex
|-hitcount|p1: Calyrex|3
|move|p1a: Zamazenta|Body Press|p2a: Calyrex
|-activate|p2a: Calyrex|move: Protect
|
|-weather|none
|-damage|p1a: Zamazenta|12/100|[from] Leech Seed|[of] p2a: Calyrex
|-heal|p2a: Calyrex|79/100|[silent]
|upkeep
|
|t:|1750868688
|switch|p1b: Urshifu|Urshifu-Rapid-Strike, L50, F|100/100
|turn|6
|inactive|thatgriefer has 30 seconds left.
|
|t:|1750868719
|switch|p2a: Kyogre|Kyogre, L50|66/100
|-weather|RainDance|[from] ability: Drizzle|[of] p2a: Kyogre
|move|p1b: Urshifu|Surging Strikes|p2b: Urshifu
|-crit|p2b: Urshifu
|-damage|p2b: Urshifu|71/100
|-crit|p2b: Urshifu
|-damage|p2b: Urshifu|40/100
|-crit|p2b: Urshifu
|-damage|p2b: Urshifu|10/100
|-hitcount|p2b: Urshifu|3
|move|p2b: Urshifu|Surging Strikes|p1a: Zamazenta
|-crit|p1a: Zamazenta
|-damage|p1a: Zamazenta|0 fnt
|faint|p1a: Zamazenta
|-hitcount|p1: Zamazenta|1
|
|-weather|RainDance|[upkeep]
|upkeep
|turn|7
|-message|forgottenbladelost forfeited.
|
|win|thatgriefer
|raw|forgottenbladelost's rating: 1291 &rarr; <strong>1269</strong><br />(-22 for losing)
|raw|thatgriefer's rating: 1330 &rarr; <strong>1348</strong><br />(+18 for winning)
|l|☆thatgriefer
|player|p2|
|l|☆forgottenbladelost
|player|p1|
