|j|☆NashVGC7
|j|☆VascoANime
|t:|1750856624
|gametype|doubles
|player|p1|NashVGC7|#smogonxnpa2025draftee|
|player|p2|VascoANime|flannery|
|teamsize|p1|6
|teamsize|p2|6
|gen|9
|tier|[Gen 9] VGC 2025 Reg I
|rated|Tournament battle
|rule|Species Clause: Limit one of each Pokémon
|rule|Item Clause: Limit 1 of each item
|raw|<div class="infobox"><details class="readmore" open><summary><strong>2 custom rules:</strong></summary> Force Open Team Sheets, !Open Team Sheets</details></div>
|clearpoke
|poke|p1|Lunala, L50|
|poke|p1|Ursaluna, L50, M|
|poke|p1|Jumpluff, L50, M|
|poke|p1|Koraidon, L50|
|poke|p1|Incineroar, L50, F|
|poke|p1|Scream Tail, L50|
|poke|p2|Calyrex-Ice, L50|
|poke|p2|Abomasnow, L50, M|
|poke|p2|Lunala, L50|
|poke|p2|Baxcalibur, L50, F|
|poke|p2|Torkoal, L50, M|
|poke|p2|Clefairy, L50, M|
|teampreview|4
|showteam|p1|Lunala||Leftovers|ShadowShield|TrickRoom,WideGuard,Moonblast,MoongeistBeam||||||50|,,,,,Fairy]Ursaluna||FlameOrb|Guts|Earthquake,HeadlongRush,Protect,Facade|||M|||50|,,,,,Ghost]Jumpluff||CovertCloak|Chlorophyll|RagePowder,Encore,SleepPowder,PollenPuff|||M|||50|,,,,,Dark]Koraidon||ClearAmulet|OrichalcumPulse|FlareBlitz,FlameCharge,CollisionCourse,Protect||||||50|,,,,,Fire]Incineroar||RockyHelmet|Intimidate|PartingShot,KnockOff,FlareBlitz,FakeOut|||F|||50|,,,,,Bug]Scream Tail||BoosterEnergy|Protosynthesis|PerishSong,Encore,Disable,Protect||||||50|,,,,,Dark
|showteam|p2|Calyrex-Ice||Leftovers|AsOneGlastrier|GlacialLance,TrickRoom,LeechSeed,Protect||||||50|,,,,,Ice]Abomasnow||CovertCloak|SnowWarning|AuroraVeil,Blizzard,HelpingHand,Protect|||M|||50|,,,,,Water]Lunala||PowerHerb|ShadowShield|WideGuard,MoongeistBeam,MeteorBeam,TrickRoom||||||50|,,,,,Fairy]Baxcalibur||LifeOrb|ThermalExchange|IcicleCrash,AquaTail,GlaiveRush,Protect|||F|||50|,,,,,Ice]Torkoal||ChoiceSpecs|WhiteSmoke|Eruption,HeatWave,EarthPower,WeatherBall|||M|||50|,,,,,Ice]Clefairy||Eviolite|FriendGuard|FollowMe,HelpingHand,Moonblast,HealPulse|||M|||50|,,,,,Grass
|j| JustAnAlpaca
|j| Red Fang X
|
|t:|1750856659
|start
|switch|p1a: Incineroar|Incineroar, L50, F|100/100
|switch|p1b: Lunala|Lunala, L50, shiny|100/100
|switch|p2a: Calyrex|Calyrex-Ice, L50|100/100
|switch|p2b: Clefairy|Clefairy, L50, M|100/100
|-ability|p2a: Calyrex|As One
|-ability|p2a: Calyrex|Unnerve
|-ability|p1a: Incineroar|Intimidate|boost
|-unboost|p2a: Calyrex|atk|1
|-unboost|p2b: Clefairy|atk|1
|turn|1
|
|t:|1750856691
|switch|p2b: Abomasnow|Abomasnow, L50, M|100/100
|-weather|Snowscape|[from] ability: Snow Warning|[of] p2b: Abomasnow
|move|p1b: Lunala|Moongeist Beam|p2b: Abomasnow
|-damage|p2b: Abomasnow|48/100
|move|p1a: Incineroar|Knock Off|p2a: Calyrex
|-supereffective|p2a: Calyrex
|-damage|p2a: Calyrex|69/100
|-enditem|p2a: Calyrex|Leftovers|[from] move: Knock Off|[of] p1a: Incineroar
|move|p2a: Calyrex|Leech Seed|p1b: Lunala
|-start|p1b: Lunala|move: Leech Seed
|
|-weather|Snowscape|[upkeep]
|-damage|p1b: Lunala|88/100|[from] Leech Seed|[of] p2a: Calyrex
|-heal|p2a: Calyrex|82/100|[silent]
|upkeep
|turn|2
|j| relooo
|
|t:|1750856720
|move|p2a: Calyrex|Protect|p2a: Calyrex
|-singleturn|p2a: Calyrex|Protect
|move|p1b: Lunala|Moongeist Beam|p2b: Abomasnow
|-crit|p2b: Abomasnow
|-damage|p2b: Abomasnow|0 fnt
|faint|p2b: Abomasnow
|move|p1a: Incineroar|Parting Shot|p2a: Calyrex
|-activate|p2a: Calyrex|move: Protect
|
|-weather|Snowscape|[upkeep]
|-heal|p1b: Lunala|94/100|[from] item: Leftovers
|-damage|p1b: Lunala|82/100|[from] Leech Seed|[of] p2a: Calyrex
|-heal|p2a: Calyrex|96/100|[silent]
|upkeep
|j| A Regu1ar Guy
|
|t:|1750856755
|switch|p2b: Clefairy|Clefairy, L50, M|100/100
|turn|3
|l| relooo
|j| allen brown jr
|
|t:|1750856771
|move|p2b: Clefairy|Follow Me|p2b: Clefairy
|-singleturn|p2b: Clefairy|move: Follow Me
|move|p1b: Lunala|Moongeist Beam|p2b: Clefairy
|-crit|p2b: Clefairy
|-damage|p2b: Clefairy|39/100
|move|p1a: Incineroar|Knock Off|p2b: Clefairy
|-resisted|p2b: Clefairy
|-damage|p2b: Clefairy|21/100
|-enditem|p2b: Clefairy|Eviolite|[from] move: Knock Off|[of] p1a: Incineroar
|move|p2a: Calyrex|Trick Room|p2a: Calyrex
|-fieldstart|move: Trick Room|[of] p2a: Calyrex
|
|-weather|Snowscape|[upkeep]
|-heal|p1b: Lunala|88/100|[from] item: Leftovers
|-damage|p1b: Lunala|76/100|[from] Leech Seed|[of] p2a: Calyrex
|-heal|p2a: Calyrex|100/100|[silent]
|upkeep
|turn|4
|l| allen brown jr
|l| A Regu1ar Guy
|
|t:|1750856791
|move|p2a: Calyrex|Protect|p2a: Calyrex
|-singleturn|p2a: Calyrex|Protect
|move|p2b: Clefairy|Moonblast|p1b: Lunala
|-damage|p1b: Lunala|63/100
|move|p1a: Incineroar|Parting Shot|p2a: Calyrex
|-activate|p2a: Calyrex|move: Protect
|move|p1b: Lunala|Trick Room|p1b: Lunala
|-fieldend|move: Trick Room
|
|-weather|Snowscape|[upkeep]
|-heal|p1b: Lunala|69/100|[from] item: Leftovers
|-damage|p1b: Lunala|57/100|[from] Leech Seed|[of] p2a: Calyrex
|upkeep
|turn|5
|
|t:|1750856806
|move|p2b: Clefairy|Follow Me|p2b: Clefairy
|-singleturn|p2b: Clefairy|move: Follow Me
|move|p1b: Lunala|Moongeist Beam|p2b: Clefairy
|-damage|p2b: Clefairy|0 fnt
|faint|p2b: Clefairy
|move|p1a: Incineroar|Flare Blitz|p2a: Calyrex
|-supereffective|p2a: Calyrex
|-damage|p2a: Calyrex|59/100
|-damage|p1a: Incineroar|87/100|[from] Recoil
|move|p2a: Calyrex|Trick Room|p2a: Calyrex
|-fieldstart|move: Trick Room|[of] p2a: Calyrex
|
|-weather|none
|-heal|p1b: Lunala|63/100|[from] item: Leftovers
|-damage|p1b: Lunala|50/100|[from] Leech Seed|[of] p2a: Calyrex
|-heal|p2a: Calyrex|72/100|[silent]
|upkeep
|
|t:|1750856819
|switch|p2b: Torkoal|Torkoal, L50, M|100/100
|turn|6
|
|t:|1750856831
|move|p1b: Lunala|Wide Guard|p1b: Lunala
|-singleturn|p1b: Lunala|Wide Guard
|move|p2b: Torkoal|Eruption|p1b: Lunala|[spread] 
|-activate|p1a: Incineroar|move: Wide Guard
|-activate|p1b: Lunala|move: Wide Guard
|move|p2a: Calyrex|Glacial Lance|p1a: Incineroar|[spread] 
|-activate|p1a: Incineroar|move: Wide Guard
|-activate|p1b: Lunala|move: Wide Guard
|move|p1a: Incineroar|Parting Shot|p2b: Torkoal
|-fail|p2b: Torkoal|unboost|[from] ability: White Smoke|[of] p2b: Torkoal
|
|-heal|p1b: Lunala|57/100|[from] item: Leftovers
|-damage|p1b: Lunala|44/100|[from] Leech Seed|[of] p2a: Calyrex
|-heal|p2a: Calyrex|86/100|[silent]
|upkeep
|turn|7
|c|☆VascoANime|gg
|c| JustAnAlpaca|white smoke is crazy
|
|t:|1750856861
|move|p2a: Calyrex|Protect|p2a: Calyrex
|-singleturn|p2a: Calyrex|Protect
|move|p1b: Lunala|Wide Guard|p1b: Lunala
|-singleturn|p1b: Lunala|Wide Guard
|move|p2b: Torkoal|Eruption|p1b: Lunala|[spread] 
|-activate|p1a: Incineroar|move: Wide Guard
|-activate|p1b: Lunala|move: Wide Guard
|move|p1a: Incineroar|Parting Shot|p2a: Calyrex
|-activate|p2a: Calyrex|move: Protect
|
|-heal|p1b: Lunala|50/100|[from] item: Leftovers
|-damage|p1b: Lunala|38/100|[from] Leech Seed|[of] p2a: Calyrex
|-heal|p2a: Calyrex|99/100|[silent]
|upkeep
|turn|8
|c|☆NashVGC7|lol wasnt reading
|j|%Eeveon7❤
|
|t:|1750856898
|move|p1b: Lunala|Wide Guard|p1b: Lunala
|-singleturn|p1b: Lunala|Wide Guard
|move|p2b: Torkoal|Eruption|p1a: Incineroar|[spread] 
|-activate|p1a: Incineroar|move: Wide Guard
|-activate|p1b: Lunala|move: Wide Guard
|move|p2a: Calyrex|Leech Seed|p1a: Incineroar
|-start|p1a: Incineroar|move: Leech Seed
|move|p1a: Incineroar|Parting Shot|p2a: Calyrex
|-unboost|p2a: Calyrex|atk|1
|-unboost|p2a: Calyrex|spa|1
|
|t:|1750856908
|switch|p1a: Ursaluna|Ursaluna, L50, M|100/100|[from] Parting Shot
|
|-heal|p1b: Lunala|44/100|[from] item: Leftovers
|-damage|p1b: Lunala|32/100|[from] Leech Seed|[of] p2a: Calyrex
|-heal|p2a: Calyrex|100/100|[silent]
|-status|p1a: Ursaluna|brn|[from] item: Flame Orb
|upkeep
|turn|9
|
|t:|1750856929
|-terastallize|p2b: Torkoal|Ice
|move|p1b: Lunala|Wide Guard|p1b: Lunala
|-singleturn|p1b: Lunala|Wide Guard
|move|p2b: Torkoal|Eruption|p1a: Ursaluna|[spread] 
|-activate|p1a: Ursaluna|move: Wide Guard
|-activate|p1b: Lunala|move: Wide Guard
|move|p1a: Ursaluna|Earthquake|p2a: Calyrex|[spread] p2a,p2b
|-activate|p1b: Lunala|move: Wide Guard
|-damage|p2a: Calyrex|60/100
|-damage|p2b: Torkoal|47/100
|move|p2a: Calyrex|Leech Seed|p1a: Ursaluna
|-start|p1a: Ursaluna|move: Leech Seed
|
|-heal|p1b: Lunala|38/100|[from] item: Leftovers
|-damage|p1a: Ursaluna|88/100 brn|[from] Leech Seed|[of] p2a: Calyrex
|-heal|p2a: Calyrex|74/100|[silent]
|-damage|p1b: Lunala|26/100|[from] Leech Seed|[of] p2a: Calyrex
|-heal|p2a: Calyrex|87/100|[silent]
|-damage|p1a: Ursaluna|82/100 brn|[from] brn
|-fieldend|move: Trick Room
|upkeep
|turn|10
|c|%Eeveon7❤|tera ice no sun is wild
|c|%Eeveon7❤|the cook was too strong
|
|t:|1750856957
|move|p2a: Calyrex|Protect|p2a: Calyrex
|-singleturn|p2a: Calyrex|Protect
|move|p1b: Lunala|Wide Guard|p1b: Lunala
|-singleturn|p1b: Lunala|Wide Guard
|move|p1a: Ursaluna|Earthquake|p2a: Calyrex|[spread] p2b
|-activate|p1b: Lunala|move: Wide Guard
|-activate|p2a: Calyrex|move: Protect
|-damage|p2b: Torkoal|0 fnt
|faint|p2b: Torkoal
|
|-heal|p1b: Lunala|32/100|[from] item: Leftovers
|-damage|p1b: Lunala|20/100|[from] Leech Seed|[of] p2a: Calyrex
|-heal|p2a: Calyrex|100/100|[silent]
|-damage|p1a: Ursaluna|70/100 brn|[from] Leech Seed|[of] p2a: Calyrex
|-damage|p1a: Ursaluna|64/100 brn|[from] brn
|upkeep
|turn|11
|c|☆VascoANime|Eeveon7 unfortunately abomasnow is dead
|j| ergomouse
|j| Moreuptempo
|c|☆VascoANime|torkoal has tera weather ball for that
|c| JustAnAlpaca|i didnt even see the abombasnow lmao
|
|t:|1750856994
|-terastallize|p1a: Ursaluna|Ghost
|move|p2a: Calyrex|Protect|p2a: Calyrex
|-singleturn|p2a: Calyrex|Protect
|move|p1b: Lunala|Moongeist Beam|p2a: Calyrex
|-activate|p2a: Calyrex|move: Protect
|move|p1a: Ursaluna|Facade|p2a: Calyrex
|-activate|p2a: Calyrex|move: Protect
|
|-heal|p1b: Lunala|26/100|[from] item: Leftovers
|-damage|p1b: Lunala|14/100|[from] Leech Seed|[of] p2a: Calyrex
|-damage|p1a: Ursaluna|52/100 brn|[from] Leech Seed|[of] p2a: Calyrex
|-damage|p1a: Ursaluna|46/100 brn|[from] brn
|upkeep
|turn|12
|c| JustAnAlpaca|it gets better the more i look
|c| JustAnAlpaca|this is the innovation our society needs
|c|%Eeveon7❤|in what circumstance would weather ball be used
|c|☆NashVGC7|can u not waste my time
|c|☆VascoANime|i managed to win 2
|
|t:|1750857016
|switch|p1a: Incineroar|Incineroar, L50, F|87/100
|-ability|p1a: Incineroar|Intimidate|boost
|-unboost|p2a: Calyrex|atk|1
|move|p1b: Lunala|Moongeist Beam|p2a: Calyrex
|-supereffective|p2a: Calyrex
|-damage|p2a: Calyrex|39/100
|move|p2a: Calyrex|Glacial Lance|p1a: Incineroar|[spread] p1a,p1b
|-resisted|p1a: Incineroar
|-damage|p1a: Incineroar|79/100
|-damage|p1b: Lunala|0 fnt
|faint|p1b: Lunala
|-ability|p2a: Calyrex|Chilling Neigh|boost
|-boost|p2a: Calyrex|atk|1
|
|upkeep
|
|t:|1750857026
|switch|p1b: Koraidon|Koraidon, L50|100/100
|-weather|SunnyDay|[from] ability: Orichalcum Pulse|[of] p1b: Koraidon
|-activate|p1b: Koraidon|Orichalcum Pulse|[source]
|turn|13
|inactive|Battle timer is ON: inactive players will automatically lose when time's up. (requested by NashVGC7)
|
|t:|1750857043
|move|p1a: Incineroar|Fake Out|p2a: Calyrex
|-damage|p2a: Calyrex|32/100
|move|p1b: Koraidon|Flare Blitz|p2a: Calyrex
|-supereffective|p2a: Calyrex
|-damage|p2a: Calyrex|0 fnt
|faint|p2a: Calyrex
|-damage|p1b: Koraidon|89/100|[from] Recoil
|
|win|NashVGC7
|n|☆NashVGC7|nashvgc7
|n|☆VascoANime|vascoanime
|n| JustAnAlpaca|justanalpaca
|n| Red Fang X|redfangx
|n|+Eeveon7❤|eeveon7
|n| ergomouse|ergomouse
|n| Moreuptempo|moreuptempo
|c|☆VascoANime|gg]
|l|+Eeveon7❤
|c|☆NashVGC7|gg
|l| ergomouse
|l| JustAnAlpaca
|l| Red Fang X
|l|☆VascoANime
|player|p2|
|l| Moreuptempo
