|j|☆a2
|j|☆CamNewtontheGOAT
|t:|1750743014
|gametype|doubles
|player|p1|a2|dawn-masters|1544
|player|p2|CamNewtontheGOAT|265|1434
|teamsize|p1|6
|teamsize|p2|6
|gen|9
|tier|[Gen 9] VGC 2025 Reg I
|rated|
|rule|Species Clause: Limit one of each Pokémon
|rule|Item Clause: Limit 1 of each item
|clearpoke
|poke|p1|Ogerpon-Hearthflame, L50, F|
|poke|p1|Grimmsnarl, L50, M|
|poke|p1|Incineroar, L50, M|
|poke|p1|Miraidon, L50|
|poke|p1|Ursaluna, L50, M|
|poke|p1|Lunala, L50|
|poke|p2|Koraidon, L50|
|poke|p2|Flutter Mane, L50|
|poke|p2|Chi-Yu, L50|
|poke|p2|Calyrex-Shadow, L50|
|poke|p2|Rillaboom, L50, M|
|poke|p2|Smeargle, L50, M|
|teampreview|4
|inactive|Battle timer is ON: inactive players will automatically lose when time's up. (requested by a2)
|inactive|CamNewtontheGOAT has 60 seconds left.
|
|t:|1750743067
|start
|switch|p1a: Grimmsnarl|Grimmsnarl, L50, M|100/100
|switch|p1b: Miraidon|Miraidon, L50|100/100
|switch|p2a: Flutter Mane|Flutter Mane, L50|100/100
|switch|p2b: Koraidon|Koraidon, L50|100/100
|-weather|SunnyDay|[from] ability: Orichalcum Pulse|[of] p2b: Koraidon
|-activate|p2a: Flutter Mane|ability: Protosynthesis
|-start|p2a: Flutter Mane|protosynthesisspe
|-activate|p2b: Koraidon|Orichalcum Pulse|[source]
|-fieldstart|move: Electric Terrain|[from] ability: Hadron Engine|[of] p1b: Miraidon
|turn|1
|inactive|a2 has 30 seconds left.
|
|t:|1750743093
|-terastallize|p2b: Koraidon|Fire
|move|p1b: Miraidon|Protect|p1b: Miraidon
|-singleturn|p1b: Miraidon|Protect
|move|p1a: Grimmsnarl|Thunder Wave|p2b: Koraidon
|-status|p2b: Koraidon|par
|move|p2a: Flutter Mane|Dazzling Gleam|p1b: Miraidon|[spread] p1a
|-activate|p1b: Miraidon|move: Protect
|-supereffective|p1a: Grimmsnarl
|-damage|p1a: Grimmsnarl|20/100
|move|p2b: Koraidon|Flame Charge|p1a: Grimmsnarl
|-damage|p1a: Grimmsnarl|0 fnt
|-boost|p2b: Koraidon|spe|1
|faint|p1a: Grimmsnarl
|
|-weather|SunnyDay|[upkeep]
|upkeep
|
|t:|1750743111
|switch|p1a: Lunala|Lunala, L50|100/100
|-enditem|p1a: Lunala|Electric Seed
|-boost|p1a: Lunala|def|1|[from] item: Electric Seed
|turn|2
|
|t:|1750743127
|move|p1a: Lunala|Wide Guard|p1a: Lunala
|-singleturn|p1a: Lunala|Wide Guard
|move|p2a: Flutter Mane|Dazzling Gleam|p1b: Miraidon|[spread] 
|-activate|p1a: Lunala|move: Wide Guard
|-activate|p1b: Miraidon|move: Wide Guard
|move|p1b: Miraidon|Calm Mind|p1b: Miraidon
|-boost|p1b: Miraidon|spa|1
|-boost|p1b: Miraidon|spd|1
|move|p2b: Koraidon|Flare Blitz|p1a: Lunala
|-damage|p1a: Lunala|69/100
|-damage|p2b: Koraidon|87/100 par|[from] Recoil
|
|-weather|SunnyDay|[upkeep]
|upkeep
|turn|3
|
|t:|1750743143
|-terastallize|p1b: Miraidon|Electric
|move|p1a: Lunala|Wide Guard|p1a: Lunala
|-singleturn|p1a: Lunala|Wide Guard
|move|p2a: Flutter Mane|Dazzling Gleam|p1a: Lunala|[spread] 
|-activate|p1a: Lunala|move: Wide Guard
|-activate|p1b: Miraidon|move: Wide Guard
|move|p1b: Miraidon|Parabolic Charge|p2a: Flutter Mane|[spread] p2a,p2b
|-activate|p1a: Lunala|move: Wide Guard
|-damage|p2a: Flutter Mane|26/100
|-damage|p2b: Koraidon|0 fnt
|faint|p2b: Koraidon
|
|-weather|SunnyDay|[upkeep]
|upkeep
|
|t:|1750743157
|switch|p2b: Calyrex|Calyrex-Shadow, L50|100/100
|-ability|p2b: Calyrex|As One
|-ability|p2b: Calyrex|Unnerve
|turn|4
|
|t:|1750743164
|move|p1a: Lunala|Wide Guard|p1a: Lunala
|-singleturn|p1a: Lunala|Wide Guard
|move|p2a: Flutter Mane|Dazzling Gleam|p1a: Lunala|[spread] 
|-activate|p1a: Lunala|move: Wide Guard
|-activate|p1b: Miraidon|move: Wide Guard
|move|p2b: Calyrex|Nasty Plot|p2b: Calyrex
|-boost|p2b: Calyrex|spa|2
|move|p1b: Miraidon|Parabolic Charge|p2b: Calyrex|[spread] p2a,p2b
|-activate|p1a: Lunala|move: Wide Guard
|-damage|p2a: Flutter Mane|0 fnt
|-damage|p2b: Calyrex|27/100
|faint|p2a: Flutter Mane
|-end|p2a: Flutter Mane|Protosynthesis|[silent]
|
|-weather|SunnyDay|[upkeep]
|upkeep
|
|t:|1750743172
|switch|p2a: Smeargle|Smeargle, L50, M|100/100
|turn|5
|
|t:|1750743180
|move|p2a: Smeargle|Fake Out|p1b: Miraidon
|-damage|p1b: Miraidon|94/100
|move|p1a: Lunala|Wide Guard|p1a: Lunala
|-singleturn|p1a: Lunala|Wide Guard
|move|p2b: Calyrex|Astral Barrage|p1b: Miraidon|[spread] 
|-activate|p1a: Lunala|move: Wide Guard
|-activate|p1b: Miraidon|move: Wide Guard
|move|p1b: Miraidon|Parabolic Charge|p2b: Calyrex|[spread] p2a,p2b
|-activate|p1a: Lunala|move: Wide Guard
|-enditem|p2a: Smeargle|Focus Sash
|-damage|p2a: Smeargle|1/100
|-heal|p1b: Miraidon|100/100|[from] drain|[of] p2a: Smeargle
|-damage|p2b: Calyrex|0 fnt
|faint|p2b: Calyrex
|
|-weather|none
|-fieldend|move: Electric Terrain
|-ability|p2a: Smeargle|Moody|boost
|-boost|p2a: Smeargle|spa|2
|-unboost|p2a: Smeargle|spd|1
|upkeep
|turn|6
|-message|CamNewtontheGOAT forfeited.
|
|win|a2
|raw|a2's rating: 1544 &rarr; <strong>1558</strong><br />(+14 for winning)
|raw|CamNewtontheGOAT's rating: 1434 &rarr; <strong>1420</strong><br />(-14 for losing)
|l|☆CamNewtontheGOAT
|player|p2|
