|j|☆sillE roverT
|j|☆bman311
|t:|1750821293
|gametype|doubles
|player|p1|sillE roverT|trevor|
|player|p2|bman311|elesa-masters|
|teamsize|p1|6
|teamsize|p2|6
|gen|9
|tier|[Gen 9] VGC 2025 Reg I
|rated|Tournament battle
|rule|Species Clause: Limit one of each Pokémon
|rule|Item Clause: Limit 1 of each item
|raw|<div class="infobox"><details class="readmore" open><summary><strong>2 custom rules:</strong></summary> Force Open Team Sheets, !Open Team Sheets</details></div>
|clearpoke
|poke|p1|Volcarona, L50, M|
|poke|p1|Terapagos, L50, M|
|poke|p1|Koraidon, L50|
|poke|p1|Flutter Mane, L50|
|poke|p1|Incineroar, L50, M|
|poke|p1|Raging Bolt, L50|
|poke|p2|Miraidon, L50|
|poke|p2|Lunala, L50|
|poke|p2|Incineroar, L50, M|
|poke|p2|Ursaluna, L50, F|
|poke|p2|Urshifu-*, L50, M|
|poke|p2|Whimsicott, L50, M|
|teampreview|4
|showteam|p1|Volcarona||CovertCloak|FlameBody|Tailwind,RagePowder,StruggleBug,FieryDance|||M|||50|,,,,,Water]Terapagos||LifeOrb|TeraShift|TeraStarstorm,EarthPower,Protect,CalmMind|||M|||50|,,,,,Stellar]Koraidon||ClearAmulet|OrichalcumPulse|CollisionCourse,FlareBlitz,FlameCharge,Protect||||||50|,,,,,Fire]Flutter Mane||FocusSash|Protosynthesis|ShadowBall,Moonblast,IcyWind,Taunt||||||50|,,,,,Fairy]Incineroar||SafetyGoggles|Intimidate|FakeOut,KnockOff,WillOWisp,PartingShot|||M|||50|,,,,,Bug]Raging Bolt||AssaultVest|Protosynthesis|Thunderclap,Electroweb,DracoMeteor,VoltSwitch||||||50|,,,,,Electric
|showteam|p2|Miraidon||ChoiceSpecs|HadronEngine|ElectroDrift,DracoMeteor,DazzlingGleam,VoltSwitch||||||50|,,,,,Fairy]Lunala||ElectricSeed|ShadowShield|MoongeistBeam,Moonblast,WideGuard,TrickRoom||||||50|,,,,,Fairy]Incineroar||AssaultVest|Intimidate|FakeOut,FlareBlitz,KnockOff,Uturn|||M|||50|,,,,,Bug]Ursaluna||FlameOrb|Guts|Facade,HeadlongRush,Earthquake,Protect|||F|||50|,,,,,Ghost]Urshifu-Rapid-Strike||ChoiceBand|UnseenFist|SurgingStrikes,CloseCombat,AquaJet,Uturn|||M|||50|,,,,,Ghost]Whimsicott||CovertCloak|Prankster|Tailwind,Moonblast,LightScreen,Encore|||M|||50|,,,,,Water
|inactive|Battle timer is ON: inactive players will automatically lose when time's up. (requested by bman311)
|j| smittencat
|inactive|sillE roverT has 60 seconds left.
|inactive|bman311 has 60 seconds left.
|l| smittencat
|
|t:|1750821347
|start
|switch|p1a: Flutter Mane|Flutter Mane, L50|100/100
|switch|p1b: Terapagos|Terapagos, L50, M|100/100
|switch|p2a: Miraidon|Miraidon, L50|100/100
|switch|p2b: Lunala|Lunala, L50|100/100
|-activate|p1b: Terapagos|ability: Tera Shift
|detailschange|p1b: Terapagos|Terapagos-Terastal, L50, M
|-heal|p1b: Terapagos|100/100|[silent]
|-fieldstart|move: Electric Terrain|[from] ability: Hadron Engine|[of] p2a: Miraidon
|-enditem|p2b: Lunala|Electric Seed
|-boost|p2b: Lunala|def|1|[from] item: Electric Seed
|turn|1
|
|t:|1750821362
|-terastallize|p2b: Lunala|Fairy
|move|p1b: Terapagos|Protect|p1b: Terapagos
|-singleturn|p1b: Terapagos|Protect
|move|p1a: Flutter Mane|Taunt|p2b: Lunala
|-start|p2b: Lunala|move: Taunt
|move|p2a: Miraidon|Volt Switch|p1a: Flutter Mane
|-enditem|p1a: Flutter Mane|Focus Sash
|-damage|p1a: Flutter Mane|1/100
|
|t:|1750821369
|switch|p2a: Whimsicott|Whimsicott, L50, M|100/100|[from] Volt Switch
|move|p2b: Lunala|Moongeist Beam|p1a: Flutter Mane
|-supereffective|p1a: Flutter Mane
|-damage|p1a: Flutter Mane|0 fnt
|faint|p1a: Flutter Mane
|-end|p1a: Flutter Mane|Protosynthesis|[silent]
|
|upkeep
|j| a2
|
|t:|1750821377
|switch|p1a: Koraidon|Koraidon, L50|100/100
|-weather|SunnyDay|[from] ability: Orichalcum Pulse|[of] p1a: Koraidon
|-activate|p1a: Koraidon|Orichalcum Pulse|[source]
|turn|2
|
|t:|1750821391
|switch|p1b: Incineroar|Incineroar, L50, M|100/100
|-ability|p1b: Incineroar|Intimidate|boost
|-unboost|p2a: Whimsicott|atk|1
|-unboost|p2b: Lunala|atk|1
|move|p2a: Whimsicott|Encore|p1b: Incineroar
|-hint|Since gen 7, Dark is immune to Prankster moves.
|-immune|p1b: Incineroar
|move|p1a: Koraidon|Flame Charge|p2a: Whimsicott
|-supereffective|p2a: Whimsicott
|-damage|p2a: Whimsicott|20/100
|-boost|p1a: Koraidon|spe|1
|move|p2b: Lunala|Moongeist Beam|p1a: Koraidon
|-damage|p1a: Koraidon|57/100
|
|-weather|SunnyDay|[upkeep]
|upkeep
|turn|3
|
|t:|1750821413
|move|p1b: Incineroar|Fake Out|p2b: Lunala
|-damage|p2b: Lunala|98/100
|move|p2a: Whimsicott|Encore|p1a: Koraidon
|-start|p1a: Koraidon|Encore
|move|p1a: Koraidon|Flame Charge|p2a: Whimsicott
|-supereffective|p2a: Whimsicott
|-damage|p2a: Whimsicott|0 fnt
|-boost|p1a: Koraidon|spe|1
|faint|p2a: Whimsicott
|cant|p2b: Lunala|flinch
|
|-weather|SunnyDay|[upkeep]
|-end|p2b: Lunala|move: Taunt
|upkeep
|
|t:|1750821417
|switch|p2a: Miraidon|Miraidon, L50|100/100
|-activate|p2a: Miraidon|ability: Hadron Engine
|turn|4
|
|t:|1750821435
|move|p1a: Koraidon|Flame Charge|p2b: Lunala
|-damage|p2b: Lunala|81/100
|-boost|p1a: Koraidon|spe|1
|move|p2a: Miraidon|Electro Drift|p1b: Incineroar
|-damage|p1b: Incineroar|0 fnt
|faint|p1b: Incineroar
|move|p2b: Lunala|Moonblast|p1a: Koraidon
|-supereffective|p1a: Koraidon
|-damage|p1a: Koraidon|0 fnt
|faint|p1a: Koraidon
|
|-weather|SunnyDay|[upkeep]
|upkeep
|
|t:|1750821439
|switch|p1b: Terapagos|Terapagos-Terastal, L50, M|100/100
|turn|5
|
|t:|1750821450
|switch|p2a: Ursaluna|Ursaluna, L50, F|100/100
|move|p1b: Terapagos|Protect|p1b: Terapagos
|-singleturn|p1b: Terapagos|Protect
|move|p2b: Lunala|Trick Room|p2b: Lunala
|-fieldstart|move: Trick Room|[of] p2b: Lunala
|
|-weather|SunnyDay|[upkeep]
|-fieldend|move: Electric Terrain
|-status|p2a: Ursaluna|brn|[from] item: Flame Orb
|upkeep
|turn|6
|-message|sillE roverT forfeited.
|
|win|bman311
|n|☆sillE roverT|sillerovert
|n|☆bman311|bman311
|n| a2|a2
