|j|☆stupidteamstotest
|j|☆Bkokjlkjkkl
|t:|1750873983
|gametype|doubles
|player|p1|stupidteamstotest|preschooler|1172
|player|p2|Bkokjlkjkkl|1|1100
|teamsize|p1|6
|teamsize|p2|6
|gen|9
|tier|[Gen 9] VGC 2025 Reg I
|rated|
|rule|Species Clause: Limit one of each Pokémon
|rule|Item Clause: Limit 1 of each item
|clearpoke
|poke|p1|Miraidon, L50|
|poke|p1|Florges, L50, F|
|poke|p1|Lunala, L50|
|poke|p1|Ursaluna, L50, F|
|poke|p1|Tornadus, L50, M|
|poke|p1|Urshifu-*, L50, M|
|poke|p2|Whimsicott, L50, F|
|poke|p2|Urshifu-*, L50, M|
|poke|p2|Ursaluna, L50, M|
|poke|p2|Miraidon, L50|
|poke|p2|Lunala, L50|
|poke|p2|Incineroar, L50, F|
|teampreview|4
|inactive|Battle timer is ON: inactive players will automatically lose when time's up. (requested by stupidteamstotest)
|inactive|Bkokjlkjkkl has 60 seconds left.
|
|t:|1750874050
|start
|switch|p1a: Tornadus|Tornadus, L50, M|100/100
|switch|p1b: Lunala|Lunala, L50|100/100
|switch|p2a: Incineroar|Incineroar, L50, F|100/100
|switch|p2b: Miraidon|Miraidon, L50|100/100
|-fieldstart|move: Electric Terrain|[from] ability: Hadron Engine|[of] p2b: Miraidon
|-ability|p2a: Incineroar|Intimidate|boost
|-unboost|p1a: Tornadus|atk|1
|-unboost|p1b: Lunala|atk|1
|turn|1
|
|t:|1750874071
|switch|p1a: Florges|Florges, L50, F|100/100
|-terastallize|p2b: Miraidon|Fairy
|move|p2b: Miraidon|Dazzling Gleam|p1a: Florges|[spread] p1a,p1b
|-damage|p1a: Florges|58/100
|-damage|p1b: Lunala|80/100
|move|p2a: Incineroar|Knock Off|p1b: Lunala
|-supereffective|p1b: Lunala
|-damage|p1b: Lunala|0 fnt
|-enditem|p1b: Lunala|Leftovers|[from] move: Knock Off|[of] p2a: Incineroar
|faint|p1b: Lunala
|
|upkeep
|
|t:|1750874081
|switch|p1b: Miraidon|Miraidon, L50|100/100
|-activate|p1b: Miraidon|ability: Hadron Engine
|-enditem|p1b: Miraidon|Electric Seed
|-boost|p1b: Miraidon|def|1|[from] item: Electric Seed
|-activate|p1a: Florges|ability: Symbiosis|Covert Cloak|[of] p1b: Miraidon
|turn|2
|
|t:|1750874100
|-terastallize|p1b: Miraidon|Fairy
|move|p2b: Miraidon|Dazzling Gleam|p1b: Miraidon|[spread] p1a,p1b
|-damage|p1a: Florges|16/100
|-damage|p1b: Miraidon|46/100
|move|p1b: Miraidon|Calm Mind|p1b: Miraidon
|-boost|p1b: Miraidon|spa|1
|-boost|p1b: Miraidon|spd|1
|move|p1a: Florges|Pollen Puff|p1b: Miraidon
|-heal|p1b: Miraidon|95/100
|move|p2a: Incineroar|U-turn|p1b: Miraidon
|-resisted|p1b: Miraidon
|-damage|p1b: Miraidon|87/100
|
|t:|1750874111
|switch|p2a: Lunala|Lunala, L50|100/100|[from] U-turn
|-enditem|p2a: Lunala|Electric Seed
|-boost|p2a: Lunala|def|1|[from] item: Electric Seed
|
|upkeep
|turn|3
|
|t:|1750874120
|move|p1a: Florges|Protect|p1a: Florges
|-singleturn|p1a: Florges|Protect
|move|p2a: Lunala|Wide Guard|p2a: Lunala
|-singleturn|p2a: Lunala|Wide Guard
|move|p2b: Miraidon|Dazzling Gleam|p1b: Miraidon|[spread] p1b
|-activate|p1a: Florges|move: Protect
|-damage|p1b: Miraidon|46/100
|move|p1b: Miraidon|Parabolic Charge|p2b: Miraidon|[spread] 
|-activate|p2a: Lunala|move: Wide Guard
|-activate|p2b: Miraidon|move: Wide Guard
|-activate|p1a: Florges|move: Protect
|
|upkeep
|turn|4
|
|t:|1750874135
|move|p2a: Lunala|Wide Guard|p2a: Lunala
|-singleturn|p2a: Lunala|Wide Guard
|move|p1b: Miraidon|Electro Drift|p2a: Lunala
|-damage|p2a: Lunala|65/100
|move|p2b: Miraidon|Dazzling Gleam|p1a: Florges|[spread] p1a,p1b
|-damage|p1a: Florges|0 fnt
|-damage|p1b: Miraidon|8/100
|faint|p1a: Florges
|
|upkeep
|
|t:|1750874138
|switch|p1a: Tornadus|Tornadus, L50, M|100/100
|turn|5
|
|t:|1750874149
|move|p2a: Lunala|Wide Guard|p2a: Lunala
|-singleturn|p2a: Lunala|Wide Guard
|move|p1a: Tornadus|Taunt|p2a: Lunala
|-start|p2a: Lunala|move: Taunt
|move|p2b: Miraidon|Dazzling Gleam|p1a: Tornadus|[spread] p1a,p1b
|-damage|p1a: Tornadus|13/100
|-damage|p1b: Miraidon|0 fnt
|faint|p1b: Miraidon
|
|-fieldend|move: Electric Terrain
|upkeep
|turn|6
|
|t:|1750874165
|move|p2b: Miraidon|Dazzling Gleam|p1a: Tornadus
|-damage|p1a: Tornadus|0 fnt
|faint|p1a: Tornadus
|
|win|Bkokjlkjkkl
|raw|stupidteamstotest's rating: 1172 &rarr; <strong>1142</strong><br />(-30 for losing)
|raw|Bkokjlkjkkl's rating: 1100 &rarr; <strong>1130</strong><br />(+30 for winning)
|l|☆stupidteamstotest
|player|p1|
|l|☆Bkokjlkjkkl
|player|p2|
