|j|☆CadaverLuke
|j|☆sycarisdag
|t:|1750826727
|gametype|doubles
|player|p1|CadaverLuke|266|1149
|player|p2|sycarisdag|266|1140
|teamsize|p1|4
|teamsize|p2|6
|gen|9
|tier|[Gen 9] VGC 2025 Reg I
|rated|
|rule|Species Clause: Limit one of each Pokémon
|rule|Item Clause: Limit 1 of each item
|clearpoke
|poke|p1|Sylveon, L50, M|
|poke|p1|Calyrex-Shadow, L50|
|poke|p1|Whimsicott, L50, F|
|poke|p1|Kyogre, L50|
|poke|p2|Koraidon, L50|
|poke|p2|Lunala, L50|
|poke|p2|Flutter Mane, L50|
|poke|p2|Whimsicott, L50, M|
|poke|p2|Incineroar, L50, M|
|poke|p2|Regieleki, L50|
|teampreview|4
|
|t:|1750826762
|start
|switch|p1a: Sylveon|Sylveon, L50, M|100/100
|switch|p1b: Calyrex|Calyrex-Shadow, L50|100/100
|switch|p2a: Lunala|Lunala, L50, shiny|100/100
|switch|p2b: Regieleki|Regieleki, L50|100/100
|-ability|p1b: Calyrex|As One
|-ability|p1b: Calyrex|Unnerve
|turn|1
|
|t:|1750826799
|-terastallize|p1a: Sylveon|Fairy
|move|p1b: Calyrex|Protect|p1b: Calyrex
|-singleturn|p1b: Calyrex|Protect
|move|p2a: Lunala|Wide Guard|p2a: Lunala
|-singleturn|p2a: Lunala|Wide Guard
|move|p2b: Regieleki|Electroweb|p1a: Sylveon|[spread] p1a
|-activate|p1b: Calyrex|move: Protect
|-damage|p1a: Sylveon|79/100
|move|p1a: Sylveon|Tera Blast|p2a: Lunala|[anim] Tera Blast Fairy
|-damage|p2a: Lunala|80/100
|
|-heal|p2a: Lunala|86/100|[from] item: Leftovers
|upkeep
|turn|2
|
|t:|1750826820
|move|p2a: Lunala|Wide Guard|p2a: Lunala
|-singleturn|p2a: Lunala|Wide Guard
|move|p2b: Regieleki|Electroweb|p1b: Calyrex|[spread] p1a,p1b
|-damage|p1a: Sylveon|58/100
|-damage|p1b: Calyrex|73/100
|-unboost|p1b: Calyrex|spe|1
|move|p1b: Calyrex|Astral Barrage|p2b: Regieleki|[spread] 
|-activate|p2a: Lunala|move: Wide Guard
|-activate|p2b: Regieleki|move: Wide Guard
|move|p1a: Sylveon|Wish|p1a: Sylveon
|
|-heal|p2a: Lunala|92/100|[from] item: Leftovers
|upkeep
|turn|3
|
|t:|1750826845
|switch|p2b: Flutter Mane|Flutter Mane, L50|100/100
|switch|p1b: Whimsicott|Whimsicott, L50, F|100/100
|move|p2a: Lunala|Wide Guard|p2a: Lunala
|-singleturn|p2a: Lunala|Wide Guard
|move|p1a: Sylveon|Tera Blast|p2b: Flutter Mane|[anim] Tera Blast Fairy
|-damage|p2b: Flutter Mane|47/100
|
|-heal|p1a: Sylveon|100/100|[from] move: Wish|[wisher] Sylveon
|-heal|p2a: Lunala|98/100|[from] item: Leftovers
|upkeep
|turn|4
|
|t:|1750826882
|move|p1b: Whimsicott|Tailwind|p1b: Whimsicott
|-sidestart|p1: CadaverLuke|move: Tailwind
|move|p1a: Sylveon|Tera Blast|p2b: Flutter Mane|[anim] Tera Blast Fairy
|-damage|p2b: Flutter Mane|0 fnt
|faint|p2b: Flutter Mane
|-end|p2b: Flutter Mane|Protosynthesis|[silent]
|move|p2a: Lunala|Moongeist Beam|p1a: Sylveon
|-damage|p1a: Sylveon|51/100
|
|-heal|p2a: Lunala|100/100|[from] item: Leftovers
|upkeep
|
|t:|1750826897
|switch|p2b: Regieleki|Regieleki, L50|100/100
|turn|5
|
|t:|1750826933
|move|p1b: Whimsicott|Encore|p2a: Lunala
|-start|p2a: Lunala|Encore
|move|p1a: Sylveon|Hyper Voice|p2a: Lunala|[spread] p2a,p2b
|-damage|p2a: Lunala|81/100
|-damage|p2b: Regieleki|6/100
|move|p2b: Regieleki|Thunderbolt|p1a: Sylveon
|-damage|p1a: Sylveon|7/100
|move|p2a: Lunala|Moongeist Beam|p1b: Whimsicott
|-damage|p1b: Whimsicott|0 fnt
|faint|p1b: Whimsicott
|
|-heal|p2a: Lunala|87/100|[from] item: Leftovers
|upkeep
|
|t:|1750826952
|switch|p1b: Calyrex|Calyrex-Shadow, L50|73/100
|-ability|p1b: Calyrex|As One
|-ability|p1b: Calyrex|Unnerve
|turn|6
|
|t:|1750826972
|-terastallize|p2a: Lunala|Steel
|move|p1a: Sylveon|Protect|p1a: Sylveon
|-singleturn|p1a: Sylveon|Protect
|move|p1b: Calyrex|Astral Barrage|p2a: Lunala|[spread] p2a,p2b
|-damage|p2a: Lunala|50/100
|-damage|p2b: Regieleki|0 fnt
|faint|p2b: Regieleki
|-ability|p1b: Calyrex|Grim Neigh|boost
|-boost|p1b: Calyrex|spa|1
|move|p2a: Lunala|Moongeist Beam|p1b: Calyrex
|-supereffective|p1b: Calyrex
|-damage|p1b: Calyrex|0 fnt
|faint|p1b: Calyrex
|
|-heal|p2a: Lunala|56/100|[from] item: Leftovers
|upkeep
|
|t:|1750826991
|switch|p2b: Koraidon|Koraidon, L50|100/100
|switch|p1b: Kyogre|Kyogre, L50|100/100
|-weather|RainDance|[from] ability: Drizzle|[of] p1b: Kyogre
|-weather|SunnyDay|[from] ability: Orichalcum Pulse|[of] p2b: Koraidon
|-activate|p2b: Koraidon|Orichalcum Pulse|[source]
|turn|7
|
|t:|1750827017
|move|p1b: Kyogre|Water Spout|p2b: Koraidon|[spread] p2a,p2b
|-resisted|p2b: Koraidon
|-damage|p2a: Lunala|28/100
|-damage|p2b: Koraidon|80/100
|move|p1a: Sylveon|Hyper Voice|p2b: Koraidon|[spread] p2a,p2b
|-resisted|p2a: Lunala
|-supereffective|p2b: Koraidon
|-damage|p2a: Lunala|10/100
|-damage|p2b: Koraidon|0 fnt
|faint|p2b: Koraidon
|move|p2a: Lunala|Moongeist Beam|p1b: Kyogre
|-damage|p1b: Kyogre|56/100
|
|-weather|SunnyDay|[upkeep]
|-heal|p2a: Lunala|16/100|[from] item: Leftovers
|-end|p2a: Lunala|Encore
|-sideend|p1: CadaverLuke|move: Tailwind
|upkeep
|turn|8
|-message|sycarisdag forfeited.
|
|win|CadaverLuke
|raw|CadaverLuke's rating: 1149 &rarr; <strong>1173</strong><br />(+24 for winning)
|raw|sycarisdag's rating: 1140 &rarr; <strong>1116</strong><br />(-24 for losing)
|l|☆sycarisdag
|player|p2|
|l|☆CadaverLuke
|player|p1|
