|j|☆SuperiorPangoro
|j|☆JaLax06
|html|<table width="100%"><tr><td align="left">SuperiorPangoro</td><td align="right">JaLax06</tr><tr><td align="left"><i class="fa fa-circle-o"></i> <i class="fa fa-circle-o"></i> </td><td align="right"><i class="fa fa-circle-o"></i> <i class="fa fa-circle-o"></i> </tr></table>
|uhtml|bestof|<h2><strong>Game 1</strong> of <a href="/game-bestof3-gen9vgc2025regi-2390599388">a best-of-3</a></h2>
|t:|1750734353
|gametype|doubles
|player|p1|SuperiorPangoro|ghetsis|
|player|p2|JaLax06|266|
|teamsize|p1|6
|teamsize|p2|6
|gen|9
|tier|[Gen 9] VGC 2025 Reg I
|rule|Species Clause: Limit one of each Pokémon
|rule|Item Clause: Limit 1 of each item
|raw|<div class="infobox"><details class="readmore" open><summary><strong>1 custom rule:</strong></summary> Best of = 3</details></div>
|clearpoke
|poke|p1|Calyrex-Shadow, L50|
|poke|p1|Incineroar, L50, M|
|poke|p1|Urshifu-*, L50, M|
|poke|p1|Zamazenta-*, L50|
|poke|p1|Rillaboom, L50, F|
|poke|p1|Chien-Pao, L50|
|poke|p2|Lunala, L50|
|poke|p2|Koraidon, L50|
|poke|p2|Flutter Mane, L50|
|poke|p2|Indeedee-F, L50, F|
|poke|p2|Ogerpon-Cornerstone, L50, F|
|poke|p2|Chi-Yu, L50|
|teampreview|4
|inactive|Battle timer is ON: inactive players will automatically lose when time's up. (requested by SuperiorPangoro)
SuperiorPangoro has agreed to open team sheets.
|inactive|SuperiorPangoro has 60 seconds left.
|inactive|JaLax06 has 60 seconds left.
|
|t:|1750734396
|start
|switch|p1a: Incineroar|Incineroar, L50, M, shiny|100/100
|switch|p1b: Calyrex|Calyrex-Shadow, L50|100/100
|switch|p2a: Chi-Yu|Chi-Yu, L50|100/100
|switch|p2b: Koraidon|Koraidon, L50|100/100
|-ability|p1b: Calyrex|As One
|-ability|p1b: Calyrex|Unnerve
|-ability|p2a: Chi-Yu|Beads of Ruin
|-weather|SunnyDay|[from] ability: Orichalcum Pulse|[of] p2b: Koraidon
|-activate|p2b: Koraidon|Orichalcum Pulse|[source]
|-ability|p1a: Incineroar|Intimidate|boost
|-unboost|p2a: Chi-Yu|atk|1
|-unboost|p2b: Koraidon|atk|1
|turn|1
|inactive|SuperiorPangoro has 30 seconds left.
|inactive|JaLax06 has 30 seconds left.
|
|t:|1750734431
|-terastallize|p1a: Incineroar|Ghost
|move|p1a: Incineroar|Fake Out|p2a: Chi-Yu
|-damage|p2a: Chi-Yu|78/100
|cant|p2a: Chi-Yu|flinch
|move|p1b: Calyrex|Draining Kiss|p2b: Koraidon
|-supereffective|p2b: Koraidon
|-damage|p2b: Koraidon|0 fnt
|faint|p2b: Koraidon
|-ability|p1b: Calyrex|Grim Neigh|boost
|-boost|p1b: Calyrex|spa|1
|
|-weather|SunnyDay|[upkeep]
|upkeep
|
|t:|1750734439
|switch|p2b: Flutter Mane|Flutter Mane, L50|100/100
|-activate|p2b: Flutter Mane|ability: Protosynthesis
|-start|p2b: Flutter Mane|protosynthesisspe
|turn|2
|inactive|JaLax06 has 30 seconds left.
|inactive|JaLax06 has 20 seconds left.
|inactive|JaLax06 has 15 seconds left.
|
|t:|1750734481
|-terastallize|p2b: Flutter Mane|Normal
|move|p1b: Calyrex|Protect|p1b: Calyrex
|-singleturn|p1b: Calyrex|Protect
|move|p2b: Flutter Mane|Shadow Ball|p1a: Incineroar
|-supereffective|p1a: Incineroar
|-damage|p1a: Incineroar|7/100
|move|p2a: Chi-Yu|Snarl|p1a: Incineroar|[spread] p1a
|-activate|p1b: Calyrex|move: Protect
|-supereffective|p1a: Incineroar
|-damage|p1a: Incineroar|0 fnt
|faint|p1a: Incineroar
|
|-weather|SunnyDay|[upkeep]
|upkeep
|
|t:|1750734499
|switch|p1a: Chien-Pao|Chien-Pao, L50|100/100
|-ability|p1a: Chien-Pao|Sword of Ruin
|turn|3
|inactive|SuperiorPangoro has 30 seconds left.
|inactive|JaLax06 has 30 seconds left.
|inactive|JaLax06 has 20 seconds left.
|inactive|JaLax06 has 15 seconds left.
|
|t:|1750734543
|switch|p2a: Indeedee|Indeedee-F, L50, F|100/100
|-fieldstart|move: Psychic Terrain|[from] ability: Psychic Surge|[of] p2a: Indeedee
|switch|p1b: Zamazenta|Zamazenta-Crowned, L50|100/100
|-ability|p1b: Zamazenta|Dauntless Shield|boost
|-boost|p1b: Zamazenta|def|1
|move|p2b: Flutter Mane|Protect|p2b: Flutter Mane
|-singleturn|p2b: Flutter Mane|Protect
|move|p1a: Chien-Pao|Icicle Crash|p2b: Flutter Mane
|-activate|p2b: Flutter Mane|move: Protect
|
|-weather|SunnyDay|[upkeep]
|upkeep
|turn|4
|inactive|SuperiorPangoro has 30 seconds left.
|inactive|JaLax06 has 30 seconds left.
|inactive|SuperiorPangoro has 20 seconds left.
|inactive|SuperiorPangoro has 15 seconds left.
|inactive|SuperiorPangoro has 10 seconds left.
|
|t:|1750734592
|move|p2a: Indeedee|Follow Me|p2a: Indeedee
|-singleturn|p2a: Indeedee|move: Follow Me
|move|p2b: Flutter Mane|Moonblast|p1a: Chien-Pao
|-supereffective|p1a: Chien-Pao
|-enditem|p1a: Chien-Pao|Focus Sash
|-damage|p1a: Chien-Pao|1/100
|move|p1a: Chien-Pao|Throat Chop|p2a: Indeedee
|-supereffective|p2a: Indeedee
|-damage|p2a: Indeedee|4/100
|-start|p2a: Indeedee|Throat Chop|[silent]
|-damage|p1a: Chien-Pao|0 fnt|[from] item: Rocky Helmet|[of] p2a: Indeedee
|faint|p1a: Chien-Pao
|move|p1b: Zamazenta|Body Press|p2a: Indeedee
|-damage|p2a: Indeedee|0 fnt
|-damage|p1b: Zamazenta|84/100|[from] item: Rocky Helmet|[of] p2a: Indeedee
|faint|p2a: Indeedee
|
|-weather|SunnyDay|[upkeep]
|upkeep
|
|t:|1750734604
|switch|p1a: Calyrex|Calyrex-Shadow, L50|100/100
|switch|p2a: Chi-Yu|Chi-Yu, L50|78/100
|-ability|p1a: Calyrex|As One
|-ability|p1a: Calyrex|Unnerve
|-ability|p2a: Chi-Yu|Beads of Ruin
|turn|5
|
|t:|1750734626
|move|p1a: Calyrex|Protect|p1a: Calyrex
|-singleturn|p1a: Calyrex|Protect
|move|p2b: Flutter Mane|Shadow Ball|p1a: Calyrex
|-activate|p1a: Calyrex|move: Protect
|move|p2a: Chi-Yu|Heat Wave|p1b: Zamazenta|[spread] p1b
|-activate|p1a: Calyrex|move: Protect
|-supereffective|p1b: Zamazenta
|-damage|p1b: Zamazenta|0 fnt
|faint|p1b: Zamazenta
|
|-weather|none
|-end|p2b: Flutter Mane|Protosynthesis
|upkeep
|turn|6
|
|t:|1750734636
|move|p2a: Chi-Yu|Heat Wave|p1a: Calyrex
|-damage|p1a: Calyrex|41/100
|move|p2b: Flutter Mane|Shadow Ball|p1a: Calyrex
|-supereffective|p1a: Calyrex
|-damage|p1a: Calyrex|0 fnt
|faint|p1a: Calyrex
|
|win|JaLax06
||SuperiorPangoro is ready for game 2.
