|j|☆soolers
|j|☆kaught
|t:|1750773712
|gametype|doubles
|player|p1|soolers|266|1406
|player|p2|kaught|1|1443
|teamsize|p1|6
|teamsize|p2|6
|gen|9
|tier|[Gen 9] VGC 2025 Reg I
|rated|
|rule|Species Clause: Limit one of each Pokémon
|rule|Item Clause: Limit 1 of each item
|clearpoke
|poke|p1|Dialga-Origin, L50|
|poke|p1|Palkia-Origin, L50|
|poke|p1|Pelipper, L50, M|
|poke|p1|Landorus-Therian, L50, M|
|poke|p1|Ogerpon-Wellspring, L50, F|
|poke|p1|Toxicroak, L50, F|
|poke|p2|Zacian-*, L50|
|poke|p2|Koraidon, L50|
|poke|p2|Walking Wake, L50|
|poke|p2|Chien-Pao, L50|
|poke|p2|Ogerpon-Cornerstone, L50, F|
|poke|p2|Thundurus, L50, M|
|teampreview|4
|inactive|Battle timer is ON: inactive players will automatically lose when time's up. (requested by kaught)
|inactive|kaught has 60 seconds left.
|
|t:|1750773764
|start
|switch|p1a: Palkia|Palkia-Origin, L50|100/100
|switch|p1b: Landorus|Landorus-Therian, L50, M|100/100
|switch|p2a: Zacian|Zacian-Crowned, L50|100/100
|switch|p2b: Walking Wake|Walking Wake, L50|100/100
|-ability|p1b: Landorus|Intimidate|boost
|-unboost|p2a: Zacian|atk|1
|-unboost|p2b: Walking Wake|atk|1
|-ability|p2a: Zacian|Intrepid Sword|boost
|-boost|p2a: Zacian|atk|1
|turn|1
|inactive|kaught has 30 seconds left.
|inactive|soolers has 30 seconds left.
|inactive|kaught has 20 seconds left.
|inactive|kaught has 15 seconds left.
|inactive|kaught has 10 seconds left.
|inactive|kaught has 5 seconds left.
|
|t:|1750773815
|switch|p1b: Pelipper|Pelipper, L50, M|100/100
|-weather|RainDance|[from] ability: Drizzle|[of] p1b: Pelipper
|switch|p2a: Koraidon|Koraidon, L50|100/100
|-weather|SunnyDay|[from] ability: Orichalcum Pulse|[of] p2a: Koraidon
|-activate|p2b: Walking Wake|ability: Protosynthesis
|-start|p2b: Walking Wake|protosynthesisspe
|-activate|p2a: Koraidon|Orichalcum Pulse|[source]
|-terastallize|p1a: Palkia|Water
|move|p2b: Walking Wake|Hydro Steam|p1b: Pelipper
|-resisted|p1b: Pelipper
|-damage|p1b: Pelipper|34/100
|-damage|p2b: Walking Wake|91/100|[from] item: Life Orb
|move|p1a: Palkia|Surf|p2b: Walking Wake|[spread] p1b,p2a,p2b
|-resisted|p1b: Pelipper
|-resisted|p2a: Koraidon
|-resisted|p2b: Walking Wake
|-damage|p1b: Pelipper|8/100
|-damage|p2a: Koraidon|87/100
|-damage|p2b: Walking Wake|82/100
|
|-weather|SunnyDay|[upkeep]
|upkeep
|turn|2
|inactive|kaught has 30 seconds left.
|
|t:|1750773843
|switch|p1b: Landorus|Landorus-Therian, L50, M|100/100
|-ability|p1b: Landorus|Intimidate|boost
|-fail|p2a: Koraidon|unboost|[from] item: Clear Amulet|[of] p2a: Koraidon
|-unboost|p2b: Walking Wake|atk|1
|move|p1a: Palkia|Protect|p1a: Palkia
|-singleturn|p1a: Palkia|Protect
|move|p2b: Walking Wake|Snarl|p1b: Landorus|[spread] p1b
|-activate|p1a: Palkia|move: Protect
|-damage|p1b: Landorus|75/100
|-unboost|p1b: Landorus|spa|1
|-damage|p2b: Walking Wake|72/100|[from] item: Life Orb
|move|p2a: Koraidon|Scale Shot|p1a: Palkia
|-activate|p1a: Palkia|move: Protect
|
|-weather|SunnyDay|[upkeep]
|upkeep
|turn|3
|
|t:|1750773863
|move|p2a: Koraidon|Protect|p2a: Koraidon
|-singleturn|p2a: Koraidon|Protect
|move|p2b: Walking Wake|Hydro Steam|p1b: Landorus
|-supereffective|p1b: Landorus
|-damage|p1b: Landorus|0 fnt
|faint|p1b: Landorus
|-damage|p2b: Walking Wake|63/100|[from] item: Life Orb
|move|p1a: Palkia|Spacial Rend|p2b: Walking Wake
|-supereffective|p2b: Walking Wake
|-damage|p2b: Walking Wake|0 fnt
|faint|p2b: Walking Wake
|-end|p2b: Walking Wake|Protosynthesis|[silent]
|
|-weather|SunnyDay|[upkeep]
|upkeep
|
|t:|1750773878
|switch|p2b: Zacian|Zacian-Crowned, L50|100/100
|switch|p1b: Pelipper|Pelipper, L50, M|8/100
|-weather|RainDance|[from] ability: Drizzle|[of] p1b: Pelipper
|turn|4
|
|t:|1750773886
|switch|p2a: Chien-Pao|Chien-Pao, L50|100/100
|-ability|p2a: Chien-Pao|Sword of Ruin
|switch|p1b: Dialga|Dialga-Origin, L50|100/100
|move|p2b: Zacian|Protect|p2b: Zacian
|-singleturn|p2b: Zacian|Protect
|move|p1a: Palkia|Surf|p2b: Zacian|[spread] p2a
|-activate|p2b: Zacian|move: Protect
|-activate|p1b: Dialga|ability: Telepathy
|-enditem|p2a: Chien-Pao|Focus Sash
|-damage|p2a: Chien-Pao|1/100
|
|-weather|RainDance|[upkeep]
|upkeep
|turn|5
|inactive|kaught has 30 seconds left.
|
|t:|1750773913
|move|p1a: Palkia|Protect|p1a: Palkia
|-singleturn|p1a: Palkia|Protect
|move|p2b: Zacian|Play Rough|p1a: Palkia
|-activate|p1a: Palkia|move: Protect
|move|p2a: Chien-Pao|Crunch|p1a: Palkia
|-activate|p1a: Palkia|move: Protect
|move|p1b: Dialga|Trick Room|p1b: Dialga
|-fieldstart|move: Trick Room|[of] p1b: Dialga
|
|-weather|RainDance|[upkeep]
|upkeep
|turn|6
|
|t:|1750773923
|move|p2a: Chien-Pao|Protect|p2a: Chien-Pao
|-singleturn|p2a: Chien-Pao|Protect
|move|p2b: Zacian|Protect|p2b: Zacian
|-singleturn|p2b: Zacian|Protect
|move|p1b: Dialga|Flash Cannon|p2b: Zacian
|-activate|p2b: Zacian|move: Protect
|move|p1a: Palkia|Surf|p2b: Zacian|[spread] 
|-activate|p2a: Chien-Pao|move: Protect
|-activate|p2b: Zacian|move: Protect
|-activate|p1b: Dialga|ability: Telepathy
|
|-weather|RainDance|[upkeep]
|upkeep
|turn|7
|inactive|soolers has 30 seconds left.
|inactive|kaught has 30 seconds left.
|
|t:|1750773953
|switch|p2a: Koraidon|Koraidon, L50|87/100
|-weather|SunnyDay|[from] ability: Orichalcum Pulse|[of] p2a: Koraidon
|-activate|p2a: Koraidon|Orichalcum Pulse|[source]
|move|p1b: Dialga|Flash Cannon|p2a: Koraidon
|-damage|p2a: Koraidon|39/100
|move|p1a: Palkia|Spacial Rend|p2a: Koraidon
|-supereffective|p2a: Koraidon
|-damage|p2a: Koraidon|0 fnt
|faint|p2a: Koraidon
|move|p2b: Zacian|Play Rough|p1a: Palkia
|-crit|p1a: Palkia
|-damage|p1a: Palkia|18/100
|-unboost|p1a: Palkia|atk|1
|
|-weather|SunnyDay|[upkeep]
|upkeep
|
|t:|1750773966
|switch|p2a: Chien-Pao|Chien-Pao, L50|1/100
|-ability|p2a: Chien-Pao|Sword of Ruin
|turn|8
|
|t:|1750773972
|switch|p1a: Pelipper|Pelipper, L50, M|8/100
|-weather|RainDance|[from] ability: Drizzle|[of] p1a: Pelipper
|move|p2b: Zacian|Protect|p2b: Zacian
|-singleturn|p2b: Zacian|Protect
|move|p2a: Chien-Pao|Sucker Punch||[still]
|-fail|p2a: Chien-Pao
|move|p1b: Dialga|Flash Cannon|p2a: Chien-Pao
|-supereffective|p2a: Chien-Pao
|-damage|p2a: Chien-Pao|0 fnt
|faint|p2a: Chien-Pao
|
|-weather|RainDance|[upkeep]
|upkeep
|turn|9
|
|t:|1750773981
|move|p1b: Dialga|Steel Beam|p2b: Zacian
|-damage|p2b: Zacian|12/100
|-damage|p1b: Dialga|50/100|[from] steelbeam
|move|p1a: Pelipper|Weather Ball|p2b: Zacian
|-damage|p2b: Zacian|0 fnt
|faint|p2b: Zacian
|
|win|soolers
|raw|soolers's rating: 1406 &rarr; <strong>1428</strong><br />(+22 for winning)
|raw|kaught's rating: 1443 &rarr; <strong>1421</strong><br />(-22 for losing)
|l|☆kaught
|player|p2|
|l|☆soolers
|player|p1|
