|j|☆pkmnboo
|j|☆5am Hails
|t:|1750850613
|gametype|doubles
|player|p1|pkmnboo|rood|1103
|player|p2|5am Hails|lacey|1128
|teamsize|p1|6
|teamsize|p2|6
|gen|9
|tier|[Gen 9] VGC 2025 Reg I
|rated|
|rule|Species Clause: Limit one of each Pokémon
|rule|Item Clause: Limit 1 of each item
|clearpoke
|poke|p1|Calyrex-Shadow, L50|
|poke|p1|Ogerpon, L50, F|
|poke|p1|Zacian-*, L50|
|poke|p1|Incineroar, L50, M|
|poke|p1|Rillaboom, L50, F|
|poke|p1|Urshifu-*, L50, M|
|poke|p2|Regice, L50|
|poke|p2|Ninetales-Alola, L50, F|
|poke|p2|Miraidon, L50|
|poke|p2|Calyrex-Ice, L50|
|poke|p2|Landorus, L50, M|
|poke|p2|Incineroar, L50, F|
|teampreview|4
|inactive|Battle timer is ON: inactive players will automatically lose when time's up. (requested by pkmnboo)
|inactive|pkmnboo has 60 seconds left.
|inactive|5am Hails has 60 seconds left.
|inactive|5am Hails has 30 seconds left.
|
|t:|1750850678
|start
|switch|p1a: Calyrex|Calyrex-Shadow, L50|100/100
|switch|p1b: Urshifu|Urshifu-Rapid-Strike, L50, M|100/100
|switch|p2a: Ninetales|Ninetales-Alola, L50, F, shiny|100/100
|switch|p2b: Miraidon|Miraidon, L50|100/100
|-ability|p1a: Calyrex|As One
|-ability|p1a: Calyrex|Unnerve
|-fieldstart|move: Electric Terrain|[from] ability: Hadron Engine|[of] p2b: Miraidon
|-weather|Snowscape|[from] ability: Snow Warning|[of] p2a: Ninetales
|turn|1
|
|t:|1750850703
|switch|p2b: Incineroar|Incineroar, L50, F|100/100
|-ability|p2b: Incineroar|Intimidate|boost
|-unboost|p1a: Calyrex|atk|1
|-unboost|p1b: Urshifu|atk|1
|move|p1b: Urshifu|U-turn|p2a: Ninetales
|-resisted|p2a: Ninetales
|-damage|p2a: Ninetales|93/100
|
|t:|1750850716
|switch|p1b: Zacian|Zacian-Crowned, L50|100/100|[from] U-turn
|-ability|p1b: Zacian|Intrepid Sword|boost
|-boost|p1b: Zacian|atk|1
|move|p1a: Calyrex|Astral Barrage|p2a: Ninetales|[spread] p2a,p2b
|-resisted|p2b: Incineroar
|-damage|p2a: Ninetales|42/100
|-damage|p2b: Incineroar|86/100
|move|p2a: Ninetales|Aurora Veil|p2a: Ninetales
|-sidestart|p2: 5am Hails|move: Aurora Veil
|
|-weather|Snowscape|[upkeep]
|upkeep
|turn|2
|inactive|5am Hails has 30 seconds left.
|inactive|5am Hails has 20 seconds left.
|inactive|5am Hails has 15 seconds left.
|
|t:|1750850760
|switch|p1b: Urshifu|Urshifu-Rapid-Strike, L50, M|100/100
|move|p2a: Ninetales|Protect|p2a: Ninetales
|-singleturn|p2a: Ninetales|Protect
|move|p1a: Calyrex|Astral Barrage|p2b: Incineroar|[spread] p2b
|-activate|p2a: Ninetales|move: Protect
|-resisted|p2b: Incineroar
|-damage|p2b: Incineroar|77/100
|move|p2b: Incineroar|U-turn|p1a: Calyrex
|-damage|p1a: Calyrex|75/100
|l|☆pkmnboo
|inactive|pkmnboo disconnected and has a minute to reconnect!
|player|p1|
|j|☆pkmnboo
|inactive|pkmnboo reconnected.
|player|p1|pkmnboo|rood|
|inactive|5am Hails has 30 seconds left.
|l|☆pkmnboo
|inactive|pkmnboo disconnected and has a minute to reconnect!
|player|p1|
|j|☆pkmnboo
|inactive|pkmnboo reconnected.
|player|p1|pkmnboo|rood|
|
|t:|1750850791
|switch|p2b: Miraidon|Miraidon, L50|100/100|[from] U-turn
|-activate|p2b: Miraidon|ability: Hadron Engine
|
|-weather|Snowscape|[upkeep]
|upkeep
|turn|3
|
|t:|1750850805
|switch|p2a: Incineroar|Incineroar, L50, F|77/100
|-ability|p2a: Incineroar|Intimidate|boost
|-unboost|p1a: Calyrex|atk|1
|-unboost|p1b: Urshifu|atk|1
|move|p1b: Urshifu|Surging Strikes|p2b: Miraidon
|-resisted|p2b: Miraidon
|-crit|p2b: Miraidon
|-damage|p2b: Miraidon|90/100
|-resisted|p2b: Miraidon
|-crit|p2b: Miraidon
|-damage|p2b: Miraidon|78/100
|-resisted|p2b: Miraidon
|-crit|p2b: Miraidon
|-damage|p2b: Miraidon|66/100
|-hitcount|p2b: Miraidon|3
|move|p1a: Calyrex|Astral Barrage|p2a: Incineroar|[spread] p2a,p2b
|-resisted|p2a: Incineroar
|-damage|p2a: Incineroar|66/100
|-damage|p2b: Miraidon|34/100
|move|p2b: Miraidon|Volt Switch|p1b: Urshifu
|-supereffective|p1b: Urshifu
|-damage|p1b: Urshifu|0 fnt
|faint|p1b: Urshifu
|
|t:|1750850824
|switch|p2b: Calyrex|Calyrex-Ice, L50|100/100|[from] Volt Switch
|-ability|p2b: Calyrex|As One
|-ability|p2b: Calyrex|Unnerve
|
|-weather|Snowscape|[upkeep]
|upkeep
|
|t:|1750850839
|switch|p1b: Incineroar|Incineroar, L50, M|100/100
|-ability|p1b: Incineroar|Intimidate|boost
|-unboost|p2a: Incineroar|atk|1
|-unboost|p2b: Calyrex|atk|1
|turn|4
|inactive|5am Hails has 30 seconds left.
|
|t:|1750850865
|-terastallize|p2b: Calyrex|Water
|move|p1a: Calyrex|Protect|p1a: Calyrex
|-singleturn|p1a: Calyrex|Protect
|move|p2a: Incineroar|Fake Out|p1b: Incineroar
|-damage|p1b: Incineroar|95/100
|cant|p1b: Incineroar|flinch
|move|p2b: Calyrex|Leech Seed|p1a: Calyrex
|-activate|p1a: Calyrex|move: Protect
|
|-weather|Snowscape|[upkeep]
|upkeep
|turn|5
|inactive|5am Hails has 30 seconds left.
|
|t:|1750850892
|move|p1a: Calyrex|Encore|p2a: Incineroar
|-start|p2a: Incineroar|Encore
|move|p2a: Incineroar|Fake Out||[still]
|-hint|Fake Out only works on your first turn out.
|-fail|p2a: Incineroar
|move|p1b: Incineroar|Parting Shot|p2b: Calyrex
|-unboost|p2b: Calyrex|atk|1
|-unboost|p2b: Calyrex|spa|1
|
|t:|1750850899
|switch|p1b: Zacian|Zacian-Crowned, L50|100/100|[from] Parting Shot
|move|p2b: Calyrex|Glacial Lance|p1a: Calyrex|[spread] p1a,p1b
|-resisted|p1b: Zacian
|-damage|p1a: Calyrex|41/100
|-damage|p1b: Zacian|89/100
|
|-weather|none
|-fieldend|move: Electric Terrain
|upkeep
|turn|6
|
|t:|1750850921
|switch|p2a: Ninetales|Ninetales-Alola, L50, F, shiny|42/100
|-weather|Snowscape|[from] ability: Snow Warning|[of] p2a: Ninetales
|move|p1a: Calyrex|Disable|p2b: Calyrex
|-start|p2b: Calyrex|Disable|Glacial Lance
|move|p1b: Zacian|Play Rough|p2a: Ninetales
|-crit|p2a: Ninetales
|-damage|p2a: Ninetales|0 fnt
|faint|p2a: Ninetales
|move|p2b: Calyrex|Leech Seed|p1a: Calyrex
|-start|p1a: Calyrex|move: Leech Seed
|
|-weather|Snowscape|[upkeep]
|-damage|p1a: Calyrex|29/100|[from] Leech Seed|[of] p2b: Calyrex
|upkeep
|
|t:|1750850935
|switch|p2a: Incineroar|Incineroar, L50, F|66/100
|-ability|p2a: Incineroar|Intimidate|boost
|-unboost|p1a: Calyrex|atk|1
|-unboost|p1b: Zacian|atk|1
|turn|7
|
|t:|1750850954
|switch|p1a: Incineroar|Incineroar, L50, M|95/100
|-ability|p1a: Incineroar|Intimidate|boost
|-unboost|p2a: Incineroar|atk|1
|-unboost|p2b: Calyrex|atk|1
|move|p1b: Zacian|Protect|p1b: Zacian
|-singleturn|p1b: Zacian|Protect
|move|p2a: Incineroar|Flare Blitz|p1b: Zacian
|-activate|p1b: Zacian|move: Protect
|move|p2b: Calyrex|Leech Seed|p1b: Zacian
|-activate|p1b: Zacian|move: Protect
|
|-weather|Snowscape|[upkeep]
|upkeep
|turn|8
|inactive|pkmnboo has 30 seconds left.
|inactive|5am Hails has 30 seconds left.
|
|t:|1750850986
|move|p1a: Incineroar|Fake Out|p2a: Incineroar
|-damage|p2a: Incineroar|59/100
|move|p1b: Zacian|Swords Dance|p1b: Zacian
|-boost|p1b: Zacian|atk|2
|cant|p2a: Incineroar|flinch
|move|p2b: Calyrex|Leech Seed|p1b: Zacian
|-start|p1b: Zacian|move: Leech Seed
|
|-weather|Snowscape|[upkeep]
|-damage|p1b: Zacian|77/100|[from] Leech Seed|[of] p2b: Calyrex
|-sideend|p2: 5am Hails|move: Aurora Veil
|upkeep
|turn|9
|inactive|5am Hails has 30 seconds left.
|inactive|pkmnboo has 30 seconds left.
|inactive|5am Hails has 20 seconds left.
|inactive|pkmnboo has 20 seconds left.
|
|t:|1750851029
|move|p1b: Zacian|Play Rough|p2a: Incineroar
|-damage|p2a: Incineroar|0 fnt
|faint|p2a: Incineroar
|move|p1a: Incineroar|Parting Shot|p2b: Calyrex
|-unboost|p2b: Calyrex|atk|1
|-unboost|p2b: Calyrex|spa|1
|
|t:|1750851035
|switch|p1a: Calyrex|Calyrex-Shadow, L50|29/100|[from] Parting Shot
|-ability|p1a: Calyrex|As One
|-ability|p1a: Calyrex|Unnerve
|move|p2b: Calyrex|Trick Room|p2b: Calyrex
|-fieldstart|move: Trick Room|[of] p2b: Calyrex
|
|-weather|Snowscape|[upkeep]
|-damage|p1b: Zacian|64/100|[from] Leech Seed|[of] p2b: Calyrex
|-end|p2b: Calyrex|Disable
|upkeep
|
|t:|1750851046
|switch|p2a: Miraidon|Miraidon, L50|34/100
|-fieldstart|move: Electric Terrain|[from] ability: Hadron Engine|[of] p2a: Miraidon
|turn|10
|
|t:|1750851066
|switch|p1a: Incineroar|Incineroar, L50, M|95/100
|-ability|p1a: Incineroar|Intimidate|boost
|-unboost|p2a: Miraidon|atk|1
|-unboost|p2b: Calyrex|atk|1
|move|p1b: Zacian|Protect|p1b: Zacian
|-singleturn|p1b: Zacian|Protect
|move|p2b: Calyrex|Leech Seed|p1a: Incineroar
|-start|p1a: Incineroar|move: Leech Seed
|move|p2a: Miraidon|Electro Drift|p1b: Zacian
|-activate|p1b: Zacian|move: Protect
|
|-weather|none
|-damage|p1a: Incineroar|82/100|[from] Leech Seed|[of] p2b: Calyrex
|-damage|p1b: Zacian|52/100|[from] Leech Seed|[of] p2b: Calyrex
|upkeep
|turn|11
|inactive|5am Hails has 30 seconds left.
|
|t:|1750851096
|move|p1a: Incineroar|Fake Out|p2a: Miraidon
|-damage|p2a: Miraidon|22/100
|move|p2b: Calyrex|Glacial Lance|p1b: Zacian|[spread] p1a,p1b
|-resisted|p1a: Incineroar
|-resisted|p1b: Zacian
|-damage|p1a: Incineroar|77/100
|-damage|p1b: Zacian|45/100
|cant|p2a: Miraidon|flinch
|move|p1b: Zacian|Play Rough|p2a: Miraidon
|-supereffective|p2a: Miraidon
|-damage|p2a: Miraidon|0 fnt
|faint|p2a: Miraidon
|
|-damage|p1a: Incineroar|64/100|[from] Leech Seed|[of] p2b: Calyrex
|-damage|p1b: Zacian|32/100|[from] Leech Seed|[of] p2b: Calyrex
|upkeep
|turn|12
|inactive|pkmnboo has 30 seconds left.
|inactive|pkmnboo has 20 seconds left.
|inactive|pkmnboo has 15 seconds left.
|
|t:|1750851138
|move|p2b: Calyrex|Glacial Lance|p1b: Zacian|[spread] p1a,p1b
|-resisted|p1a: Incineroar
|-resisted|p1b: Zacian
|-damage|p1a: Incineroar|60/100
|-damage|p1b: Zacian|25/100
|move|p1a: Incineroar|Knock Off|p2b: Calyrex
|-damage|p2b: Calyrex|79/100
|-enditem|p2b: Calyrex|Leftovers|[from] move: Knock Off|[of] p1a: Incineroar
|move|p1b: Zacian|Play Rough|p2b: Calyrex
|-damage|p2b: Calyrex|39/100
|
|-damage|p1a: Incineroar|47/100|[from] Leech Seed|[of] p2b: Calyrex
|-heal|p2b: Calyrex|51/100|[silent]
|-damage|p1b: Zacian|13/100|[from] Leech Seed|[of] p2b: Calyrex
|-heal|p2b: Calyrex|62/100|[silent]
|upkeep
|turn|13
|
|t:|1750851153
|move|p2b: Calyrex|Protect|p2b: Calyrex
|-singleturn|p2b: Calyrex|Protect
|move|p1a: Incineroar|Parting Shot|p2b: Calyrex
|-activate|p2b: Calyrex|move: Protect
|move|p1b: Zacian|Play Rough|p2b: Calyrex
|-activate|p2b: Calyrex|move: Protect
|
|-damage|p1a: Incineroar|35/100|[from] Leech Seed|[of] p2b: Calyrex
|-heal|p2b: Calyrex|74/100|[silent]
|-damage|p1b: Zacian|0 fnt|[from] Leech Seed|[of] p2b: Calyrex
|-heal|p2b: Calyrex|85/100|[silent]
|faint|p1b: Zacian
|-fieldend|move: Trick Room
|upkeep
|
|t:|1750851155
|switch|p1b: Calyrex|Calyrex-Shadow, L50|29/100
|-ability|p1b: Calyrex|As One
|-ability|p1b: Calyrex|Unnerve
|turn|14
|
|t:|1750851171
|move|p1b: Calyrex|Encore|p2b: Calyrex
|-start|p2b: Calyrex|Encore
|move|p1a: Incineroar|Knock Off|p2b: Calyrex
|-damage|p2b: Calyrex|71/100
|move|p2b: Calyrex|Protect||[still]
|-fail|p2b: Calyrex
|
|-damage|p1a: Incineroar|22/100|[from] Leech Seed|[of] p2b: Calyrex
|-heal|p2b: Calyrex|83/100|[silent]
|-fieldend|move: Electric Terrain
|upkeep
|turn|15
|inactive|pkmnboo has 30 seconds left.
|
|t:|1750851202
|move|p2b: Calyrex|Protect|p2b: Calyrex
|-singleturn|p2b: Calyrex|Protect
|move|p1b: Calyrex|Encore|p2b: Calyrex
|-activate|p2b: Calyrex|move: Protect
|move|p1a: Incineroar|Flare Blitz|p2b: Calyrex
|-activate|p2b: Calyrex|move: Protect
|
|-damage|p1a: Incineroar|10/100|[from] Leech Seed|[of] p2b: Calyrex
|-heal|p2b: Calyrex|96/100|[silent]
|upkeep
|turn|16
|
|t:|1750851211
|move|p2b: Calyrex|Protect|p2b: Calyrex
|-singleturn|p2b: Calyrex|Protect
|move|p1b: Calyrex|Astral Barrage|p2b: Calyrex
|-activate|p2b: Calyrex|move: Protect
|move|p1a: Incineroar|Knock Off|p2b: Calyrex
|-activate|p2b: Calyrex|move: Protect
|
|-damage|p1a: Incineroar|0 fnt|[from] Leech Seed|[of] p2b: Calyrex
|-heal|p2b: Calyrex|100/100|[silent]
|faint|p1a: Incineroar
|-end|p2b: Calyrex|Encore
|upkeep
|turn|17
|
|t:|1750851223
|move|p1b: Calyrex|Encore|p2b: Calyrex
|-start|p2b: Calyrex|Encore
|move|p2b: Calyrex|Protect||[still]
|-fail|p2b: Calyrex
|
|upkeep
|turn|18
|
|t:|1750851229
|move|p1b: Calyrex|Protect|p1b: Calyrex
|-singleturn|p1b: Calyrex|Protect
|move|p2b: Calyrex|Protect||[still]
|-fail|p2b: Calyrex
|
|upkeep
|turn|19
|
|t:|1750851237
|move|p2b: Calyrex|Protect|p2b: Calyrex
|-singleturn|p2b: Calyrex|Protect
|move|p1b: Calyrex|Disable|p2b: Calyrex
|-activate|p2b: Calyrex|move: Protect
|
|-end|p2b: Calyrex|Encore
|upkeep
|turn|20
|
|t:|1750851243
|move|p1b: Calyrex|Encore|p2b: Calyrex
|-start|p2b: Calyrex|Encore
|move|p2b: Calyrex|Protect||[still]
|-fail|p2b: Calyrex
|
|upkeep
|turn|21
|
|t:|1750851249
|move|p2b: Calyrex|Protect|p2b: Calyrex
|-singleturn|p2b: Calyrex|Protect
|move|p1b: Calyrex|Disable|p2b: Calyrex
|-activate|p2b: Calyrex|move: Protect
|
|upkeep
|turn|22
|inactive|5am Hails has 30 seconds left.
|
|t:|1750851254
|move|p2b: Calyrex|Protect||[still]
|-fail|p2b: Calyrex
|move|p1b: Calyrex|Astral Barrage|p2b: Calyrex
|-damage|p2b: Calyrex|48/100
|
|-end|p2b: Calyrex|Encore
|upkeep
|turn|23
|inactive|5am Hails has 30 seconds left this turn.
|
|t:|1750851262
|move|p1b: Calyrex|Astral Barrage|p2b: Calyrex
|-damage|p2b: Calyrex|0 fnt
|faint|p2b: Calyrex
|
|win|pkmnboo
|raw|pkmnboo's rating: 1103 &rarr; <strong>1130</strong><br />(+27 for winning)
|raw|5am Hails's rating: 1128 &rarr; <strong>1101</strong><br />(-27 for losing)
|c|☆5am Hails|gg
