|j|☆WerewolfJerry
|j|☆IAmALittleKid
|t:|1750778353
|gametype|doubles
|player|p1|WerewolfJerry|169|1291
|player|p2|IAmALittleKid|youngster-gen4dp|1291
|teamsize|p1|6
|teamsize|p2|6
|gen|9
|tier|[Gen 9] VGC 2025 Reg I
|rated|
|rule|Species Clause: Limit one of each Pokémon
|rule|Item Clause: Limit 1 of each item
|clearpoke
|poke|p1|Lucario, L50, M|
|poke|p1|Granbull, L50, F|
|poke|p1|Clefairy, L50, M|
|poke|p1|Calyrex-Ice, L50|
|poke|p1|Lunala, L50|
|poke|p1|Rillaboom, L50, M|
|poke|p2|Calyrex-Shadow, L50|
|poke|p2|Incineroar, L50, M|
|poke|p2|Zamazenta-*, L50|
|poke|p2|Rillaboom, L50, F|
|poke|p2|Urshifu-*, L50, M|
|poke|p2|Tornadus, L50, M|
|teampreview|4
|inactive|Battle timer is ON: inactive players will automatically lose when time's up. (requested by IAmALittleKid)
|
|t:|1750778412
|start
|switch|p1a: Luma|Clefairy, L50, M|100/100
|switch|p1b: Lunala|Lunala, L50|100/100
|switch|p2a: Lil Dude|Zamazenta-Crowned, L50|100/100
|switch|p2b: Crenchle|Rillaboom, L50, F|100/100
|-ability|p2a: Lil Dude|Dauntless Shield|boost
|-boost|p2a: Lil Dude|def|1
|-fieldstart|move: Grassy Terrain|[from] ability: Grassy Surge|[of] p2b: Crenchle
|turn|1
|
|t:|1750778430
|move|p1a: Luma|Protect|p1a: Luma
|-singleturn|p1a: Luma|Protect
|move|p2a: Lil Dude|Heavy Slam|p1a: Luma
|-activate|p1a: Luma|move: Protect
|move|p1b: Lunala|Heat Wave|p2a: Lil Dude|[spread] p2a,p2b
|-supereffective|p2a: Lil Dude
|-supereffective|p2b: Crenchle
|-damage|p2a: Lil Dude|62/100
|-damage|p2b: Crenchle|61/100
|move|p2b: Crenchle|U-turn|p1b: Lunala
|-damage|p1b: Lunala|94/100
|
|t:|1750778435
|switch|p2b: Mug|Incineroar, L50, M|100/100|[from] U-turn
|-ability|p2b: Mug|Intimidate|boost
|-unboost|p1a: Luma|atk|1
|-unboost|p1b: Lunala|atk|1
|
|-heal|p2a: Lil Dude|68/100|[from] Grassy Terrain
|-heal|p1b: Lunala|99/100|[from] Grassy Terrain
|-heal|p1b: Lunala|100/100|[from] item: Leftovers
|upkeep
|turn|2
|inactive|WerewolfJerry has 30 seconds left.
|
|t:|1750778464
|move|p2a: Lil Dude|Heavy Slam|p1a: Luma
|-supereffective|p1a: Luma
|-damage|p1a: Luma|14/100
|move|p2b: Mug|Knock Off|p1b: Lunala
|-supereffective|p1b: Lunala
|-damage|p1b: Lunala|51/100
|-enditem|p1b: Lunala|Leftovers|[from] move: Knock Off|[of] p2b: Mug
|move|p1a: Luma|Thunder Wave|p2a: Lil Dude
|-status|p2a: Lil Dude|par
|move|p1b: Lunala|Trick Room|p1b: Lunala
|-fieldstart|move: Trick Room|[of] p1b: Lunala
|
|-heal|p1a: Luma|20/100|[from] Grassy Terrain
|-heal|p2a: Lil Dude|74/100 par|[from] Grassy Terrain
|-heal|p1b: Lunala|57/100|[from] Grassy Terrain
|upkeep
|turn|3
|inactive|WerewolfJerry has 30 seconds left.
|
|t:|1750778495
|move|p1a: Luma|Heal Pulse|p1b: Lunala
|-heal|p1b: Lunala|100/100
|move|p2b: Mug|Knock Off|p1b: Lunala
|-supereffective|p1b: Lunala
|-damage|p1b: Lunala|69/100
|move|p2a: Lil Dude|Heavy Slam|p1a: Luma
|-supereffective|p1a: Luma
|-damage|p1a: Luma|0 fnt
|faint|p1a: Luma
|move|p1b: Lunala|Heat Wave|p2a: Lil Dude|[spread] p2a,p2b
|-supereffective|p2a: Lil Dude
|-resisted|p2b: Mug
|-damage|p2a: Lil Dude|37/100 par
|-damage|p2b: Mug|89/100
|
|-heal|p2b: Mug|95/100|[from] Grassy Terrain
|-heal|p2a: Lil Dude|43/100 par|[from] Grassy Terrain
|-heal|p1b: Lunala|75/100|[from] Grassy Terrain
|upkeep
|
|t:|1750778512
|switch|p1a: Calyrex|Calyrex-Ice, L50|100/100
|-ability|p1a: Calyrex|As One
|-ability|p1a: Calyrex|Unnerve
|turn|4
|
|t:|1750778527
|-terastallize|p1a: Calyrex|Water
|move|p2b: Mug|Parting Shot|p1a: Calyrex
|-fail|p1a: Calyrex|unboost|[from] item: Clear Amulet|[of] p1a: Calyrex
|move|p1a: Calyrex|Leech Seed|p2b: Mug
|-start|p2b: Mug|move: Leech Seed
|cant|p2a: Lil Dude|par
|move|p1b: Lunala|Moongeist Beam|p2a: Lil Dude
|-damage|p2a: Lil Dude|3/100 par
|
|-heal|p2b: Mug|100/100|[from] Grassy Terrain
|-heal|p2a: Lil Dude|9/100 par|[from] Grassy Terrain
|-heal|p1b: Lunala|81/100|[from] Grassy Terrain
|-damage|p2b: Mug|88/100|[from] Leech Seed|[of] p1a: Calyrex
|upkeep
|turn|5
|
|t:|1750778550
|move|p2b: Mug|Knock Off|p1a: Calyrex
|-damage|p1a: Calyrex|80/100
|-enditem|p1a: Calyrex|Clear Amulet|[from] move: Knock Off|[of] p2b: Mug
|move|p1a: Calyrex|Substitute|p1a: Calyrex
|-start|p1a: Calyrex|Substitute
|-damage|p1a: Calyrex|55/100
|move|p2a: Lil Dude|Body Press|p1a: Calyrex
|-end|p1a: Calyrex|Substitute
|move|p1b: Lunala|Heat Wave|p2a: Lil Dude|[spread] p2a,p2b
|-supereffective|p2a: Lil Dude
|-resisted|p2b: Mug
|-damage|p2a: Lil Dude|0 fnt
|-damage|p2b: Mug|77/100
|faint|p2a: Lil Dude
|
|-heal|p2b: Mug|83/100|[from] Grassy Terrain
|-heal|p1a: Calyrex|61/100|[from] Grassy Terrain
|-heal|p1b: Lunala|87/100|[from] Grassy Terrain
|-damage|p2b: Mug|71/100|[from] Leech Seed|[of] p1a: Calyrex
|-heal|p1a: Calyrex|73/100|[silent]
|-fieldend|move: Grassy Terrain
|upkeep
|
|t:|1750778564
|switch|p2a: Crenchle|Rillaboom, L50, F|61/100
|-fieldstart|move: Grassy Terrain|[from] ability: Grassy Surge|[of] p2a: Crenchle
|turn|6
|inactive|WerewolfJerry has 30 seconds left.
|
|t:|1750778591
|move|p1a: Calyrex|Protect|p1a: Calyrex
|-singleturn|p1a: Calyrex|Protect
|move|p2a: Crenchle|Fake Out|p1a: Calyrex
|-activate|p1a: Calyrex|move: Protect
|move|p2b: Mug|Will-O-Wisp|p1b: Lunala
|-status|p1b: Lunala|brn
|move|p1b: Lunala|Heat Wave|p2a: Crenchle|[spread] p2a,p2b
|-supereffective|p2a: Crenchle
|-resisted|p2b: Mug
|-damage|p2a: Crenchle|25/100
|-damage|p2b: Mug|60/100
|-status|p2a: Crenchle|brn
|
|-heal|p2b: Mug|66/100|[from] Grassy Terrain
|-heal|p1a: Calyrex|79/100|[from] Grassy Terrain
|-heal|p2a: Crenchle|31/100 brn|[from] Grassy Terrain
|-heal|p1b: Lunala|93/100 brn|[from] Grassy Terrain
|-damage|p2b: Mug|54/100|[from] Leech Seed|[of] p1a: Calyrex
|-heal|p1a: Calyrex|91/100|[silent]
|-damage|p2a: Crenchle|25/100 brn|[from] brn
|-damage|p1b: Lunala|87/100 brn|[from] brn
|-fieldend|move: Trick Room
|upkeep
|turn|7
|
|t:|1750778616
|move|p2a: Crenchle|Grassy Glide|p1a: Calyrex
|-supereffective|p1a: Calyrex
|-damage|p1a: Calyrex|68/100
|move|p1a: Calyrex|Glacial Lance|p2b: Mug|[spread] p2a,p2b
|-supereffective|p2a: Crenchle
|-resisted|p2b: Mug
|-damage|p2a: Crenchle|0 fnt
|-damage|p2b: Mug|33/100
|faint|p2a: Crenchle
|-ability|p1a: Calyrex|Chilling Neigh|boost
|-boost|p1a: Calyrex|atk|1
|move|p2b: Mug|Knock Off|p1b: Lunala
|-supereffective|p1b: Lunala
|-damage|p1b: Lunala|7/100 brn
|move|p1b: Lunala|Trick Room|p1b: Lunala
|-fieldstart|move: Trick Room|[of] p1b: Lunala
|
|-heal|p2b: Mug|39/100|[from] Grassy Terrain
|-heal|p1a: Calyrex|73/100|[from] Grassy Terrain
|-heal|p1b: Lunala|13/100 brn|[from] Grassy Terrain
|-damage|p2b: Mug|26/100|[from] Leech Seed|[of] p1a: Calyrex
|-heal|p1a: Calyrex|86/100|[silent]
|-damage|p1b: Lunala|7/100 brn|[from] brn
|upkeep
|
|t:|1750778622
|switch|p2a: Horseless Headsman|Calyrex-Shadow, L50|100/100
|-ability|p2a: Horseless Headsman|As One
|-ability|p2a: Horseless Headsman|Unnerve
|turn|8
|
|t:|1750778645
|move|p2a: Horseless Headsman|Protect|p2a: Horseless Headsman
|-singleturn|p2a: Horseless Headsman|Protect
|move|p1b: Lunala|Wide Guard|p1b: Lunala
|-singleturn|p1b: Lunala|Wide Guard
|move|p2b: Mug|Will-O-Wisp|p1a: Calyrex
|-status|p1a: Calyrex|brn
|move|p1a: Calyrex|Glacial Lance|p2b: Mug|[spread] p2b
|-activate|p2a: Horseless Headsman|move: Protect
|-resisted|p2b: Mug
|-damage|p2b: Mug|12/100
|
|-heal|p2b: Mug|18/100|[from] Grassy Terrain
|-heal|p1a: Calyrex|91/100 brn|[from] Grassy Terrain
|-heal|p1b: Lunala|13/100 brn|[from] Grassy Terrain
|-damage|p2b: Mug|5/100|[from] Leech Seed|[of] p1a: Calyrex
|-heal|p1a: Calyrex|100/100 brn|[silent]
|-damage|p1a: Calyrex|95/100 brn|[from] brn
|-damage|p1b: Lunala|7/100 brn|[from] brn
|upkeep
|turn|9
|inactive|IAmALittleKid has 30 seconds left.
|
|t:|1750778673
|-terastallize|p2a: Horseless Headsman|Fairy
|move|p2b: Mug|Knock Off|p1b: Lunala
|-supereffective|p1b: Lunala
|-damage|p1b: Lunala|0 fnt
|faint|p1b: Lunala
|move|p1a: Calyrex|Glacial Lance|p2a: Horseless Headsman|[spread] p2a,p2b
|-resisted|p2b: Mug
|-damage|p2a: Horseless Headsman|47/100
|-damage|p2b: Mug|0 fnt
|faint|p2b: Mug
|-ability|p1a: Calyrex|Chilling Neigh|boost
|-boost|p1a: Calyrex|atk|1
|move|p2a: Horseless Headsman|Draining Kiss|p1a: Calyrex
|-damage|p1a: Calyrex|71/100 brn
|-heal|p2a: Horseless Headsman|68/100|[from] drain|[of] p1a: Calyrex
|
|-heal|p1a: Calyrex|77/100 brn|[from] Grassy Terrain
|-heal|p2a: Horseless Headsman|74/100|[from] Grassy Terrain
|-damage|p1a: Calyrex|71/100 brn|[from] brn
|upkeep
|c|☆IAmALittleKid|gg
|
|t:|1750778691
|switch|p1b: Lucario|Lucario, L50, M|100/100
|turn|10
|-message|IAmALittleKid forfeited.
|
|win|WerewolfJerry
|raw|WerewolfJerry's rating: 1291 &rarr; <strong>1316</strong><br />(+25 for winning)
|raw|IAmALittleKid's rating: 1291 &rarr; <strong>1266</strong><br />(-25 for losing)
|l|☆IAmALittleKid
|player|p2|
|l|☆WerewolfJerry
|player|p1|
