|j|☆Htrain-Pokemon
|j|☆mpds44
|t:|1750861461
|gametype|doubles
|player|p1|Htrain-Pokemon|102|1222
|player|p2|mpds44|102|1317
|teamsize|p1|6
|teamsize|p2|6
|gen|9
|tier|[Gen 9] VGC 2025 Reg I
|rated|
|rule|Species Clause: Limit one of each Pokémon
|rule|Item Clause: Limit 1 of each item
|clearpoke
|poke|p1|Grimmsnarl, L50, M|
|poke|p1|Florges, L50, F|
|poke|p1|Miraidon, L50|
|poke|p1|Rillaboom, L50, F|
|poke|p1|Calyrex-Shadow, L50|
|poke|p1|Gholdengo, L50|
|poke|p2|Koraidon, L50|
|poke|p2|Weezing-Galar, L50, F|
|poke|p2|Calyrex-Shadow, L50|
|poke|p2|Chi-Yu, L50|
|poke|p2|Walking Wake, L50|
|poke|p2|Brute Bonnet, L50|
|teampreview|4
|inactive|Battle timer is ON: inactive players will automatically lose when time's up. (requested by mpds44)
Htrain-Pokemon rejected open team sheets.
|inactive|Htrain-Pokemon has 60 seconds left.
|inactive|mpds44 has 60 seconds left.
|
|t:|1750861492
|start
|switch|p1a: Grimmsnarl|Grimmsnarl, L50, M|100/100
|switch|p1b: Calyrex|Calyrex-Shadow, L50|100/100
|switch|p2a: Koraidon|Koraidon, L50|100/100
|switch|p2b: Weezing|Weezing-Galar, L50, F|100/100
|-ability|p2b: Weezing|Neutralizing Gas
|-block|p2a: Koraidon|item: Ability Shield
|-ability|p1b: Calyrex|As One
|-ability|p1b: Calyrex|Unnerve
|-weather|SunnyDay|[from] ability: Orichalcum Pulse|[of] p2a: Koraidon
|-activate|p2a: Koraidon|Orichalcum Pulse|[source]
|turn|1
|inactive|mpds44 has 30 seconds left.
|inactive|mpds44 has 20 seconds left.
|inactive|mpds44 has 15 seconds left.
|
|t:|1750861536
|-terastallize|p2a: Koraidon|Fire
|move|p1a: Grimmsnarl|Fake Out|p2a: Koraidon
|-crit|p2a: Koraidon
|-damage|p2a: Koraidon|79/100
|move|p1b: Calyrex|Astral Barrage|p2a: Koraidon|[spread] p2a,p2b
|-damage|p2a: Koraidon|19/100
|-damage|p2b: Weezing|45/100
|cant|p2a: Koraidon|flinch
|move|p2b: Weezing|Strange Steam|p1a: Grimmsnarl
|-supereffective|p1a: Grimmsnarl
|-damage|p1a: Grimmsnarl|44/100
|-start|p1a: Grimmsnarl|confusion
|
|-weather|SunnyDay|[upkeep]
|upkeep
|turn|2
|inactive|Htrain-Pokemon has 30 seconds left.
|inactive|Htrain-Pokemon has 20 seconds left.
|inactive|Htrain-Pokemon has 15 seconds left.
|inactive|Htrain-Pokemon has 10 seconds left.
|inactive|Htrain-Pokemon has 5 seconds left.
|
|t:|1750861593
|move|p1b: Calyrex|Protect|p1b: Calyrex
|-singleturn|p1b: Calyrex|Protect
|move|p2a: Koraidon|Protect|p2a: Koraidon
|-singleturn|p2a: Koraidon|Protect
|-activate|p1a: Grimmsnarl|confusion
|move|p1a: Grimmsnarl|Reflect|p1a: Grimmsnarl
|-sidestart|p1: Htrain-Pokemon|Reflect
|move|p2b: Weezing|Strange Steam|p1a: Grimmsnarl
|-supereffective|p1a: Grimmsnarl
|-damage|p1a: Grimmsnarl|0 fnt
|faint|p1a: Grimmsnarl
|
|-weather|SunnyDay|[upkeep]
|upkeep
|
|t:|1750861606
|switch|p1a: Gholdengo|Gholdengo, L50|100/100
|turn|3
|
|t:|1750861622
|switch|p1b: Miraidon|Miraidon, L50|100/100
|switch|p2a: Chi-Yu|Chi-Yu, L50|100/100
|move|p1a: Gholdengo|Make It Rain|p2a: Chi-Yu|[spread] p2a,p2b
|-resisted|p2a: Chi-Yu
|-supereffective|p2b: Weezing
|-damage|p2a: Chi-Yu|69/100
|-damage|p2b: Weezing|0 fnt
|-unboost|p1a: Gholdengo|spa|1
|faint|p2b: Weezing
|-end|p2b: Weezing|ability: Neutralizing Gas
|-ability|p2a: Chi-Yu|Beads of Ruin
|-fieldstart|move: Electric Terrain|[from] ability: Hadron Engine|[of] p1b: Miraidon
|-enditem|p1b: Miraidon|Electric Seed
|-boost|p1b: Miraidon|def|1|[from] item: Electric Seed
|
|-weather|SunnyDay|[upkeep]
|upkeep
|
|t:|1750861640
|switch|p2b: Calyrex|Calyrex-Shadow, L50|100/100
|-ability|p2b: Calyrex|As One
|-ability|p2b: Calyrex|Unnerve
|turn|4
|
|t:|1750861661
|move|p2a: Chi-Yu|Snarl|p1a: Gholdengo|[spread] p1a,p1b
|-supereffective|p1a: Gholdengo
|-damage|p1a: Gholdengo|27/100
|-damage|p1b: Miraidon|73/100
|-unboost|p1a: Gholdengo|spa|1
|-unboost|p1b: Miraidon|spa|1
|move|p2b: Calyrex|Astral Barrage|p1b: Miraidon|[spread] p1a,p1b
|-supereffective|p1a: Gholdengo
|-damage|p1a: Gholdengo|0 fnt
|-damage|p1b: Miraidon|0 fnt
|faint|p1a: Gholdengo
|faint|p1b: Miraidon
|-ability|p2b: Calyrex|Grim Neigh|boost
|-boost|p2b: Calyrex|spa|2
|-damage|p2b: Calyrex|91/100|[from] item: Life Orb
|
|-weather|SunnyDay|[upkeep]
|upkeep
|
|t:|1750861675
|switch|p1b: Calyrex|Calyrex-Shadow, L50|100/100
|-ability|p1b: Calyrex|As One
|-ability|p1b: Calyrex|Unnerve
|turn|5
|
|t:|1750861681
|-terastallize|p1b: Calyrex|Ghost
|move|p2a: Chi-Yu|Snarl|p1b: Calyrex
|-supereffective|p1b: Calyrex
|-crit|p1b: Calyrex
|-enditem|p1b: Calyrex|Focus Sash
|-damage|p1b: Calyrex|1/100
|-unboost|p1b: Calyrex|spa|1
|move|p2b: Calyrex|Astral Barrage|p1b: Calyrex
|-supereffective|p1b: Calyrex
|-damage|p1b: Calyrex|0 fnt
|faint|p1b: Calyrex
|-damage|p2b: Calyrex|81/100|[from] item: Life Orb
|
|win|mpds44
|raw|Htrain-Pokemon's rating: 1222 &rarr; <strong>1204</strong><br />(-18 for losing)
|raw|mpds44's rating: 1317 &rarr; <strong>1332</strong><br />(+15 for winning)
|l|☆Htrain-Pokemon
|player|p1|
|l|☆mpds44
|player|p2|
