|j|☆Caleb092997
|j|☆spookie69
|t:|1750876560
|gametype|doubles
|player|p1|Caleb092997|266|1333
|player|p2|spookie69|1|1327
|teamsize|p1|6
|teamsize|p2|6
|gen|9
|tier|[Gen 9] VGC 2025 Reg I
|rated|
|rule|Species Clause: Limit one of each Pokémon
|rule|Item Clause: Limit 1 of each item
|clearpoke
|poke|p1|Calyrex-Shadow, L50|
|poke|p1|Ho-Oh, L50|
|poke|p1|Grimmsnarl, L50, M|
|poke|p1|Gastrodon, L50, M|
|poke|p1|Rillaboom, L50, M|
|poke|p1|Sandy Shocks, L50|
|poke|p2|Calyrex-Shadow, L50|
|poke|p2|Miraidon, L50|
|poke|p2|Incineroar, L50, F|
|poke|p2|Rillaboom, L50, F|
|poke|p2|Whimsicott, L50, M|
|poke|p2|Farigiraf, L50, F|
|teampreview|4
|inactive|Battle timer is ON: inactive players will automatically lose when time's up. (requested by Caleb092997)
|
|t:|1750876611
|start
|switch|p1a: Calyrex|Calyrex-Shadow, L50|100/100
|switch|p1b: Rillaboom|Rillaboom, L50, M|100/100
|switch|p2a: Calyrex|Calyrex-Shadow, L50|100/100
|switch|p2b: Whimsicott|Whimsicott, L50, M|100/100
|-ability|p2a: Calyrex|As One
|-ability|p2a: Calyrex|Unnerve
|-ability|p1a: Calyrex|As One
|-ability|p1a: Calyrex|Unnerve
|-fieldstart|move: Grassy Terrain|[from] ability: Grassy Surge|[of] p1b: Rillaboom
|turn|1
|inactive|spookie69 has 30 seconds left.
|
|t:|1750876643
|-terastallize|p1a: Calyrex|Dark
|move|p2a: Calyrex|Protect|p2a: Calyrex
|-singleturn|p2a: Calyrex|Protect
|move|p2b: Whimsicott|Tailwind|p2b: Whimsicott
|-sidestart|p2: spookie69|move: Tailwind
|move|p1a: Calyrex|Nasty Plot|p1a: Calyrex
|-boost|p1a: Calyrex|spa|2
|move|p1b: Rillaboom|U-turn|p2b: Whimsicott
|-damage|p2b: Whimsicott|74/100
|
|t:|1750876661
|switch|p1b: Gastrodon|Gastrodon, L50, M|100/100|[from] U-turn
|
|-heal|p2b: Whimsicott|80/100|[from] Grassy Terrain
|upkeep
|turn|2
|inactive|Caleb092997 has 30 seconds left.
|inactive|spookie69 has 30 seconds left.
|
|t:|1750876688
|switch|p2b: Incineroar|Incineroar, L50, F|100/100
|-ability|p2b: Incineroar|Intimidate|boost
|-unboost|p1a: Calyrex|atk|1
|-unboost|p1b: Gastrodon|atk|1
|-terastallize|p2a: Calyrex|Normal
|move|p1b: Gastrodon|Protect|p1b: Gastrodon
|-singleturn|p1b: Gastrodon|Protect
|move|p2a: Calyrex|Astral Barrage|p1b: Gastrodon|[spread] p1a
|-activate|p1b: Gastrodon|move: Protect
|-resisted|p1a: Calyrex
|-damage|p1a: Calyrex|70/100
|-damage|p2a: Calyrex|91/100|[from] item: Life Orb
|move|p1a: Calyrex|Astral Barrage|p2a: Calyrex|[spread] p2b
|-immune|p2a: Calyrex
|-resisted|p2b: Incineroar
|-damage|p2b: Incineroar|56/100
|
|-heal|p2a: Calyrex|97/100|[from] Grassy Terrain
|-heal|p1a: Calyrex|76/100|[from] Grassy Terrain
|-heal|p2b: Incineroar|62/100|[from] Grassy Terrain
|upkeep
|turn|3
|inactive|spookie69 has 30 seconds left.
|inactive|spookie69 has 20 seconds left.
|
|t:|1750876728
|move|p1a: Calyrex|Protect|p1a: Calyrex
|-singleturn|p1a: Calyrex|Protect
|move|p2b: Incineroar|Fake Out|p1b: Gastrodon
|-damage|p1b: Gastrodon|92/100
|move|p2a: Calyrex|Disable|p1a: Calyrex
|-activate|p1a: Calyrex|move: Protect
|cant|p1b: Gastrodon|flinch
|
|-heal|p2a: Calyrex|100/100|[from] Grassy Terrain
|-heal|p1a: Calyrex|82/100|[from] Grassy Terrain
|-heal|p2b: Incineroar|68/100|[from] Grassy Terrain
|-heal|p1b: Gastrodon|98/100|[from] Grassy Terrain
|-heal|p1b: Gastrodon|100/100|[from] item: Leftovers
|upkeep
|turn|4
|inactive|spookie69 has 30 seconds left.
|
|t:|1750876755
|move|p2a: Calyrex|Astral Barrage|p1b: Gastrodon|[spread] p1a,p1b
|-resisted|p1a: Calyrex
|-damage|p1a: Calyrex|54/100
|-damage|p1b: Gastrodon|31/100
|-damage|p2a: Calyrex|91/100|[from] item: Life Orb
|move|p1a: Calyrex|Psychic|p2a: Calyrex
|-damage|p2a: Calyrex|0 fnt
|faint|p2a: Calyrex
|-ability|p1a: Calyrex|Grim Neigh|boost
|-boost|p1a: Calyrex|spa|1
|move|p2b: Incineroar|U-turn|p1a: Calyrex
|-supereffective|p1a: Calyrex
|-damage|p1a: Calyrex|19/100
|-enditem|p1a: Calyrex|Sitrus Berry|[eat]
|-heal|p1a: Calyrex|43/100|[from] item: Sitrus Berry
|inactive|spookie69 has 30 seconds left.
|
|t:|1750876782
|switch|p2b: Whimsicott|Whimsicott, L50, M|80/100|[from] U-turn
|move|p1b: Gastrodon|Earth Power|p2b: Whimsicott
|-resisted|p2b: Whimsicott
|-damage|p2b: Whimsicott|64/100
|
|-heal|p2b: Whimsicott|70/100|[from] Grassy Terrain
|-heal|p1a: Calyrex|49/100|[from] Grassy Terrain
|-heal|p1b: Gastrodon|37/100|[from] Grassy Terrain
|-heal|p1b: Gastrodon|43/100|[from] item: Leftovers
|-sideend|p2: spookie69|move: Tailwind
|upkeep
|
|t:|1750876798
|switch|p2a: Incineroar|Incineroar, L50, F|68/100
|-ability|p2a: Incineroar|Intimidate|boost
|-unboost|p1a: Calyrex|atk|1
|-unboost|p1b: Gastrodon|atk|1
|turn|5
|
|t:|1750876806
|move|p1a: Calyrex|Protect|p1a: Calyrex
|-singleturn|p1a: Calyrex|Protect
|move|p1b: Gastrodon|Protect|p1b: Gastrodon
|-singleturn|p1b: Gastrodon|Protect
|move|p2a: Incineroar|Fake Out|p1a: Calyrex
|-activate|p1a: Calyrex|move: Protect
|move|p2b: Whimsicott|Tailwind|p2b: Whimsicott
|-sidestart|p2: spookie69|move: Tailwind
|
|-heal|p2b: Whimsicott|76/100|[from] Grassy Terrain
|-heal|p1a: Calyrex|55/100|[from] Grassy Terrain
|-heal|p2a: Incineroar|74/100|[from] Grassy Terrain
|-heal|p1b: Gastrodon|49/100|[from] Grassy Terrain
|-heal|p1b: Gastrodon|55/100|[from] item: Leftovers
|-fieldend|move: Grassy Terrain
|upkeep
|turn|6
|
|t:|1750876829
|switch|p1b: Sandy Shocks|Sandy Shocks, L50|100/100
|-enditem|p1b: Sandy Shocks|Booster Energy
|-activate|p1b: Sandy Shocks|ability: Protosynthesis|[fromitem]
|-start|p1b: Sandy Shocks|protosynthesisspe
|move|p2b: Whimsicott|Encore|p1a: Calyrex
|-hint|Since gen 7, Dark is immune to Prankster moves.
|-immune|p1a: Calyrex
|move|p1a: Calyrex|Astral Barrage|p2a: Incineroar|[spread] p2a,p2b
|-resisted|p2a: Incineroar
|-damage|p2a: Incineroar|21/100
|-damage|p2b: Whimsicott|0 fnt
|faint|p2b: Whimsicott
|-ability|p1a: Calyrex|Grim Neigh|boost
|-boost|p1a: Calyrex|spa|1
|move|p2a: Incineroar|Knock Off|p1b: Sandy Shocks
|-damage|p1b: Sandy Shocks|71/100
|
|upkeep
|
|t:|1750876843
|switch|p2b: Miraidon|Miraidon, L50|100/100
|-fieldstart|move: Electric Terrain|[from] ability: Hadron Engine|[of] p2b: Miraidon
|turn|7
|inactive|spookie69 has 30 seconds left.
|
|t:|1750876872
|move|p1b: Sandy Shocks|Protect|p1b: Sandy Shocks
|-singleturn|p1b: Sandy Shocks|Protect
|move|p1a: Calyrex|Protect|p1a: Calyrex
|-singleturn|p1a: Calyrex|Protect
|move|p2b: Miraidon|Electro Drift|p1a: Calyrex
|-activate|p1a: Calyrex|move: Protect
|move|p2a: Incineroar|Flare Blitz|p1b: Sandy Shocks
|-activate|p1b: Sandy Shocks|move: Protect
|
|upkeep
|turn|8
|
|t:|1750876887
|switch|p1a: Gastrodon|Gastrodon, L50, M|55/100
|move|p2b: Miraidon|Electro Drift|p1a: Gastrodon
|-immune|p1a: Gastrodon
|move|p1b: Sandy Shocks|Volt Switch|p2a: Incineroar
|-damage|p2a: Incineroar|0 fnt
|faint|p2a: Incineroar
|
|t:|1750876896
|-end|p1b: Sandy Shocks|Protosynthesis|[silent]
|switch|p1b: Rillaboom|Rillaboom, L50, M|100/100|[from] Volt Switch
|-fieldstart|move: Grassy Terrain|[from] ability: Grassy Surge|[of] p1b: Rillaboom
|
|-heal|p1a: Gastrodon|61/100|[from] Grassy Terrain
|-heal|p1a: Gastrodon|67/100|[from] item: Leftovers
|-sideend|p2: spookie69|move: Tailwind
|upkeep
|turn|9
|-message|spookie69 forfeited.
|
|win|Caleb092997
|raw|Caleb092997's rating: 1333 &rarr; <strong>1353</strong><br />(+20 for winning)
|raw|spookie69's rating: 1327 &rarr; <strong>1307</strong><br />(-20 for losing)
|l|☆spookie69
|player|p2|
|l|☆Caleb092997
|player|p1|
