|j|‽Shrekers13
|j|☆Darkarrow44
|t:|1750819700
|gametype|doubles
|player|p1|Shrekers13|265|1366
|player|p2|Darkarrow44|102|1368
|teamsize|p1|6
|teamsize|p2|6
|gen|9
|tier|[Gen 9] VGC 2025 Reg I
|rated|
|rule|Species Clause: Limit one of each Pokémon
|rule|Item Clause: Limit 1 of each item
|clearpoke
|poke|p1|Calyrex-Ice, L50|
|poke|p1|Miraidon, L50|
|poke|p1|Iron Hands, L50|
|poke|p1|Iron Bundle, L50|
|poke|p1|Ogerpon-Hearthflame, L50, F|
|poke|p1|Farigiraf, L50, F|
|poke|p2|Koraidon, L50|
|poke|p2|Calyrex-Shadow, L50|
|poke|p2|Weezing-Galar, L50, M|
|poke|p2|Chi-Yu, L50|
|poke|p2|Brute Bonnet, L50|
|poke|p2|Gastrodon-East, L50, M|
|teampreview|4
Darkarrow44 has agreed to open team sheets.
|inactive|Battle timer is ON: inactive players will automatically lose when time's up. (requested by Darkarrow44)
|
|t:|1750819736
|start
|switch|p1a: Calyrex|Calyrex-Ice, L50|100/100
|switch|p1b: Farigiraf|Farigiraf, L50, F, shiny|100/100
|switch|p2a: Koraidon|Koraidon, L50|100/100
|switch|p2b: Weezing|Weezing-Galar, L50, M|100/100
|-ability|p2b: Weezing|Neutralizing Gas
|-block|p2a: Koraidon|item: Ability Shield
|-ability|p1a: Calyrex|As One
|-ability|p1a: Calyrex|Unnerve
|-weather|SunnyDay|[from] ability: Orichalcum Pulse|[of] p2a: Koraidon
|-activate|p2a: Koraidon|Orichalcum Pulse|[source]
|turn|1
|
|t:|1750819753
|-terastallize|p2a: Koraidon|Fire
|-terastallize|p1a: Calyrex|Fire
|move|p1b: Farigiraf|Helping Hand|p1a: Calyrex
|-singleturn|p1a: Calyrex|Helping Hand|[of] p1b: Farigiraf
|move|p2a: Koraidon|Flare Blitz|p1b: Farigiraf
|-damage|p1b: Farigiraf|0 fnt
|faint|p1b: Farigiraf
|-damage|p2a: Koraidon|64/100|[from] Recoil
|move|p2b: Weezing|Will-O-Wisp|p1a: Calyrex
|-immune|p1a: Calyrex
|move|p1a: Calyrex|High Horsepower|p2b: Weezing
|-supereffective|p2b: Weezing
|-damage|p2b: Weezing|5/100
|
|-weather|SunnyDay|[upkeep]
|upkeep
|
|t:|1750819773
|switch|p1b: Ogerpon|Ogerpon-Hearthflame, L50, F|100/100
|turn|2
|
|t:|1750819792
|move|p1b: Ogerpon|Spiky Shield|p1b: Ogerpon
|-singleturn|p1b: Ogerpon|move: Protect
|move|p2a: Koraidon|Protect|p2a: Koraidon
|-singleturn|p2a: Koraidon|Protect
|move|p2b: Weezing|Taunt|p1b: Ogerpon
|-activate|p1b: Ogerpon|move: Protect
|move|p1a: Calyrex|High Horsepower|p2a: Koraidon
|-activate|p2a: Koraidon|move: Protect
|
|-weather|SunnyDay|[upkeep]
|upkeep
|turn|3
|
|t:|1750819812
|move|p1b: Ogerpon|Ivy Cudgel|p2b: Weezing|[anim] Ivy Cudgel Fire
|-crit|p2b: Weezing
|-damage|p2b: Weezing|0 fnt
|faint|p2b: Weezing
|-end|p2b: Weezing|ability: Neutralizing Gas
|-ability|p1b: Ogerpon|Mold Breaker
|move|p2a: Koraidon|Collision Course|p1a: Calyrex
|-damage|p1a: Calyrex|54/100
|move|p1a: Calyrex|High Horsepower|p2a: Koraidon
|-supereffective|p2a: Koraidon
|-damage|p2a: Koraidon|0 fnt
|faint|p2a: Koraidon
|-ability|p1a: Calyrex|Chilling Neigh|boost
|-boost|p1a: Calyrex|atk|1
|
|-weather|SunnyDay|[upkeep]
|upkeep
|
|t:|1750819824
|switch|p2a: Calyrex|Calyrex-Shadow, L50|100/100
|switch|p2b: Gastrodon|Gastrodon-East, L50, M, shiny|100/100
|-ability|p2a: Calyrex|As One
|-ability|p2a: Calyrex|Unnerve
|turn|4
|
|t:|1750819834
|move|p2b: Gastrodon|Protect|p2b: Gastrodon
|-singleturn|p2b: Gastrodon|Protect
|move|p2a: Calyrex|Astral Barrage|p1a: Calyrex|[spread] p1a,p1b
|-damage|p1a: Calyrex|20/100
|-damage|p1b: Ogerpon|42/100
|move|p1b: Ogerpon|Ivy Cudgel|p2a: Calyrex|[anim] Ivy Cudgel Fire
|-damage|p2a: Calyrex|5/100
|move|p1a: Calyrex|Glacial Lance|p2a: Calyrex|[spread] p2a
|-activate|p2b: Gastrodon|move: Protect
|-damage|p2a: Calyrex|0 fnt
|faint|p2a: Calyrex
|-ability|p1a: Calyrex|Chilling Neigh|boost
|-boost|p1a: Calyrex|atk|1
|
|-weather|SunnyDay|[upkeep]
|upkeep
|turn|5
|
|t:|1750819853
|move|p1a: Calyrex|Protect|p1a: Calyrex
|-singleturn|p1a: Calyrex|Protect
|move|p1b: Ogerpon|Horn Leech|p2b: Gastrodon
|-supereffective|p2b: Gastrodon
|-damage|p2b: Gastrodon|0 fnt
|-heal|p1b: Ogerpon|100/100|[from] drain|[of] p2b: Gastrodon
|faint|p2b: Gastrodon
|
|win|Shrekers13
|raw|Shrekers13's rating: 1366 &rarr; <strong>1386</strong><br />(+20 for winning)
|raw|Darkarrow44's rating: 1368 &rarr; <strong>1348</strong><br />(-20 for losing)
|l|☆Darkarrow44
|player|p2|
|l|‽Shrekers13
|player|p1|
