|j|☆huyutime
|j|☆RonChan24
|t:|1750832201
|gametype|doubles
|player|p1|huyutime|bugcatcher-gen4dp|1447
|player|p2|RonChan24|serena|1371
|teamsize|p1|6
|teamsize|p2|6
|gen|9
|tier|[Gen 9] VGC 2025 Reg I
|rated|
|rule|Species Clause: Limit one of each Pokémon
|rule|Item Clause: Limit 1 of each item
|clearpoke
|poke|p1|Lunala, L50|
|poke|p1|Miraidon, L50|
|poke|p1|Incineroar, L50, M|
|poke|p1|Ursaluna, L50, F|
|poke|p1|Urshifu-*, L50, M|
|poke|p1|Chesnaught, L50, F|
|poke|p2|Kyogre, L50|
|poke|p2|Kingdra, L50, M|
|poke|p2|Charizard, L50, F|
|poke|p2|Zacian-*, L50|
|poke|p2|Grimmsnarl, L50, M|
|poke|p2|Landorus, L50, M|
|teampreview|4
|
|t:|1750832240
|start
|switch|p1a: Miraidon|Miraidon, L50|100/100
|switch|p1b: Lunala|Lunala, L50|100/100
|switch|p2a: Kyogre|Kyogre, L50|100/100
|switch|p2b: Kingdra|Kingdra, L50, M|100/100
|-fieldstart|move: Electric Terrain|[from] ability: Hadron Engine|[of] p1a: Miraidon
|-enditem|p1b: Lunala|Electric Seed
|-boost|p1b: Lunala|def|1|[from] item: Electric Seed
|-weather|RainDance|[from] ability: Drizzle|[of] p2a: Kyogre
|turn|1
|
|t:|1750832295
|switch|p2a: Landorus|Landorus, L50, M|100/100
|-terastallize|p1a: Miraidon|Electric
|move|p2b: Kingdra|Draco Meteor|p1a: Miraidon
|-damage|p1a: Miraidon|33/100
|-unboost|p2b: Kingdra|spa|2
|-damage|p2b: Kingdra|90/100|[from] item: Life Orb
|move|p1a: Miraidon|Volt Switch|p2b: Kingdra
|-damage|p2b: Kingdra|0 fnt
|faint|p2b: Kingdra
|
|t:|1750832311
|switch|p1a: Chesnaught|Chesnaught, L50, F|100/100|[from] Volt Switch
|move|p1b: Lunala|Moongeist Beam|p2a: Landorus
|-damage|p2a: Landorus|29/100
|
|-weather|RainDance|[upkeep]
|upkeep
|
|t:|1750832319
|switch|p2b: Zacian|Zacian-Crowned, L50|100/100
|-ability|p2b: Zacian|Intrepid Sword|boost
|-boost|p2b: Zacian|atk|1
|turn|2
|
|t:|1750832336
|switch|p1a: Incineroar|Incineroar, L50, M|100/100
|-ability|p1a: Incineroar|Intimidate|boost
|-unboost|p2a: Landorus|atk|1
|-unboost|p2b: Zacian|atk|1
|move|p2a: Landorus|Earth Power|p1b: Lunala
|-damage|p1b: Lunala|81/100
|move|p2b: Zacian|Play Rough|p1a: Incineroar
|-damage|p1a: Incineroar|57/100
|move|p1b: Lunala|Moongeist Beam|p2b: Zacian
|-damage|p2b: Zacian|46/100
|
|-weather|RainDance|[upkeep]
|upkeep
|turn|3
|
|t:|1750832379
|move|p2b: Zacian|Protect|p2b: Zacian
|-singleturn|p2b: Zacian|Protect
|move|p1a: Incineroar|Fake Out|p2a: Landorus
|-damage|p2a: Landorus|14/100
|cant|p2a: Landorus|flinch
|move|p1b: Lunala|Moongeist Beam|p2b: Zacian
|-activate|p2b: Zacian|move: Protect
|
|-weather|RainDance|[upkeep]
|upkeep
|turn|4
|
|t:|1750832420
|switch|p1a: Chesnaught|Chesnaught, L50, F|100/100
|move|p2a: Landorus|Earth Power|p1a: Chesnaught
|-resisted|p1a: Chesnaught
|-damage|p1a: Chesnaught|71/100
|move|p2b: Zacian|Behemoth Blade|p1b: Lunala
|-damage|p1b: Lunala|48/100
|move|p1b: Lunala|Moongeist Beam|p2b: Zacian
|-damage|p2b: Zacian|0 fnt
|faint|p2b: Zacian
|
|-weather|RainDance|[upkeep]
|-heal|p1a: Chesnaught|77/100|[from] item: Leftovers
|upkeep
|
|t:|1750832424
|switch|p2b: Kyogre|Kyogre, L50|100/100
|turn|5
|-message|RonChan24 forfeited.
|
|win|huyutime
|raw|huyutime's rating: 1447 &rarr; <strong>1463</strong><br />(+16 for winning)
|raw|RonChan24's rating: 1371 &rarr; <strong>1355</strong><br />(-16 for losing)
|l|☆RonChan24
|player|p2|
|l|☆huyutime
|player|p1|
