|j|☆ray_on_1248_
|j|☆Kukino
|t:|1750766058
|gametype|doubles
|player|p1|ray_on_1248_|hilda-wonderlauncher|1351
|player|p2|Kukino|wattson|1338
|teamsize|p1|6
|teamsize|p2|6
|gen|9
|tier|[Gen 9] VGC 2025 Reg I
|rated|
|rule|Species Clause: Limit one of each Pokémon
|rule|Item Clause: Limit 1 of each item
|clearpoke
|poke|p1|Miraidon, L50|
|poke|p1|Calyrex-Ice, L50|
|poke|p1|Incineroar, L50, M|
|poke|p1|Urshifu-*, L50, M|
|poke|p1|Volcarona, L50, M|
|poke|p1|Grimmsnarl, L50, M|
|poke|p2|Zacian-*, L50|
|poke|p2|Ting-Lu, L50|
|poke|p2|Incineroar, L50, M|
|poke|p2|Thundurus, L50, M|
|poke|p2|Kyogre, L50|
|poke|p2|Annihilape, L50, F|
|teampreview|4
|inactive|Battle timer is ON: inactive players will automatically lose when time's up. (requested by Kukino)
|inactive|ray_on_1248_ has 60 seconds left.
|inactive|Kukino has 60 seconds left.
|
|t:|1750766118
|start
|switch|p1a: Grimmsnarl|Grimmsnarl, L50, M, shiny|100/100
|switch|p1b: Miraidon|Miraidon, L50|100/100
|switch|p2a: Annihilape|Annihilape, L50, F|100/100
|switch|p2b: Thundurus|Thundurus, L50, M|100/100
|-fieldstart|move: Electric Terrain|[from] ability: Hadron Engine|[of] p1b: Miraidon
|turn|1
|inactive|ray_on_1248_ has 30 seconds left.
|
|t:|1750766147
|switch|p1b: Urshifu|Urshifu-Rapid-Strike, L50, M|100/100
|move|p2b: Thundurus|Eerie Impulse|p1b: Urshifu
|-unboost|p1b: Urshifu|spa|2
|move|p1a: Grimmsnarl|Reflect|p1a: Grimmsnarl
|-sidestart|p1: ray_on_1248_|Reflect
|move|p2a: Annihilape|Bulk Up|p2a: Annihilape
|-boost|p2a: Annihilape|atk|1
|-boost|p2a: Annihilape|def|1
|
|upkeep
|turn|2
|inactive|ray_on_1248_ has 30 seconds left.
|inactive|Kukino has 30 seconds left.
|inactive|ray_on_1248_ has 20 seconds left.
|inactive|Kukino has 20 seconds left.
|
|t:|1750766185
|-terastallize|p1b: Urshifu|Water
|move|p2b: Thundurus|Thunder Wave|p1b: Urshifu
|-status|p1b: Urshifu|par
|move|p1a: Grimmsnarl|Thunder Wave|p2a: Annihilape
|-status|p2a: Annihilape|par
|move|p1b: Urshifu|Surging Strikes|p2a: Annihilape
|-crit|p2a: Annihilape
|-damage|p2a: Annihilape|73/100 par
|-crit|p2a: Annihilape
|-damage|p2a: Annihilape|42/100 par
|-crit|p2a: Annihilape
|-damage|p2a: Annihilape|12/100 par
|-hitcount|p2a: Annihilape|3
|move|p2a: Annihilape|Rage Fist|p1b: Urshifu
|-damage|p1b: Urshifu|7/100 par
|
|upkeep
|turn|3
|inactive|Kukino has 30 seconds left.
|
|t:|1750766214
|move|p2b: Thundurus|Wildbolt Storm|p1b: Urshifu|[spread] p1a,p1b
|-supereffective|p1b: Urshifu
|-damage|p1a: Grimmsnarl|74/100
|-damage|p1b: Urshifu|0 fnt
|faint|p1b: Urshifu
|move|p2a: Annihilape|Drain Punch|p1a: Grimmsnarl
|-damage|p1a: Grimmsnarl|38/100
|-heal|p2a: Annihilape|29/100 par|[from] drain|[of] p1a: Grimmsnarl
|move|p1a: Grimmsnarl|Spirit Break|p2a: Annihilape
|-supereffective|p2a: Annihilape
|-damage|p2a: Annihilape|0 fnt
|faint|p2a: Annihilape
|
|upkeep
|
|t:|1750766237
|switch|p1b: Calyrex|Calyrex-Ice, L50|100/100
|switch|p2a: Zacian|Zacian-Crowned, L50|100/100
|-ability|p1b: Calyrex|As One
|-ability|p1b: Calyrex|Unnerve
|-ability|p2a: Zacian|Intrepid Sword|boost
|-boost|p2a: Zacian|atk|1
|turn|4
|inactive|ray_on_1248_ has 30 seconds left.
|
|t:|1750766265
|move|p1b: Calyrex|Protect|p1b: Calyrex
|-singleturn|p1b: Calyrex|Protect
|move|p2b: Thundurus|Taunt|p1b: Calyrex
|-activate|p1b: Calyrex|move: Protect
|move|p1a: Grimmsnarl|Thunder Wave|p2a: Zacian
|-status|p2a: Zacian|par
|cant|p2a: Zacian|par
|
|upkeep
|turn|5
|
|t:|1750766284
|move|p1a: Grimmsnarl|Light Screen|p1a: Grimmsnarl
|-sidestart|p1: ray_on_1248_|move: Light Screen
|move|p2b: Thundurus|Wildbolt Storm|p1b: Calyrex|[spread] p1a,p1b
|-crit|p1a: Grimmsnarl
|-damage|p1a: Grimmsnarl|0 fnt
|-damage|p1b: Calyrex|87/100
|faint|p1a: Grimmsnarl
|cant|p2a: Zacian|par
|move|p1b: Calyrex|Glacial Lance|p2a: Zacian|[spread] p2a,p2b
|-resisted|p2a: Zacian
|-supereffective|p2b: Thundurus
|-damage|p2a: Zacian|77/100 par
|-damage|p2b: Thundurus|0 fnt
|faint|p2b: Thundurus
|-ability|p1b: Calyrex|Chilling Neigh|boost
|-boost|p1b: Calyrex|atk|1
|
|-fieldend|move: Electric Terrain
|upkeep
|
|t:|1750766300
|switch|p2b: Incineroar|Incineroar, L50, M|100/100
|switch|p1a: Miraidon|Miraidon, L50|100/100
|-fieldstart|move: Electric Terrain|[from] ability: Hadron Engine|[of] p1a: Miraidon
|-ability|p2b: Incineroar|Intimidate|boost
|-unboost|p1a: Miraidon|atk|1
|-fail|p1b: Calyrex|unboost|[from] item: Clear Amulet|[of] p1b: Calyrex
|turn|6
|
|t:|1750766323
|move|p2b: Incineroar|Fake Out|p1a: Miraidon
|-damage|p1a: Miraidon|93/100
|cant|p1a: Miraidon|flinch
|move|p2a: Zacian|Play Rough|p1a: Miraidon
|-supereffective|p1a: Miraidon
|-damage|p1a: Miraidon|0 fnt
|faint|p1a: Miraidon
|move|p1b: Calyrex|High Horsepower|p2a: Zacian
|-supereffective|p2a: Zacian
|-damage|p2a: Zacian|0 fnt
|faint|p2a: Zacian
|-ability|p1b: Calyrex|Chilling Neigh|boost
|-boost|p1b: Calyrex|atk|1
|
|upkeep
|turn|7
|
|t:|1750766340
|move|p2b: Incineroar|Will-O-Wisp|p1b: Calyrex|[miss]
|-miss|p2b: Incineroar|p1b: Calyrex
|move|p1b: Calyrex|High Horsepower|p2b: Incineroar
|-supereffective|p2b: Incineroar
|-damage|p2b: Incineroar|0 fnt
|-damage|p1b: Calyrex|71/100|[from] item: Rocky Helmet|[of] p2b: Incineroar
|faint|p2b: Incineroar
|
|win|ray_on_1248_
|raw|ray_on_1248_'s rating: 1351 &rarr; <strong>1370</strong><br />(+19 for winning)
|raw|Kukino's rating: 1338 &rarr; <strong>1319</strong><br />(-19 for losing)
|c|☆ray_on_1248_|ggwp
