|j|☆Mehu29
|j|☆PullinAPan
|t:|1750769424
|gametype|doubles
|player|p1|Mehu29|steven|1098
|player|p2|PullinAPan|cheryl|1172
|teamsize|p1|6
|teamsize|p2|6
|gen|9
|tier|[Gen 9] VGC 2025 Reg I
|rated|
|rule|Species Clause: Limit one of each Pokémon
|rule|Item Clause: Limit 1 of each item
|clearpoke
|poke|p1|Articuno, L50|
|poke|p1|Ninetales-Alola, L50, F|
|poke|p1|Arcanine-Hisui, L50, M|
|poke|p1|Ogerpon-Wellspring, L50, F|
|poke|p1|Landorus, L50, M|
|poke|p1|Raging Bolt, L50|
|poke|p2|Koraidon, L50|
|poke|p2|Ho-Oh, L50|
|poke|p2|Flutter Mane, L50|
|poke|p2|Incineroar, L50, F|
|poke|p2|Walking Wake, L50|
|poke|p2|Grimmsnarl, L50, M|
|teampreview|4
PullinAPan has agreed to open team sheets.
Mehu29 has agreed to open team sheets.
|showteam|p1|Articuno||ChoiceSpecs|SnowCloak|IceBeam,FreezeDry,Roost,Blizzard||||||50|,,,,,Ice]Ninetales-Alola||LightClay|SnowWarning|Blizzard,Moonblast,AuroraVeil,HelpingHand|||F|||50|,,,,,Fire]Arcanine-Hisui||ChoiceBand|Intimidate|FlareBlitz,RockSlide,HeadSmash,ExtremeSpeed|||M|||50|,,,,,Ghost]Ogerpon-Wellspring||WellspringMask|WaterAbsorb|IvyCudgel,HornLeech,FollowMe,SpikyShield|||F|||50|,,,,,Water]Landorus||LifeOrb|SheerForce|EarthPower,SludgeBomb,Substitute,Protect|||M|||50|,,,,,Steel]Raging Bolt||AssaultVest|Protosynthesis|Electroweb,DracoMeteor,Thunderclap,Snarl||||||50|,,,,,Stellar
|showteam|p2|Koraidon||LifeOrb|OrichalcumPulse|CloseCombat,FlareBlitz,FlameCharge,Protect||||||50|,,,,,Fire]Ho-Oh||ClearAmulet|Regenerator|SacredFire,BraveBird,Tailwind,Protect||||||50|,,,,,Ground]Flutter Mane||FocusSash|Protosynthesis|Moonblast,ShadowBall,IcyWind,Protect||||||50|,,,,,Normal]Incineroar||SafetyGoggles|Intimidate|FakeOut,KnockOff,FlareBlitz,PartingShot|||F|||50|,,,,,Bug]Walking Wake||ChoiceSpecs|Protosynthesis|WeatherBall,HydroSteam,DracoMeteor,Snarl||||||50|,,,,,Water]Grimmsnarl||LightClay|Prankster|LightScreen,ThunderWave,Reflect,SpiritBreak|||M|||50|,,,,,Ghost
|
|t:|1750769491
|start
|switch|p1a: Arcanine|Arcanine-Hisui, L50, M|100/100
|switch|p1b: Raging Bolt|Raging Bolt, L50|100/100
|switch|p2a: Grimmsnarl|Grimmsnarl, L50, M|100/100
|switch|p2b: Wolfe's WHAT???|Incineroar, L50, F|100/100
|-ability|p1a: Arcanine|Intimidate|boost
|-unboost|p2a: Grimmsnarl|atk|1
|-unboost|p2b: Wolfe's WHAT???|atk|1
|-ability|p2b: Wolfe's WHAT???|Intimidate|boost
|-unboost|p1a: Arcanine|atk|1
|-unboost|p1b: Raging Bolt|atk|1
|turn|1
|
|t:|1750769516
|move|p2b: Wolfe's WHAT???|Fake Out|p1a: Arcanine
|-resisted|p1a: Arcanine
|-damage|p1a: Arcanine|96/100
|cant|p1a: Arcanine|flinch
|move|p2a: Grimmsnarl|Light Screen|p2a: Grimmsnarl
|-sidestart|p2: PullinAPan|move: Light Screen
|move|p1b: Raging Bolt|Draco Meteor|p2b: Wolfe's WHAT???|[miss]
|-miss|p1b: Raging Bolt|p2b: Wolfe's WHAT???
|
|upkeep
|turn|2
|
|t:|1750769544
|move|p2a: Grimmsnarl|Reflect|p2a: Grimmsnarl
|-sidestart|p2: PullinAPan|Reflect
|move|p1a: Arcanine|Flare Blitz|p2a: Grimmsnarl
|-damage|p2a: Grimmsnarl|53/100
|-damage|p1a: Arcanine|78/100|[from] Recoil
|move|p1b: Raging Bolt|Draco Meteor|p2b: Wolfe's WHAT???
|-damage|p2b: Wolfe's WHAT???|61/100
|-unboost|p1b: Raging Bolt|spa|2
|move|p2b: Wolfe's WHAT???|Knock Off|p1a: Arcanine
|-damage|p1a: Arcanine|47/100
|-enditem|p1a: Arcanine|Choice Band|[from] move: Knock Off|[of] p2b: Wolfe's WHAT???
|
|upkeep
|turn|3
|
|t:|1750769578
|-end|p1b: Raging Bolt|Protosynthesis|[silent]
|switch|p1b: Ogerpon|Ogerpon-Wellspring, L50, F|100/100
|move|p2a: Grimmsnarl|Thunder Wave|p1a: Arcanine
|-status|p1a: Arcanine|par
|move|p2b: Wolfe's WHAT???|Parting Shot|p1b: Ogerpon
|-unboost|p1b: Ogerpon|atk|1
|-unboost|p1b: Ogerpon|spa|1
|
|t:|1750769588
|switch|p2b: Walking Dog|Walking Wake, L50|100/100|[from] Parting Shot
|move|p1a: Arcanine|Head Smash|p2b: Walking Dog
|-damage|p2b: Walking Dog|67/100
|-damage|p1a: Arcanine|30/100 par|[from] Recoil
|
|upkeep
|turn|4
|
|t:|1750769611
|switch|p2a: Wolfe's WHAT???|Incineroar, L50, F|61/100
|-ability|p2a: Wolfe's WHAT???|Intimidate|boost
|-unboost|p1a: Arcanine|atk|1
|-unboost|p1b: Ogerpon|atk|1
|move|p1b: Ogerpon|Spiky Shield|p1b: Ogerpon
|-singleturn|p1b: Ogerpon|move: Protect
|move|p2b: Walking Dog|Hydro Steam|p1a: Arcanine
|-supereffective|p1a: Arcanine
|-damage|p1a: Arcanine|0 fnt
|faint|p1a: Arcanine
|
|upkeep
|
|t:|1750769625
|switch|p1a: Landorus|Landorus, L50, M|100/100
|turn|5
|
|t:|1750769649
|switch|p1b: Raging Bolt|Raging Bolt, L50|100/100
|switch|p2a: Koraidon|Koraidon, L50|100/100
|-weather|SunnyDay|[from] ability: Orichalcum Pulse|[of] p2a: Koraidon
|-activate|p2b: Walking Dog|ability: Protosynthesis
|-start|p2b: Walking Dog|protosynthesisspe
|-activate|p1b: Raging Bolt|ability: Protosynthesis
|-start|p1b: Raging Bolt|protosynthesisspa
|-activate|p2a: Koraidon|Orichalcum Pulse|[source]
|move|p2b: Walking Dog|Hydro Steam|p1a: Landorus
|-supereffective|p1a: Landorus
|-damage|p1a: Landorus|0 fnt
|faint|p1a: Landorus
|
|-weather|SunnyDay|[upkeep]
|upkeep
|
|t:|1750769663
|switch|p1a: Ogerpon|Ogerpon-Wellspring, L50, F|100/100
|turn|6
|
|t:|1750769686
|-end|p2b: Walking Dog|Protosynthesis|[silent]
|switch|p2b: Wolfe's WHAT???|Incineroar, L50, F|61/100
|-ability|p2b: Wolfe's WHAT???|Intimidate|boost
|-unboost|p1a: Ogerpon|atk|1
|-unboost|p1b: Raging Bolt|atk|1
|-terastallize|p1a: Ogerpon|Water
|detailschange|p1a: Ogerpon|Ogerpon-Wellspring-Tera, L50, F, tera:Water
|-ability|p1a: Ogerpon|Embody Aspect (Wellspring)|boost
|-boost|p1a: Ogerpon|spd|1
|move|p2a: Koraidon|Protect|p2a: Koraidon
|-singleturn|p2a: Koraidon|Protect
|move|p1a: Ogerpon|Horn Leech|p2b: Wolfe's WHAT???
|-resisted|p2b: Wolfe's WHAT???
|-damage|p2b: Wolfe's WHAT???|54/100
|move|p1b: Raging Bolt|Draco Meteor|p2a: Koraidon
|-activate|p2a: Koraidon|move: Protect
|
|-weather|SunnyDay|[upkeep]
|upkeep
|turn|7
|
|t:|1750769707
|switch|p2a: Grimmsnarl|Grimmsnarl, L50, M|53/100
|move|p2b: Wolfe's WHAT???|Fake Out|p1a: Ogerpon
|-damage|p1a: Ogerpon|89/100
|cant|p1a: Ogerpon|flinch
|move|p1b: Raging Bolt|Draco Meteor|p2a: Grimmsnarl
|-immune|p2a: Grimmsnarl
|
|-weather|SunnyDay|[upkeep]
|upkeep
|turn|8
|
|t:|1750769727
|move|p2a: Grimmsnarl|Thunder Wave|p1a: Ogerpon
|-status|p1a: Ogerpon|par
|move|p1b: Raging Bolt|Electroweb|p2a: Grimmsnarl|[spread] p2a
|-miss|p1b: Raging Bolt|p2b: Wolfe's WHAT???
|-damage|p2a: Grimmsnarl|38/100
|-unboost|p2a: Grimmsnarl|spe|1
|move|p1a: Ogerpon|Ivy Cudgel|p2b: Wolfe's WHAT???|[anim] Ivy Cudgel Water
|-supereffective|p2b: Wolfe's WHAT???
|-damage|p2b: Wolfe's WHAT???|29/100
|move|p2b: Wolfe's WHAT???|Knock Off|p1b: Raging Bolt
|-damage|p1b: Raging Bolt|68/100
|-enditem|p1b: Raging Bolt|Assault Vest|[from] move: Knock Off|[of] p2b: Wolfe's WHAT???
|
|-weather|SunnyDay|[upkeep]
|-sideend|p2: PullinAPan|move: Light Screen
|upkeep
|turn|9
|-message|Mehu29 forfeited.
|
|win|PullinAPan
|raw|Mehu29's rating: 1098 &rarr; <strong>1078</strong><br />(-20 for losing)
|raw|PullinAPan's rating: 1172 &rarr; <strong>1192</strong><br />(+20 for winning)
|l|☆Mehu29
|player|p1|
