|j|☆eevee887
|j|☆AragonVGC
|t:|1750774534
|gametype|doubles
|player|p1|eevee887|n|
|player|p2|AragonVGC|265|
|teamsize|p1|6
|teamsize|p2|6
|gen|9
|tier|[Gen 9] VGC 2025 Reg I
|rule|Species Clause: Limit one of each Pokémon
|rule|Item Clause: Limit 1 of each item
|clearpoke
|poke|p1|Miraidon, L50|
|poke|p1|Bellibolt, L50, M|
|poke|p1|Jolteon, L50, M|
|poke|p1|Kilowattrel, L50, M|
|poke|p1|Iron Hands, L50|
|poke|p1|Eelektross, L50, M|
|poke|p2|Calyrex-Ice, L50|
|poke|p2|Scraggy, L50, M|
|poke|p2|Miraidon, L50|
|poke|p2|Farigiraf, L50, M|
|poke|p2|Iron Treads, L50|
|poke|p2|Iron Hands, L50|
|teampreview|4
|c|☆eevee887|mono tyyyyyyyyyyyyype
|c|☆AragonVGC|oh
|inactive|Battle timer is ON: inactive players will automatically lose when time's up. (requested by eevee887)
|
|t:|1750774598
|start
|switch|p1a: Iron Hands|Iron Hands, L50, shiny|100/100
|switch|p1b: Miraidon|Miraidon, L50|100/100
|switch|p2a: TamOBanter|Scraggy, L50, M, shiny|100/100
|switch|p2b: Crypt|Calyrex-Ice, L50|100/100
|-ability|p2b: Crypt|As One
|-ability|p2b: Crypt|Unnerve
|-fieldstart|move: Electric Terrain|[from] ability: Hadron Engine|[of] p1b: Miraidon
|-enditem|p1b: Miraidon|Electric Seed
|-boost|p1b: Miraidon|def|1|[from] item: Electric Seed
|-activate|p1a: Iron Hands|ability: Quark Drive
|-start|p1a: Iron Hands|quarkdriveatk
|-ability|p2a: TamOBanter|Intimidate|boost
|-unboost|p1a: Iron Hands|atk|1
|-unboost|p1b: Miraidon|atk|1
|turn|1
|inactive|eevee887 has 30 seconds left.
|inactive|AragonVGC has 30 seconds left.
|inactive|eevee887 has 20 seconds left.
|inactive|AragonVGC has 20 seconds left.
|
|t:|1750774634
|-end|p1a: Iron Hands|Quark Drive|[silent]
|switch|p1a: Eelektross|Eelektross, L50, M, shiny|100/100
|-terastallize|p1b: Miraidon|Fairy
|move|p2a: TamOBanter|Fake Out|p1b: Miraidon
|-damage|p1b: Miraidon|96/100
|cant|p1b: Miraidon|flinch
|move|p2b: Crypt|Trick Room|p2b: Crypt
|-fieldstart|move: Trick Room|[of] p2b: Crypt
|
|upkeep
|turn|2
|inactive|eevee887 has 30 seconds left.
|
|t:|1750774659
|switch|p1b: Iron Hands|Iron Hands, L50, shiny|100/100
|-activate|p1b: Iron Hands|ability: Quark Drive
|-start|p1b: Iron Hands|quarkdriveatk
|move|p2b: Crypt|Protect|p2b: Crypt
|-singleturn|p2b: Crypt|Protect
|move|p2a: TamOBanter|Coaching|p2b: Crypt
|-boost|p2b: Crypt|atk|1
|-boost|p2b: Crypt|def|1
|move|p1a: Eelektross|Bulk Up|p1a: Eelektross
|-boost|p1a: Eelektross|atk|1
|-boost|p1a: Eelektross|def|1
|
|upkeep
|turn|3
|inactive|eevee887 has 30 seconds left.
|inactive|AragonVGC has 30 seconds left.
|
|t:|1750774685
|-terastallize|p2b: Crypt|Fire
|move|p1b: Iron Hands|Fake Out|p2b: Crypt
|-damage|p2b: Crypt|92/100
|move|p2a: TamOBanter|Coaching|p2b: Crypt
|-boost|p2b: Crypt|atk|1
|-boost|p2b: Crypt|def|1
|move|p1a: Eelektross|Bulk Up|p1a: Eelektross
|-boost|p1a: Eelektross|atk|1
|-boost|p1a: Eelektross|def|1
|cant|p2b: Crypt|flinch
|
|upkeep
|turn|4
|
|t:|1750774709
|move|p2a: TamOBanter|Coaching|p2b: Crypt
|-boost|p2b: Crypt|atk|1
|-boost|p2b: Crypt|def|1
|move|p2b: Crypt|Glacial Lance|p1a: Eelektross|[spread] p1a,p1b
|-damage|p1a: Eelektross|14/100
|-damage|p1b: Iron Hands|15/100
|move|p1b: Iron Hands|Thunder Punch|p2a: TamOBanter
|-damage|p2a: TamOBanter|27/100
|move|p1a: Eelektross|Bulk Up|p1a: Eelektross
|-boost|p1a: Eelektross|atk|1
|-boost|p1a: Eelektross|def|1
|
|upkeep
|turn|5
|inactive|eevee887 has 30 seconds left.
|inactive|eevee887 has 20 seconds left.
|inactive|eevee887 has 15 seconds left.
|
|t:|1750774752
|move|p2a: TamOBanter|Coaching|p2b: Crypt
|-boost|p2b: Crypt|atk|1
|-boost|p2b: Crypt|def|1
|move|p1a: Eelektross|Thunder Punch|p2b: Crypt
|-damage|p2b: Crypt|74/100
|move|p1b: Iron Hands|Drain Punch|p2a: TamOBanter
|-supereffective|p2a: TamOBanter
|-crit|p2a: TamOBanter
|-damage|p2a: TamOBanter|0 fnt
|-heal|p1b: Iron Hands|22/100|[from] drain|[of] p2a: TamOBanter
|faint|p2a: TamOBanter
|move|p2b: Crypt|Glacial Lance|p1a: Eelektross|[spread] p1a,p1b
|-damage|p1a: Eelektross|0 fnt
|-damage|p1b: Iron Hands|0 fnt
|faint|p1a: Eelektross
|faint|p1b: Iron Hands
|-end|p1b: Iron Hands|Quark Drive|[silent]
|-ability|p2b: Crypt|Chilling Neigh|boost
|-boost|p2b: Crypt|atk|2
|
|-fieldend|move: Trick Room
|-fieldend|move: Electric Terrain
|upkeep
|inactive|AragonVGC has 30 seconds left.
|c|☆eevee887|win again
|
|t:|1750774780
|switch|p1a: Miraidon|Miraidon, L50, tera:Fairy|96/100
|switch|p1b: Bellibolt|Bellibolt, L50, M|100/100
|switch|p2a: AwareNpc1|Iron Hands, L50, shiny|100/100
|-fieldstart|move: Electric Terrain|[from] ability: Hadron Engine|[of] p1a: Miraidon
|-activate|p2a: AwareNpc1|ability: Quark Drive
|-start|p2a: AwareNpc1|quarkdriveatk
|-enditem|p2a: AwareNpc1|Electric Seed
|-boost|p2a: AwareNpc1|def|1|[from] item: Electric Seed
|turn|6
|
|t:|1750774801
|move|p2a: AwareNpc1|Fake Out|p1a: Miraidon
|-damage|p1a: Miraidon|80/100
|cant|p1a: Miraidon|flinch
|move|p1b: Bellibolt|Acid Spray|p2b: Crypt
|-damage|p2b: Crypt|66/100
|move|p2b: Crypt|Glacial Lance|p1b: Bellibolt|[spread] p1a,p1b
|-damage|p1a: Miraidon|0 fnt
|-damage|p1b: Bellibolt|0 fnt
|faint|p1a: Miraidon
|faint|p1b: Bellibolt
|
|win|AragonVGC
|c|☆AragonVGC|ggs
|c|☆eevee887|:(
|c|☆eevee887|friends?
|c|☆AragonVGC|fwends
|c|☆AragonVGC|wait wheres ure other restricted
|c|☆eevee887|is mono eletric
|c|☆eevee887|Is there another electric restricted?
|c|☆AragonVGC|zekrom
|c|☆eevee887|aaaaaaaaaaaaaaaaaaaaaaaaaaaaaaaaaaaaaaaaaaah
|c|☆eevee887|thank you
|c|☆AragonVGC|bu why u using monos in vgc?
|c|☆AragonVGC|np
|c|☆eevee887|I think it's cool
|c|☆eevee887|and funny
|c|☆AragonVGC|ok
|c|☆eevee887|acept friends?
|c|☆eevee887|in the game
|c|☆eevee887|showdonw
|c|☆eevee887|quick pls i'm leaving
|c|☆eevee887|bye:(
|c|☆AragonVGC|sorry
|c|☆AragonVGC|i had to step out
