|j|☆TrueSquidVGC
|j|☆MildnesserOne2
|t:|1750709139
|gametype|doubles
|player|p1|TrueSquidVGC|101|1093
|player|p2|MildnesserOne2|101|1110
|teamsize|p1|6
|teamsize|p2|6
|gen|9
|tier|[Gen 9] VGC 2025 Reg I
|rated|
|rule|Species Clause: Limit one of each Pokémon
|rule|Item Clause: Limit 1 of each item
|clearpoke
|poke|p1|Necrozma-Dusk-Mane, L50|
|poke|p1|Koraidon, L50|
|poke|p1|Bastiodon, L50, M|
|poke|p1|Raging Bolt, L50|
|poke|p1|Incineroar, L50, F|
|poke|p1|Gengar, L50, F|
|poke|p2|Necrozma-Dawn-Wings, L50|
|poke|p2|Indeedee-F, L50, F|
|poke|p2|Gallade, L50, M|
|poke|p2|Calyrex-Ice, L50|
|poke|p2|Smeargle, L50, M|
|poke|p2|Pelipper, L50, M|
|teampreview|4
TrueSquidVGC has agreed to open team sheets.
|
|t:|1750709166
|start
|switch|p1a: Bastiodon|Bastiodon, L50, M|100/100
|switch|p1b: Gengar|Gengar, L50, F|100/100
|switch|p2a: Indeedee|Indeedee-F, L50, F|100/100
|switch|p2b: Smeargle|Smeargle, L50, M|100/100
|-fieldstart|move: Psychic Terrain|[from] ability: Psychic Surge|[of] p2a: Indeedee
|-enditem|p2a: Indeedee|Psychic Seed
|-boost|p2a: Indeedee|spd|1|[from] item: Psychic Seed
|turn|1
|
|t:|1750709186
|move|p1a: Bastiodon|Protect|p1a: Bastiodon
|-singleturn|p1a: Bastiodon|Protect
|move|p2b: Smeargle|Follow Me|p2b: Smeargle
|-singleturn|p2b: Smeargle|move: Follow Me
|move|p1b: Gengar|Sludge Bomb|p2b: Smeargle
|-damage|p2b: Smeargle|6/100
|move|p2a: Indeedee|Trick Room|p2a: Indeedee
|-fieldstart|move: Trick Room|[of] p2a: Indeedee
|
|upkeep
|turn|2
|
|t:|1750709209
|switch|p1b: Incineroar|Incineroar, L50, F|100/100
|-ability|p1b: Incineroar|Intimidate|boost
|-unboost|p2a: Indeedee|atk|1
|-fail|p2b: Smeargle|unboost|Attack|[from] ability: Own Tempo|[of] p2b: Smeargle
|move|p1a: Bastiodon|Body Press|p2b: Smeargle
|-supereffective|p2b: Smeargle
|-damage|p2b: Smeargle|0 fnt
|faint|p2b: Smeargle
|move|p2a: Indeedee|Psychic|p1b: Incineroar
|-immune|p1b: Incineroar
|
|upkeep
|
|t:|1750709230
|switch|p2b: Necrozma|Necrozma-Dawn-Wings, L50|100/100
|turn|3
|
|t:|1750709253
|-terastallize|p2b: Necrozma|Normal
|move|p1a: Bastiodon|Wide Guard|p1a: Bastiodon
|-singleturn|p1a: Bastiodon|Wide Guard
|move|p2b: Necrozma|Meteor Beam||[still]
|-prepare|p2b: Necrozma|Meteor Beam
|-boost|p2b: Necrozma|spa|1
|-enditem|p2b: Necrozma|Power Herb
|-anim|p2b: Necrozma|Meteor Beam|p1b: Incineroar
|-supereffective|p1b: Incineroar
|-damage|p1b: Incineroar|0 fnt
|faint|p1b: Incineroar
|move|p2a: Indeedee|Baton Pass|p2a: Indeedee
|
|t:|1750709265
|switch|p2a: Pelipper|Pelipper, L50, M|100/100|[from] Baton Pass
|-weather|RainDance|[from] ability: Drizzle|[of] p2a: Pelipper
|
|-weather|RainDance|[upkeep]
|upkeep
|
|t:|1750709277
|switch|p1b: Necrozma|Necrozma-Dusk-Mane, L50|100/100
|turn|4
|
|t:|1750709308
|-terastallize|p1b: Necrozma|Water
|move|p1a: Bastiodon|Protect|p1a: Bastiodon
|-singleturn|p1a: Bastiodon|Protect
|move|p2a: Pelipper|Weather Ball|p1a: Bastiodon
|-activate|p1a: Bastiodon|move: Protect
|move|p2b: Necrozma|Moongeist Beam|p1b: Necrozma
|-damage|p1b: Necrozma|46/100
|move|p1b: Necrozma|Psychic Fangs|p2a: Pelipper
|-damage|p2a: Pelipper|19/100
|
|-weather|RainDance|[upkeep]
|upkeep
|turn|5
|
|t:|1750709337
|switch|p2b: Indeedee|Indeedee-F, L50, F|100/100
|move|p1a: Bastiodon|Body Press|p2b: Indeedee
|-damage|p2b: Indeedee|75/100
|move|p2a: Pelipper|Weather Ball|p1a: Bastiodon
|-supereffective|p1a: Bastiodon
|-ability|p1a: Bastiodon|Sturdy
|-damage|p1a: Bastiodon|1/100
|move|p1b: Necrozma|Rock Slide|p2a: Pelipper|[spread] p2a,p2b
|-supereffective|p2a: Pelipper
|-damage|p2a: Pelipper|0 fnt
|-damage|p2b: Indeedee|51/100
|faint|p2a: Pelipper
|
|-weather|RainDance|[upkeep]
|-heal|p1a: Bastiodon|7/100|[from] item: Leftovers
|-fieldend|move: Trick Room
|-fieldend|move: Psychic Terrain
|upkeep
|
|t:|1750709350
|switch|p2a: Necrozma|Necrozma-Dawn-Wings, L50, tera:Normal|100/100
|turn|6
|
|t:|1750709368
|move|p2b: Indeedee|Follow Me|p2b: Indeedee
|-singleturn|p2b: Indeedee|move: Follow Me
|move|p1b: Necrozma|Knock Off|p2b: Indeedee
|-supereffective|p2b: Indeedee
|-damage|p2b: Indeedee|0 fnt
|faint|p2b: Indeedee
|move|p1a: Bastiodon|Body Press|p2a: Necrozma
|-supereffective|p2a: Necrozma
|-damage|p2a: Necrozma|63/100
|move|p2a: Necrozma|Trick Room|p2a: Necrozma
|-fieldstart|move: Trick Room|[of] p2a: Necrozma
|
|-weather|RainDance|[upkeep]
|-heal|p1a: Bastiodon|13/100|[from] item: Leftovers
|upkeep
|turn|7
|
|t:|1750709392
|move|p1a: Bastiodon|Protect|p1a: Bastiodon
|-singleturn|p1a: Bastiodon|Protect
|move|p2a: Necrozma|Photon Geyser|p1b: Necrozma
|-damage|p1b: Necrozma|10/100
|move|p1b: Necrozma|Sunsteel Strike|p2a: Necrozma
|-damage|p2a: Necrozma|12/100
|
|-weather|none
|-heal|p1a: Bastiodon|19/100|[from] item: Leftovers
|upkeep
|turn|8
|-message|MildnesserOne2 forfeited.
|
|win|TrueSquidVGC
|raw|TrueSquidVGC's rating: 1093 &rarr; <strong>1120</strong><br />(+27 for winning)
|raw|MildnesserOne2's rating: 1110 &rarr; <strong>1084</strong><br />(-26 for losing)
|l|☆MildnesserOne2
|player|p2|
|l|☆TrueSquidVGC
|player|p1|
