|j|☆MrsMarxy
|j|☆badbihnamedangela
|t:|1750734386
|gametype|doubles
|player|p1|MrsMarxy|flannery|1160
|player|p2|badbihnamedangela|1|1251
|teamsize|p1|6
|teamsize|p2|6
|gen|9
|tier|[Gen 9] VGC 2025 Reg I
|rated|
|rule|Species Clause: Limit one of each Pokémon
|rule|Item Clause: Limit 1 of each item
|clearpoke
|poke|p1|Volcarona, L50, F|
|poke|p1|Miraidon, L50|
|poke|p1|Calyrex-Ice, L50|
|poke|p1|Grimmsnarl, L50, M|
|poke|p1|Incineroar, L50, M|
|poke|p1|Urshifu-*, L50, F|
|poke|p2|Terapagos, L50, M|
|poke|p2|Calyrex-Shadow, L50|
|poke|p2|Incineroar, L50, F|
|poke|p2|Rillaboom, L50, F|
|poke|p2|Urshifu-*, L50, M|
|poke|p2|Amoonguss, L50, M|
|teampreview|4
|inactive|Battle timer is ON: inactive players will automatically lose when time's up. (requested by MrsMarxy)
|inactive|MrsMarxy has 60 seconds left.
|inactive|badbihnamedangela has 60 seconds left.
|inactive|badbihnamedangela has 30 seconds left.
|
|t:|1750734452
|start
|switch|p1a: E-Bike|Miraidon, L50|100/100
|switch|p1b: Uggo|Grimmsnarl, L50, M|100/100
|switch|p2a: Rillaboom|Rillaboom, L50, F|100/100
|switch|p2b: Urshifu|Urshifu-Rapid-Strike, L50, M|100/100
|-fieldstart|move: Electric Terrain|[from] ability: Hadron Engine|[of] p1a: E-Bike
|-fieldstart|move: Grassy Terrain|[from] ability: Grassy Surge|[of] p2a: Rillaboom
|turn|1
|inactive|MrsMarxy has 30 seconds left.
|
|t:|1750734481
|switch|p2b: Amoonguss|Amoonguss, L50, M|100/100
|switch|p1a: Urshifu|Urshifu-Rapid-Strike, L50, F|100/100
|move|p1b: Uggo|Thunder Wave|p2b: Amoonguss
|-status|p2b: Amoonguss|par
|move|p2a: Rillaboom|U-turn|p1b: Uggo
|-damage|p1b: Uggo|84/100
|
|t:|1750734495
|switch|p2a: Calyrex|Calyrex-Shadow, L50|100/100|[from] U-turn
|-ability|p2a: Calyrex|As One
|-ability|p2a: Calyrex|Unnerve
|
|-heal|p1b: Uggo|90/100|[from] Grassy Terrain
|upkeep
|turn|2
|inactive|MrsMarxy has 30 seconds left.
|inactive|MrsMarxy has 20 seconds left.
|inactive|MrsMarxy has 15 seconds left.
|inactive|badbihnamedangela has 30 seconds left.
|
|t:|1750734555
|switch|p2a: Rillaboom|Rillaboom, L50, F|100/100
|switch|p1a: E-Bike|Miraidon, L50|100/100
|-fieldstart|move: Electric Terrain|[from] ability: Hadron Engine|[of] p1a: E-Bike
|move|p1b: Uggo|Thunder Wave|p2a: Rillaboom
|-status|p2a: Rillaboom|par
|move|p2b: Amoonguss|Pollen Puff|p1b: Uggo
|-damage|p1b: Uggo|69/100
|
|upkeep
|turn|3
|inactive|MrsMarxy has 30 seconds left.
|inactive|badbihnamedangela has 30 seconds left.
|inactive|MrsMarxy has 20 seconds left.
|
|t:|1750734591
|switch|p1b: Urshifu|Urshifu-Rapid-Strike, L50, F|100/100
|move|p2b: Amoonguss|Rage Powder|p2b: Amoonguss
|-singleturn|p2b: Amoonguss|move: Rage Powder
|move|p1a: E-Bike|Volt Switch|p2b: Amoonguss
|-resisted|p2b: Amoonguss
|-damage|p2b: Amoonguss|68/100 par
|
|t:|1750734603
|switch|p1a: Horse|Calyrex-Ice, L50|100/100|[from] Volt Switch
|-ability|p1a: Horse|As One
|-ability|p1a: Horse|Unnerve
|cant|p2a: Rillaboom|par
|
|upkeep
|turn|4
|inactive|badbihnamedangela has 30 seconds left.
|inactive|badbihnamedangela has 20 seconds left.
|inactive|badbihnamedangela has 15 seconds left.
|inactive|badbihnamedangela has 10 seconds left.
|inactive|badbihnamedangela has 5 seconds left.
|
|t:|1750734653
|cant|p2b: Amoonguss|par
|move|p1b: Urshifu|Coaching|p1a: Horse
|-boost|p1a: Horse|atk|1
|-boost|p1a: Horse|def|1
|move|p1a: Horse|Glacial Lance|p2b: Amoonguss|[spread] p2a,p2b
|-supereffective|p2a: Rillaboom
|-supereffective|p2b: Amoonguss
|-damage|p2a: Rillaboom|0 fnt
|-damage|p2b: Amoonguss|0 fnt
|faint|p2a: Rillaboom
|faint|p2b: Amoonguss
|-ability|p1a: Horse|Chilling Neigh|boost
|-boost|p1a: Horse|atk|2
|
|upkeep
|
|t:|1750734664
|switch|p2a: Urshifu|Urshifu-Rapid-Strike, L50, M|100/100
|switch|p2b: Calyrex|Calyrex-Shadow, L50|100/100
|-ability|p2b: Calyrex|As One
|-ability|p2b: Calyrex|Unnerve
|turn|5
|inactive|MrsMarxy has 30 seconds left.
|
|t:|1750734691
|-terastallize|p2b: Calyrex|Ghost
|move|p2b: Calyrex|Astral Barrage|p1b: Urshifu|[spread] p1a,p1b
|-supereffective|p1a: Horse
|-damage|p1a: Horse|8/100
|-damage|p1b: Urshifu|0 fnt
|faint|p1b: Urshifu
|-ability|p2b: Calyrex|Grim Neigh|boost
|-boost|p2b: Calyrex|spa|1
|move|p2a: Urshifu|Close Combat|p1a: Horse
|-damage|p1a: Horse|0 fnt
|-unboost|p2a: Urshifu|def|1
|-unboost|p2a: Urshifu|spd|1
|faint|p1a: Horse
|
|upkeep
|
|t:|1750734703
|switch|p1b: Uggo|Grimmsnarl, L50, M|69/100
|switch|p1a: E-Bike|Miraidon, L50|100/100
|-activate|p1a: E-Bike|ability: Hadron Engine
|turn|6
|inactive|MrsMarxy has 30 seconds left.
|
|t:|1750734729
|move|p1b: Uggo|Fake Tears|p2b: Calyrex
|-unboost|p2b: Calyrex|spd|2
|move|p2b: Calyrex|Astral Barrage|p1b: Uggo|[spread] p1a,p1b
|-resisted|p1b: Uggo
|-damage|p1a: E-Bike|43/100
|-damage|p1b: Uggo|9/100
|move|p2a: Urshifu|Coaching|p2b: Calyrex
|-boost|p2b: Calyrex|atk|1
|-boost|p2b: Calyrex|def|1
|move|p1a: E-Bike|Electro Drift|p2a: Urshifu
|-supereffective|p2a: Urshifu
|-damage|p2a: Urshifu|0 fnt
|faint|p2a: Urshifu
|
|-fieldend|move: Electric Terrain
|upkeep
|turn|7
|inactive|MrsMarxy has 30 seconds left.
|
|t:|1750734758
|move|p1b: Uggo|Thunder Wave|p2b: Calyrex
|-status|p2b: Calyrex|par
|move|p1a: E-Bike|Electro Drift|p2b: Calyrex
|-enditem|p2b: Calyrex|Focus Sash
|-damage|p2b: Calyrex|1/100 par
|move|p2b: Calyrex|Astral Barrage|p1a: E-Bike|[spread] p1a,p1b
|-resisted|p1b: Uggo
|-damage|p1a: E-Bike|0 fnt
|-damage|p1b: Uggo|0 fnt
|faint|p1a: E-Bike
|faint|p1b: Uggo
|
|win|badbihnamedangela
|raw|MrsMarxy's rating: 1160 &rarr; <strong>1141</strong><br />(-19 for losing)
|raw|badbihnamedangela's rating: 1251 &rarr; <strong>1270</strong><br />(+19 for winning)
|c|☆badbihnamedangela|god is good
|c|☆badbihnamedangela|gg
|c|☆MrsMarxy|Holy cow
|c|☆MrsMarxy|the sash!
|c|☆MrsMarxy|gg
|c|☆MrsMarxy|That was a fun one
