|j|☆leathy
|j|☆Carajo666
|t:|1750723435
|gametype|doubles
|player|p1|leathy|cynthia-gen4|1600
|player|p2|Carajo666|roughneck|1541
|teamsize|p1|6
|teamsize|p2|6
|gen|9
|tier|[Gen 9] VGC 2025 Reg I
|rated|
|rule|Species Clause: Limit one of each Pokémon
|rule|Item Clause: Limit 1 of each item
|clearpoke
|poke|p1|Miraidon, L50|
|poke|p1|Calyrex-Ice, L50|
|poke|p1|Drifblim, L50, F|
|poke|p1|Incineroar, L50, F|
|poke|p1|Smeargle, L50, F|
|poke|p1|Primarina, L50, M|
|poke|p2|Lunala, L50|
|poke|p2|Tyranitar, L50, F|
|poke|p2|Amoonguss, L50, M|
|poke|p2|Ho-Oh, L50|
|poke|p2|Excadrill, L50, M|
|poke|p2|Enamorus-Therian, L50, F|
|teampreview|4
|
|t:|1750723476
|start
|switch|p1a: Incineroar|Incineroar, L50, F|100/100
|switch|p1b: Miraidon|Miraidon, L50|100/100
|switch|p2a: Lunala|Lunala, L50|100/100
|switch|p2b: Tyranitar|Tyranitar, L50, F|100/100
|-fieldstart|move: Electric Terrain|[from] ability: Hadron Engine|[of] p1b: Miraidon
|-weather|Sandstorm|[from] ability: Sand Stream|[of] p2b: Tyranitar
|-ability|p1a: Incineroar|Intimidate|boost
|-unboost|p2a: Lunala|atk|1
|-unboost|p2b: Tyranitar|atk|1
|turn|1
|inactive|Battle timer is ON: inactive players will automatically lose when time's up. (requested by Carajo666)
|
|t:|1750723498
|-terastallize|p2a: Lunala|Fairy
|move|p1b: Miraidon|Volt Switch|p2a: Lunala
|-damage|p2a: Lunala|75/100
|-damage|p1b: Miraidon|91/100|[from] item: Life Orb
|
|t:|1750723504
|switch|p1b: Primarina|Primarina, L50, M|100/100|[from] Volt Switch
|move|p2b: Tyranitar|Rock Slide|p1a: Incineroar|[spread] p1a,p1b
|-supereffective|p1a: Incineroar
|-damage|p1a: Incineroar|64/100
|-damage|p1b: Primarina|81/100
|move|p1a: Incineroar|Knock Off|p2a: Lunala
|-resisted|p2a: Lunala
|-damage|p2a: Lunala|60/100
|-enditem|p2a: Lunala|Safety Goggles|[from] move: Knock Off|[of] p1a: Incineroar
|move|p2a: Lunala|Trick Room|p2a: Lunala
|-fieldstart|move: Trick Room|[of] p2a: Lunala
|
|-weather|Sandstorm|[upkeep]
|-damage|p1b: Primarina|75/100|[from] Sandstorm
|-damage|p2a: Lunala|54/100|[from] Sandstorm
|upkeep
|turn|2
|
|t:|1750723526
|move|p1a: Incineroar|Will-O-Wisp|p2b: Tyranitar|[miss]
|-miss|p1a: Incineroar|p2b: Tyranitar
|move|p1b: Primarina|Whirlpool|p2a: Lunala
|-damage|p2a: Lunala|43/100
|-activate|p2a: Lunala|move: Whirlpool|[of] p1b: Primarina
|move|p2b: Tyranitar|Rock Slide|p1a: Incineroar|[spread] p1a,p1b
|-supereffective|p1a: Incineroar
|-damage|p1a: Incineroar|27/100
|-damage|p1b: Primarina|53/100
|move|p2a: Lunala|Moonblast|p1a: Incineroar
|-crit|p1a: Incineroar
|-damage|p1a: Incineroar|0 fnt
|faint|p1a: Incineroar
|
|-weather|Sandstorm|[upkeep]
|-damage|p1b: Primarina|47/100|[from] Sandstorm
|-damage|p2a: Lunala|37/100|[from] Sandstorm
|-enditem|p1b: Primarina|Sitrus Berry|[eat]
|-heal|p1b: Primarina|72/100|[from] item: Sitrus Berry
|-damage|p2a: Lunala|25/100|[from] move: Whirlpool|[partiallytrapped]
|upkeep
|
|t:|1750723544
|switch|p1a: Calyrex|Calyrex-Ice, L50|100/100
|-ability|p1a: Calyrex|As One
|-ability|p1a: Calyrex|Unnerve
|turn|3
|
|t:|1750723557
|move|p1b: Primarina|Protect|p1b: Primarina
|-singleturn|p1b: Primarina|Protect
|move|p2a: Lunala|Wide Guard|p2a: Lunala
|-singleturn|p2a: Lunala|Wide Guard
|move|p1a: Calyrex|Leech Seed|p2b: Tyranitar
|-start|p2b: Tyranitar|move: Leech Seed
|move|p2b: Tyranitar|Knock Off|p1a: Calyrex
|-supereffective|p1a: Calyrex
|-damage|p1a: Calyrex|57/100
|-enditem|p1a: Calyrex|Leftovers|[from] move: Knock Off|[of] p2b: Tyranitar
|
|-weather|Sandstorm|[upkeep]
|-damage|p1a: Calyrex|51/100|[from] Sandstorm
|-damage|p1b: Primarina|66/100|[from] Sandstorm
|-damage|p2a: Lunala|19/100|[from] Sandstorm
|-damage|p2b: Tyranitar|88/100|[from] Leech Seed|[of] p1a: Calyrex
|-heal|p1a: Calyrex|63/100|[silent]
|-damage|p2a: Lunala|6/100|[from] move: Whirlpool|[partiallytrapped]
|upkeep
|turn|4
|
|t:|1750723581
|switch|p2b: Enamorus|Enamorus-Therian, L50, F|100/100
|move|p2a: Lunala|Wide Guard|p2a: Lunala
|-singleturn|p2a: Lunala|Wide Guard
|move|p1a: Calyrex|Glacial Lance|p2b: Enamorus|[spread] 
|-activate|p2a: Lunala|move: Wide Guard
|-activate|p2b: Enamorus|move: Wide Guard
|move|p1b: Primarina|Whirlpool|p2b: Enamorus
|-damage|p2b: Enamorus|86/100
|-activate|p2b: Enamorus|move: Whirlpool|[of] p1b: Primarina
|
|-weather|Sandstorm|[upkeep]
|-damage|p1a: Calyrex|58/100|[from] Sandstorm
|-damage|p1b: Primarina|60/100|[from] Sandstorm
|-damage|p2a: Lunala|0 fnt|[from] Sandstorm
|faint|p2a: Lunala
|-damage|p2b: Enamorus|73/100|[from] move: Whirlpool|[partiallytrapped]
|upkeep
|
|t:|1750723595
|switch|p2a: Excadrill|Excadrill, L50, M|100/100
|turn|5
|
|t:|1750723619
|-terastallize|p1a: Calyrex|Water
|move|p2a: Excadrill|Protect|p2a: Excadrill
|-singleturn|p2a: Excadrill|Protect
|move|p2b: Enamorus|Dazzling Gleam|p1a: Calyrex|[spread] p1a,p1b
|-damage|p1a: Calyrex|27/100
|-damage|p1b: Primarina|19/100
|move|p1a: Calyrex|Glacial Lance|p2a: Excadrill|[spread] p2b
|-activate|p2a: Excadrill|move: Protect
|-supereffective|p2b: Enamorus
|-damage|p2b: Enamorus|0 fnt
|faint|p2b: Enamorus
|-ability|p1a: Calyrex|Chilling Neigh|boost
|-boost|p1a: Calyrex|atk|1
|move|p1b: Primarina|Chilling Water|p2a: Excadrill
|-activate|p2a: Excadrill|move: Protect
|
|-weather|none
|-fieldend|move: Trick Room
|-fieldend|move: Electric Terrain
|upkeep
|
|t:|1750723627
|switch|p2b: Tyranitar|Tyranitar, L50, F|88/100
|-weather|Sandstorm|[from] ability: Sand Stream|[of] p2b: Tyranitar
|turn|6
|inactive|leathy has 30 seconds left.
|inactive|leathy has 20 seconds left.
|
|t:|1750723666
|move|p1a: Calyrex|Protect|p1a: Calyrex
|-singleturn|p1a: Calyrex|Protect
|move|p2a: Excadrill|Iron Head|p1b: Primarina
|-damage|p1b: Primarina|0 fnt
|faint|p1b: Primarina
|move|p2b: Tyranitar|Low Kick|p1a: Calyrex
|-activate|p1a: Calyrex|move: Protect
|
|-weather|Sandstorm|[upkeep]
|-damage|p1a: Calyrex|21/100|[from] Sandstorm
|upkeep
|
|t:|1750723675
|switch|p1b: Miraidon|Miraidon, L50|91/100
|-fieldstart|move: Electric Terrain|[from] ability: Hadron Engine|[of] p1b: Miraidon
|turn|7
|-message|leathy forfeited.
|
|win|Carajo666
|raw|leathy's rating: 1600 &rarr; <strong>1577</strong><br />(-23 for losing)
|raw|Carajo666's rating: 1541 &rarr; <strong>1564</strong><br />(+23 for winning)
|l|☆leathy
|player|p1|
|l|☆Carajo666
|player|p2|
