|j|☆Dalucks89
|j|☆yufish123
|t:|1750860767
|gametype|doubles
|player|p1|Dalucks89|hiker-gen4|1433
|player|p2|yufish123|170|1477
|teamsize|p1|6
|teamsize|p2|6
|gen|9
|tier|[Gen 9] VGC 2025 Reg I
|rated|
|rule|Species Clause: Limit one of each Pokémon
|rule|Item Clause: Limit 1 of each item
|clearpoke
|poke|p1|Kyogre, L50|
|poke|p1|Incineroar, L50, F|
|poke|p1|Bronzong, L50|
|poke|p1|Calyrex-Ice, L50|
|poke|p1|Flutter Mane, L50|
|poke|p1|Archaludon, L50, F|
|poke|p2|Tornadus, L50, M|
|poke|p2|Farigiraf, L50, F|
|poke|p2|Urshifu-*, L50, F|
|poke|p2|Kyogre, L50|
|poke|p2|Zacian-*, L50|
|poke|p2|Rillaboom, L50, F|
|teampreview|4
|
|t:|1750860780
|start
|switch|p1a: Incineroar|Incineroar, L50, F|100/100
|switch|p1b: Bronzong|Bronzong, L50, shiny|100/100
|switch|p2a: Tornadus|Tornadus, L50, M|100/100
|switch|p2b: Zacian|Zacian-Crowned, L50|100/100
|-ability|p2b: Zacian|Intrepid Sword|boost
|-boost|p2b: Zacian|atk|1
|-ability|p1a: Incineroar|Intimidate|boost
|-unboost|p2a: Tornadus|atk|1
|-unboost|p2b: Zacian|atk|1
|turn|1
|inactive|Battle timer is ON: inactive players will automatically lose when time's up. (requested by yufish123)
|inactive|Dalucks89 has 60 seconds left.
|
|t:|1750860821
|switch|p2a: Farigiraf|Farigiraf, L50, F|100/100
|move|p2b: Zacian|Sacred Sword|p1a: Incineroar
|-supereffective|p1a: Incineroar
|-damage|p1a: Incineroar|29/100
|move|p1a: Incineroar|Parting Shot|p2b: Zacian
|-unboost|p2b: Zacian|atk|1
|-unboost|p2b: Zacian|spa|1
|
|t:|1750860829
|switch|p1a: Calyrex|Calyrex-Ice, L50|100/100|[from] Parting Shot
|-ability|p1a: Calyrex|As One
|-ability|p1a: Calyrex|Unnerve
|move|p1b: Bronzong|Trick Room|p1b: Bronzong
|-fieldstart|move: Trick Room|[of] p1b: Bronzong
|
|upkeep
|turn|2
|inactive|Dalucks89 has 30 seconds left.
|
|t:|1750860862
|switch|p1b: Incineroar|Incineroar, L50, F|29/100
|-ability|p1b: Incineroar|Intimidate|boost
|-unboost|p2a: Farigiraf|atk|1
|-unboost|p2b: Zacian|atk|1
|move|p1a: Calyrex|Glacial Lance|p2a: Farigiraf|[spread] p2a,p2b
|-resisted|p2b: Zacian
|-damage|p2a: Farigiraf|41/100
|-damage|p2b: Zacian|74/100
|move|p2b: Zacian|Behemoth Blade|p1a: Calyrex
|-supereffective|p1a: Calyrex
|-damage|p1a: Calyrex|66/100
|move|p2a: Farigiraf|Trick Room|p2a: Farigiraf
|-fieldend|move: Trick Room
|
|upkeep
|turn|3
|inactive|yufish123 has 30 seconds left.
|
|t:|1750860891
|switch|p2a: Tornadus|Tornadus, L50, M|100/100
|move|p2b: Zacian|Sacred Sword|p1b: Incineroar
|-supereffective|p1b: Incineroar
|-damage|p1b: Incineroar|0 fnt
|faint|p1b: Incineroar
|move|p1a: Calyrex|Glacial Lance|p2b: Zacian|[spread] p2a,p2b
|-supereffective|p2a: Tornadus
|-resisted|p2b: Zacian
|-enditem|p2a: Tornadus|Focus Sash
|-damage|p2a: Tornadus|1/100
|-damage|p2b: Zacian|44/100
|
|upkeep
|
|t:|1750860903
|switch|p1b: Bronzong|Bronzong, L50, shiny|100/100
|turn|4
|
|t:|1750860920
|move|p2b: Zacian|Behemoth Blade|p1a: Calyrex
|-supereffective|p1a: Calyrex
|-damage|p1a: Calyrex|28/100
|move|p2a: Tornadus|Bleakwind Storm|p1b: Bronzong|[spread] p1b
|-miss|p2a: Tornadus|p1a: Calyrex
|-resisted|p1b: Bronzong
|-damage|p1b: Bronzong|88/100
|move|p1a: Calyrex|Glacial Lance|p2a: Tornadus|[spread] p2a,p2b
|-supereffective|p2a: Tornadus
|-resisted|p2b: Zacian
|-damage|p2a: Tornadus|0 fnt
|-damage|p2b: Zacian|14/100
|faint|p2a: Tornadus
|-ability|p1a: Calyrex|Chilling Neigh|boost
|-boost|p1a: Calyrex|atk|1
|move|p1b: Bronzong|Trick Room|p1b: Bronzong
|-fieldstart|move: Trick Room|[of] p1b: Bronzong
|
|upkeep
|
|t:|1750860938
|switch|p2a: Farigiraf|Farigiraf, L50, F|41/100
|turn|5
|-message|yufish123 forfeited.
|
|win|Dalucks89
|raw|Dalucks89's rating: 1433 &rarr; <strong>1456</strong><br />(+23 for winning)
|raw|yufish123's rating: 1477 &rarr; <strong>1454</strong><br />(-23 for losing)
|l|☆yufish123
|player|p2|
|l|☆Dalucks89
|player|p1|
