|j|☆WeWantBreathOfFire
|j|☆BlackLocks
|t:|1750771929
|gametype|doubles
|player|p1|WeWantBreathOfFire|pryce|1628
|player|p2|BlackLocks|hugh|1552
|teamsize|p1|6
|teamsize|p2|6
|gen|9
|tier|[Gen 9] VGC 2025 Reg I
|rated|
|rule|Species Clause: Limit one of each Pokémon
|rule|Item Clause: Limit 1 of each item
|clearpoke
|poke|p1|Rillaboom, L50, F|
|poke|p1|Urshifu-*, L50, M|
|poke|p1|Eternatus, L50|
|poke|p1|Kyogre, L50|
|poke|p1|Incineroar, L50, M|
|poke|p1|Dragapult, L50, F|
|poke|p2|Calyrex-Shadow, L50|
|poke|p2|Zamazenta-*, L50|
|poke|p2|Urshifu-*, L50, F|
|poke|p2|Chien-Pao, L50|
|poke|p2|Amoonguss, L50, F|
|poke|p2|Tornadus, L50, M|
|teampreview|4
|inactive|Battle timer is ON: inactive players will automatically lose when time's up. (requested by BlackLocks)
|
|t:|1750771973
|start
|switch|p1a: Eternatus|Eternatus, L50|100/100
|switch|p1b: Dragapult|Dragapult, L50, F|100/100
|switch|p2a: Amoonguss|Amoonguss, L50, F|100/100
|switch|p2b: Zamazenta|Zamazenta-Crowned, L50|100/100
|-ability|p2b: Zamazenta|Dauntless Shield|boost
|-boost|p2b: Zamazenta|def|1
|-ability|p1a: Eternatus|Pressure
|turn|1
|
|t:|1750771987
|move|p1b: Dragapult|Protect|p1b: Dragapult
|-singleturn|p1b: Dragapult|Protect
|move|p2b: Zamazenta|Body Press|p1a: Eternatus
|-resisted|p1a: Eternatus
|-damage|p1a: Eternatus|81/100
|move|p1a: Eternatus|Substitute|p1a: Eternatus
|-start|p1a: Eternatus|Substitute
|-damage|p1a: Eternatus|56/100
|move|p2a: Amoonguss|Spore|p1b: Dragapult
|-activate|p1b: Dragapult|move: Protect
|
|-heal|p1a: Eternatus|62/100|[from] item: Leftovers
|upkeep
|turn|2
|
|t:|1750772006
|move|p1b: Dragapult|Disable|p2a: Amoonguss
|-start|p2a: Amoonguss|Disable|Spore
|move|p2b: Zamazenta|Behemoth Bash|p1b: Dragapult
|-damage|p1b: Dragapult|53/100
|move|p1a: Eternatus|Cosmic Power|p1a: Eternatus
|-boost|p1a: Eternatus|def|1
|-boost|p1a: Eternatus|spd|1
|cant|p2a: Amoonguss|Disable|Spore
|
|-heal|p1a: Eternatus|69/100|[from] item: Leftovers
|upkeep
|turn|3
|
|t:|1750772023
|move|p1b: Dragapult|Disable|p2b: Zamazenta
|-start|p2b: Zamazenta|Disable|Behemoth Bash
|cant|p2b: Zamazenta|Disable|Behemoth Bash
|move|p1a: Eternatus|Cosmic Power|p1a: Eternatus
|-boost|p1a: Eternatus|def|1
|-boost|p1a: Eternatus|spd|1
|move|p2a: Amoonguss|Sludge Bomb|p1b: Dragapult
|-resisted|p1b: Dragapult
|-damage|p1b: Dragapult|37/100
|
|-heal|p1a: Eternatus|75/100|[from] item: Leftovers
|upkeep
|turn|4
|inactive|BlackLocks has 30 seconds left.
|
|t:|1750772049
|switch|p2b: Urshifu|Urshifu-Rapid-Strike, L50, F|100/100
|switch|p2a: Calyrex|Calyrex-Shadow, L50|100/100
|-ability|p2a: Calyrex|As One
|-ability|p2a: Calyrex|Unnerve
|move|p1b: Dragapult|Will-O-Wisp|p2b: Urshifu
|-status|p2b: Urshifu|brn
|move|p1a: Eternatus|Cosmic Power|p1a: Eternatus
|-boost|p1a: Eternatus|def|1
|-boost|p1a: Eternatus|spd|1
|
|-heal|p1a: Eternatus|81/100|[from] item: Leftovers
|-damage|p2b: Urshifu|94/100 brn|[from] brn
|upkeep
|turn|5
|inactive|WeWantBreathOfFire has 30 seconds left.
|inactive|WeWantBreathOfFire has 20 seconds left.
|
|t:|1750772087
|switch|p1b: Incineroar|Incineroar, L50, M|100/100
|-ability|p1b: Incineroar|Intimidate|boost
|-unboost|p2a: Calyrex|atk|1
|-unboost|p2b: Urshifu|atk|1
|-terastallize|p1a: Eternatus|Dark
|move|p2b: Urshifu|Surging Strikes|p1a: Eternatus
|-crit|p1a: Eternatus
|-activate|p1a: Eternatus|move: Substitute|[damage]
|-crit|p1a: Eternatus
|-activate|p1a: Eternatus|move: Substitute|[damage]
|-crit|p1a: Eternatus
|-activate|p1a: Eternatus|move: Substitute|[damage]
|-hitcount|p1a: Eternatus|3
|move|p2a: Calyrex|Astral Barrage|p1b: Incineroar|[spread] p1a,p1b
|-resisted|p1a: Eternatus
|-end|p1a: Eternatus|Substitute
|-resisted|p1b: Incineroar
|-damage|p1b: Incineroar|68/100
|-damage|p2a: Calyrex|91/100|[from] item: Life Orb
|move|p1a: Eternatus|Sludge Bomb|p2a: Calyrex
|-resisted|p2a: Calyrex
|-damage|p2a: Calyrex|70/100
|
|-heal|p1a: Eternatus|87/100|[from] item: Leftovers
|-damage|p2b: Urshifu|88/100 brn|[from] brn
|upkeep
|turn|6
|
|t:|1750772111
|-terastallize|p2a: Calyrex|Fairy
|move|p1b: Incineroar|Fake Out|p2b: Urshifu
|-damage|p2b: Urshifu|78/100 brn
|cant|p2b: Urshifu|flinch
|move|p2a: Calyrex|Astral Barrage|p1b: Incineroar|[spread] p1a,p1b
|-resisted|p1a: Eternatus
|-resisted|p1b: Incineroar
|-damage|p1a: Eternatus|76/100
|-damage|p1b: Incineroar|31/100
|-damage|p2a: Calyrex|61/100|[from] item: Life Orb
|move|p1a: Eternatus|Sludge Bomb|p2b: Urshifu
|-damage|p2b: Urshifu|24/100 brn
|
|-heal|p1a: Eternatus|82/100|[from] item: Leftovers
|-damage|p2b: Urshifu|18/100 brn|[from] brn
|upkeep
|turn|7
|
|t:|1750772129
|switch|p2b: Zamazenta|Zamazenta-Crowned, L50|100/100
|move|p2a: Calyrex|Astral Barrage|p1a: Eternatus|[spread] p1a,p1b
|-resisted|p1a: Eternatus
|-resisted|p1b: Incineroar
|-damage|p1a: Eternatus|71/100
|-damage|p1b: Incineroar|0 fnt
|faint|p1b: Incineroar
|-ability|p2a: Calyrex|Grim Neigh|boost
|-boost|p2a: Calyrex|spa|1
|-damage|p2a: Calyrex|51/100|[from] item: Life Orb
|move|p1a: Eternatus|Sludge Bomb|p2a: Calyrex
|-supereffective|p2a: Calyrex
|-damage|p2a: Calyrex|0 fnt
|faint|p2a: Calyrex
|
|-heal|p1a: Eternatus|77/100|[from] item: Leftovers
|upkeep
|
|t:|1750772144
|switch|p2a: Urshifu|Urshifu-Rapid-Strike, L50, F|18/100 brn
|switch|p1b: Kyogre|Kyogre, L50|100/100
|-weather|RainDance|[from] ability: Drizzle|[of] p1b: Kyogre
|turn|8
|
|t:|1750772155
|move|p1b: Kyogre|Thunder|p2a: Urshifu
|-supereffective|p2a: Urshifu
|-damage|p2a: Urshifu|0 fnt
|faint|p2a: Urshifu
|move|p2b: Zamazenta|Body Press|p1a: Eternatus
|-supereffective|p1a: Eternatus
|-damage|p1a: Eternatus|56/100
|move|p1a: Eternatus|Recover|p1a: Eternatus
|-heal|p1a: Eternatus|100/100
|
|-weather|RainDance|[upkeep]
|upkeep
|
|t:|1750772164
|switch|p2a: Amoonguss|Amoonguss, L50, F|100/100
|turn|9
|
|t:|1750772169
|move|p1b: Kyogre|Thunder|p2b: Zamazenta
|-damage|p2b: Zamazenta|67/100
|move|p2b: Zamazenta|Body Press|p1b: Kyogre
|-damage|p1b: Kyogre|50/100
|move|p1a: Eternatus|Substitute|p1a: Eternatus
|-start|p1a: Eternatus|Substitute
|-damage|p1a: Eternatus|76/100
|move|p2a: Amoonguss|Spore|p1b: Kyogre
|-status|p1b: Kyogre|slp|[from] move: Spore
|
|-weather|RainDance|[upkeep]
|-heal|p1a: Eternatus|82/100|[from] item: Leftovers
|upkeep
|turn|10
|
|t:|1750772187
|cant|p1b: Kyogre|slp
|move|p2b: Zamazenta|Body Press|p1b: Kyogre
|-damage|p1b: Kyogre|0 fnt
|faint|p1b: Kyogre
|move|p1a: Eternatus|Cosmic Power|p1a: Eternatus
|-boost|p1a: Eternatus|def|1
|-boost|p1a: Eternatus|spd|1
|move|p2a: Amoonguss|Sludge Bomb|p1a: Eternatus
|-activate|p1a: Eternatus|move: Substitute|[damage]
|
|-weather|RainDance|[upkeep]
|-heal|p1a: Eternatus|88/100|[from] item: Leftovers
|upkeep
|
|t:|1750772190
|switch|p1b: Dragapult|Dragapult, L50, F|37/100
|turn|11
|
|t:|1750772208
|move|p1b: Dragapult|Protect|p1b: Dragapult
|-singleturn|p1b: Dragapult|Protect
|move|p2a: Amoonguss|Protect|p2a: Amoonguss
|-singleturn|p2a: Amoonguss|Protect
|move|p2b: Zamazenta|Behemoth Bash|p1b: Dragapult
|-activate|p1b: Dragapult|move: Protect
|move|p1a: Eternatus|Cosmic Power|p1a: Eternatus
|-boost|p1a: Eternatus|def|1
|-boost|p1a: Eternatus|spd|1
|
|-weather|RainDance|[upkeep]
|-heal|p1a: Eternatus|94/100|[from] item: Leftovers
|upkeep
|turn|12
|
|t:|1750772227
|move|p1b: Dragapult|Will-O-Wisp|p2b: Zamazenta
|-status|p2b: Zamazenta|brn
|move|p2b: Zamazenta|Body Press|p1a: Eternatus
|-supereffective|p1a: Eternatus
|-activate|p1a: Eternatus|move: Substitute|[damage]
|move|p1a: Eternatus|Cosmic Power|p1a: Eternatus
|-boost|p1a: Eternatus|def|1
|-boost|p1a: Eternatus|spd|1
|move|p2a: Amoonguss|Sludge Bomb|p1b: Dragapult
|-resisted|p1b: Dragapult
|-damage|p1b: Dragapult|20/100
|
|-weather|none
|-heal|p1a: Eternatus|99/100|[from] item: Leftovers
|-damage|p2b: Zamazenta|61/100 brn|[from] brn
|upkeep
|turn|13
|inactive|BlackLocks has 30 seconds left.
|
|t:|1750772257
|move|p1b: Dragapult|Protect|p1b: Dragapult
|-singleturn|p1b: Dragapult|Protect
|move|p2b: Zamazenta|Behemoth Bash|p1b: Dragapult
|-activate|p1b: Dragapult|move: Protect
|move|p1a: Eternatus|Sludge Bomb|p2a: Amoonguss
|-damage|p2a: Amoonguss|62/100
|move|p2a: Amoonguss|Spore|p1b: Dragapult
|-activate|p1b: Dragapult|move: Protect
|
|-heal|p1a: Eternatus|100/100|[from] item: Leftovers
|-damage|p2b: Zamazenta|55/100 brn|[from] brn
|upkeep
|turn|14
|
|t:|1750772268
|move|p2a: Amoonguss|Rage Powder|p2a: Amoonguss
|-singleturn|p2a: Amoonguss|move: Rage Powder
|move|p1b: Dragapult|Draco Meteor|p2a: Amoonguss
|-damage|p2a: Amoonguss|23/100
|-unboost|p1b: Dragapult|spa|2
|-enditem|p1b: Dragapult|White Herb
|-clearnegativeboost|p1b: Dragapult|[silent]
|move|p2b: Zamazenta|Behemoth Bash|p1b: Dragapult
|-damage|p1b: Dragapult|0 fnt
|faint|p1b: Dragapult
|move|p1a: Eternatus|Sludge Bomb|p2a: Amoonguss
|-damage|p2a: Amoonguss|0 fnt
|faint|p2a: Amoonguss
|
|-damage|p2b: Zamazenta|49/100 brn|[from] brn
|upkeep
|turn|15
|
|t:|1750772279
|move|p2b: Zamazenta|Body Press|p1a: Eternatus
|-supereffective|p1a: Eternatus
|-activate|p1a: Eternatus|move: Substitute|[damage]
|move|p1a: Eternatus|Cosmic Power|p1a: Eternatus
|-boost|p1a: Eternatus|def|0
|-boost|p1a: Eternatus|spd|0
|
|-damage|p2b: Zamazenta|43/100 brn|[from] brn
|upkeep
|turn|16
|
|t:|1750772283
|move|p2b: Zamazenta|Body Press|p1a: Eternatus
|-supereffective|p1a: Eternatus
|-end|p1a: Eternatus|Substitute
|move|p1a: Eternatus|Cosmic Power|p1a: Eternatus
|-boost|p1a: Eternatus|def|0
|-boost|p1a: Eternatus|spd|0
|
|-damage|p2b: Zamazenta|37/100 brn|[from] brn
|upkeep
|turn|17
|
|t:|1750772286
|move|p2b: Zamazenta|Body Press|p1a: Eternatus
|-supereffective|p1a: Eternatus
|-damage|p1a: Eternatus|94/100
|move|p1a: Eternatus|Substitute|p1a: Eternatus
|-start|p1a: Eternatus|Substitute
|-damage|p1a: Eternatus|69/100
|
|-heal|p1a: Eternatus|75/100|[from] item: Leftovers
|-damage|p2b: Zamazenta|31/100 brn|[from] brn
|upkeep
|turn|18
|
|t:|1750772289
|move|p2b: Zamazenta|Body Press|p1a: Eternatus
|-supereffective|p1a: Eternatus
|-activate|p1a: Eternatus|move: Substitute|[damage]
|move|p1a: Eternatus|Cosmic Power|p1a: Eternatus
|-boost|p1a: Eternatus|def|0
|-boost|p1a: Eternatus|spd|0
|
|-heal|p1a: Eternatus|81/100|[from] item: Leftovers
|-damage|p2b: Zamazenta|25/100 brn|[from] brn
|upkeep
|turn|19
|
|t:|1750772292
|move|p2b: Zamazenta|Behemoth Bash|p1a: Eternatus
|-activate|p1a: Eternatus|move: Substitute|[damage]
|move|p1a: Eternatus|Cosmic Power|p1a: Eternatus
|-boost|p1a: Eternatus|def|0
|-boost|p1a: Eternatus|spd|0
|
|-heal|p1a: Eternatus|88/100|[from] item: Leftovers
|-damage|p2b: Zamazenta|19/100 brn|[from] brn
|upkeep
|turn|20
|
|t:|1750772300
|move|p2b: Zamazenta|Behemoth Bash|p1a: Eternatus
|-activate|p1a: Eternatus|move: Substitute|[damage]
|move|p1a: Eternatus|Cosmic Power|p1a: Eternatus
|-boost|p1a: Eternatus|def|0
|-boost|p1a: Eternatus|spd|0
|
|-heal|p1a: Eternatus|94/100|[from] item: Leftovers
|-damage|p2b: Zamazenta|13/100 brn|[from] brn
|upkeep
|turn|21
|inactive|BlackLocks has 30 seconds left.
|inactive|BlackLocks has 20 seconds left.
|inactive|BlackLocks has 15 seconds left.
|inactive|BlackLocks has 10 seconds left.
|inactive|BlackLocks has 5 seconds left.
|
|t:|1750772355
|move|p2b: Zamazenta|Wide Guard|p2b: Zamazenta
|-singleturn|p2b: Zamazenta|Wide Guard
|move|p1a: Eternatus|Cosmic Power|p1a: Eternatus
|-boost|p1a: Eternatus|def|0
|-boost|p1a: Eternatus|spd|0
|
|-heal|p1a: Eternatus|99/100|[from] item: Leftovers
|-damage|p2b: Zamazenta|7/100 brn|[from] brn
|upkeep
|turn|22
|inactive|BlackLocks has 30 seconds left.
|c|☆BlackLocks|eternatus stall player
|inactive|BlackLocks has 20 seconds left.
|c|☆BlackLocks|yikes
|-message|BlackLocks forfeited.
|
|win|WeWantBreathOfFire
|raw|WeWantBreathOfFire's rating: 1628 &rarr; <strong>1644</strong><br />(+16 for winning)
|raw|BlackLocks's rating: 1552 &rarr; <strong>1536</strong><br />(-16 for losing)
|l|☆WeWantBreathOfFire
|player|p1|
