|j|☆roykeenkennedy
|j|☆bayo93
|t:|1750749959
|gametype|doubles
|player|p1|roykeenkennedy|alder|1626
|player|p2|bayo93|169|1538
|teamsize|p1|6
|teamsize|p2|6
|gen|9
|tier|[Gen 9] VGC 2025 Reg I
|rated|
|rule|Species Clause: Limit one of each Pokémon
|rule|Item Clause: Limit 1 of each item
|clearpoke
|poke|p1|Ninetales-Alola, L50, M|
|poke|p1|Calyrex-Ice, L50|
|poke|p1|Miraidon, L50|
|poke|p1|Roaring Moon, L50|
|poke|p1|Annihilape, L50, M|
|poke|p1|Smeargle, L50, M|
|poke|p2|Kyogre, L50|
|poke|p2|Zacian-*, L50|
|poke|p2|Tornadus, L50, M|
|poke|p2|Landorus, L50, M|
|poke|p2|Chien-Pao, L50|
|poke|p2|Amoonguss, L50, F|
|teampreview|4
|
|t:|1750750011
|start
|switch|p1a: Smeargle|Smeargle, L50, M|100/100
|switch|p1b: Miraidon|Miraidon, L50|100/100
|switch|p2a: Tornadus|Tornadus, L50, M|100/100
|switch|p2b: Zacian|Zacian-Crowned, L50|100/100
|-ability|p2b: Zacian|Intrepid Sword|boost
|-boost|p2b: Zacian|atk|1
|-fieldstart|move: Electric Terrain|[from] ability: Hadron Engine|[of] p1b: Miraidon
|turn|1
|
|t:|1750750030
|move|p2b: Zacian|Protect|p2b: Zacian
|-singleturn|p2b: Zacian|Protect
|move|p1a: Smeargle|Fake Out|p2b: Zacian
|-activate|p2b: Zacian|move: Protect
|move|p2a: Tornadus|Taunt|p1a: Smeargle
|-start|p1a: Smeargle|move: Taunt
|move|p1b: Miraidon|Volt Switch|p2a: Tornadus
|-supereffective|p2a: Tornadus
|-damage|p2a: Tornadus|0 fnt
|faint|p2a: Tornadus
|-damage|p1b: Miraidon|91/100|[from] item: Life Orb
|
|t:|1750750046
|switch|p1b: Calyrex|Calyrex-Ice, L50|100/100|[from] Volt Switch
|-ability|p1b: Calyrex|As One
|-ability|p1b: Calyrex|Unnerve
|
|-ability|p1a: Smeargle|Moody|boost
|-boost|p1a: Smeargle|spe|2
|-unboost|p1a: Smeargle|spd|1
|upkeep
|
|t:|1750750050
|switch|p2a: Kyogre|Kyogre, L50|100/100
|-weather|RainDance|[from] ability: Drizzle|[of] p2a: Kyogre
|turn|2
|
|t:|1750750071
|switch|p1a: Ninetales|Ninetales-Alola, L50, M|100/100
|-weather|Snowscape|[from] ability: Snow Warning|[of] p1a: Ninetales
|-terastallize|p1b: Calyrex|Electric
|move|p2b: Zacian|Behemoth Blade|p1b: Calyrex
|-resisted|p1b: Calyrex
|-damage|p1b: Calyrex|73/100
|move|p2a: Kyogre|Water Spout|p1b: Calyrex|[spread] p1a,p1b
|-damage|p1a: Ninetales|19/100
|-damage|p1b: Calyrex|35/100
|move|p1b: Calyrex|Tera Blast|p2a: Kyogre|[anim] Tera Blast Electric
|-supereffective|p2a: Kyogre
|-damage|p2a: Kyogre|0 fnt
|faint|p2a: Kyogre
|-ability|p1b: Calyrex|Chilling Neigh|boost
|-boost|p1b: Calyrex|atk|1
|
|-weather|Snowscape|[upkeep]
|upkeep
|
|t:|1750750082
|switch|p2a: Amoonguss|Amoonguss, L50, F|100/100
|turn|3
|
|t:|1750750109
|move|p2b: Zacian|Play Rough|p1b: Calyrex
|-damage|p1b: Calyrex|0 fnt
|faint|p1b: Calyrex
|move|p1a: Ninetales|Icy Wind|p2a: Amoonguss|[spread] p2a,p2b
|-supereffective|p2a: Amoonguss
|-resisted|p2b: Zacian
|-damage|p2a: Amoonguss|79/100
|-damage|p2b: Zacian|95/100
|-unboost|p2a: Amoonguss|spe|1
|-unboost|p2b: Zacian|spe|1
|move|p2a: Amoonguss|Spore|p1a: Ninetales
|-activate|p1a: Ninetales|move: Electric Terrain
|
|-weather|Snowscape|[upkeep]
|upkeep
|
|t:|1750750124
|switch|p1b: Miraidon|Miraidon, L50|91/100
|-activate|p1b: Miraidon|ability: Hadron Engine
|turn|4
|
|t:|1750750133
|move|p2b: Zacian|Protect|p2b: Zacian
|-singleturn|p2b: Zacian|Protect
|move|p2a: Amoonguss|Protect|p2a: Amoonguss
|-singleturn|p2a: Amoonguss|Protect
|move|p1a: Ninetales|Aurora Veil|p1a: Ninetales
|-sidestart|p1: roykeenkennedy|move: Aurora Veil
|move|p1b: Miraidon|Volt Switch|p2a: Amoonguss
|-activate|p2a: Amoonguss|move: Protect
|
|-weather|Snowscape|[upkeep]
|upkeep
|turn|5
|inactive|Battle timer is ON: inactive players will automatically lose when time's up. (requested by roykeenkennedy)
|
|t:|1750750196
|move|p2a: Amoonguss|Rage Powder|p2a: Amoonguss
|-singleturn|p2a: Amoonguss|move: Rage Powder
|move|p1a: Ninetales|Encore|p2a: Amoonguss
|-start|p2a: Amoonguss|Encore
|-enditem|p2a: Amoonguss|Mental Herb
|-end|p2a: Amoonguss|Encore
|move|p1b: Miraidon|Volt Switch|p2a: Amoonguss
|-resisted|p2a: Amoonguss
|-damage|p2a: Amoonguss|43/100
|-damage|p1b: Miraidon|81/100|[from] item: Life Orb
|
|t:|1750750206
|switch|p1b: Smeargle|Smeargle, L50, M|100/100|[from] Volt Switch
|move|p2b: Zacian|Behemoth Blade|p1b: Smeargle
|-enditem|p1b: Smeargle|Focus Sash
|-damage|p1b: Smeargle|1/100
|
|-weather|Snowscape|[upkeep]
|-fieldend|move: Electric Terrain
|-ability|p1b: Smeargle|Moody|boost
|-boost|p1b: Smeargle|spe|2
|-unboost|p1b: Smeargle|spa|1
|upkeep
|turn|6
|inactive|bayo93 has 30 seconds left.
|inactive|bayo93 has 20 seconds left.
|inactive|bayo93 has 15 seconds left.
|
|t:|1750750247
|move|p2b: Zacian|Protect|p2b: Zacian
|-singleturn|p2b: Zacian|Protect
|move|p2a: Amoonguss|Protect|p2a: Amoonguss
|-singleturn|p2a: Amoonguss|Protect
|move|p1b: Smeargle|Fake Out|p2b: Zacian
|-activate|p2b: Zacian|move: Protect
|move|p1a: Ninetales|Icy Wind|p2a: Amoonguss|[spread] 
|-activate|p2a: Amoonguss|move: Protect
|-activate|p2b: Zacian|move: Protect
|
|-weather|none
|-ability|p1b: Smeargle|Moody|boost
|-boost|p1b: Smeargle|spd|2
|-unboost|p1b: Smeargle|spa|1
|upkeep
|turn|7
|
|t:|1750750271
|move|p2a: Amoonguss|Rage Powder|p2a: Amoonguss
|-singleturn|p2a: Amoonguss|move: Rage Powder
|move|p1b: Smeargle|Decorate|p2a: Amoonguss
|-boost|p2a: Amoonguss|atk|2
|-boost|p2a: Amoonguss|spa|2
|move|p1a: Ninetales|Icy Wind|p2b: Zacian|[spread] p2a,p2b
|-supereffective|p2a: Amoonguss
|-resisted|p2b: Zacian
|-damage|p2a: Amoonguss|23/100
|-damage|p2b: Zacian|90/100
|-unboost|p2a: Amoonguss|spe|1
|-unboost|p2b: Zacian|spe|1
|move|p2b: Zacian|Behemoth Blade|p1a: Ninetales
|-supereffective|p1a: Ninetales
|-damage|p1a: Ninetales|0 fnt
|faint|p1a: Ninetales
|
|-ability|p1b: Smeargle|Moody|boost
|-boost|p1b: Smeargle|atk|2
|-unboost|p1b: Smeargle|def|1
|upkeep
|j| Xxip
|
|t:|1750750291
|switch|p1a: Miraidon|Miraidon, L50|81/100
|-fieldstart|move: Electric Terrain|[from] ability: Hadron Engine|[of] p1a: Miraidon
|turn|8
|l| Xxip
|inactive|bayo93 has 30 seconds left.
|inactive|bayo93 has 20 seconds left.
|
|t:|1750750335
|move|p2b: Zacian|Protect|p2b: Zacian
|-singleturn|p2b: Zacian|Protect
|move|p2a: Amoonguss|Protect|p2a: Amoonguss
|-singleturn|p2a: Amoonguss|Protect
|move|p1b: Smeargle|Follow Me|p1b: Smeargle
|-singleturn|p1b: Smeargle|move: Follow Me
|move|p1a: Miraidon|Volt Switch|p2a: Amoonguss
|-activate|p2a: Amoonguss|move: Protect
|
|-ability|p1b: Smeargle|Moody|boost
|-boost|p1b: Smeargle|spe|2
|-unboost|p1b: Smeargle|spd|1
|upkeep
|turn|9
|c|☆roykeenkennedy|You double protect too much
|inactive|roykeenkennedy has 30 seconds left.
|inactive|bayo93 has 30 seconds left.
|inactive|roykeenkennedy has 20 seconds left.
|inactive|bayo93 has 20 seconds left.
|c|☆roykeenkennedy|Single protect and attack smeargle was your out
|inactive|roykeenkennedy has 15 seconds left.
|inactive|bayo93 has 15 seconds left.
|inactive|bayo93 has 10 seconds left.
|
|t:|1750750384
|move|p1b: Smeargle|Follow Me|p1b: Smeargle
|-singleturn|p1b: Smeargle|move: Follow Me
|move|p2a: Amoonguss|Rage Powder|p2a: Amoonguss
|-singleturn|p2a: Amoonguss|move: Rage Powder
|move|p1a: Miraidon|Electro Drift|p2a: Amoonguss
|-resisted|p2a: Amoonguss
|-damage|p2a: Amoonguss|0 fnt
|faint|p2a: Amoonguss
|-damage|p1a: Miraidon|71/100|[from] item: Life Orb
|move|p2b: Zacian|Behemoth Blade|p1b: Smeargle
|-damage|p1b: Smeargle|0 fnt
|faint|p1b: Smeargle
|
|upkeep
|turn|10
|c|☆roykeenkennedy|Might not matter tho
|
|t:|1750750403
|-terastallize|p2b: Zacian|Stellar
|move|p1a: Miraidon|Electro Drift|p2b: Zacian
|-damage|p2b: Zacian|0 fnt
|faint|p2b: Zacian
|-damage|p1a: Miraidon|61/100|[from] item: Life Orb
|
|win|roykeenkennedy
|raw|roykeenkennedy's rating: 1626 &rarr; <strong>1641</strong><br />(+15 for winning)
|raw|bayo93's rating: 1538 &rarr; <strong>1523</strong><br />(-15 for losing)
|l|☆bayo93
|player|p2|
|c|☆roykeenkennedy|Nvm
|c|☆roykeenkennedy|Squishy doggo
|l|☆roykeenkennedy
|player|p1|
