|j|☆BaldWimpLo
|j|☆Legend0331
|html|<table width="100%"><tr><td align="left">BaldWimpLo</td><td align="right">Legend0331</tr><tr><td align="left"><i class="fa fa-circle"></i> <i class="fa fa-circle-o"></i> </td><td align="right"><i class="fa fa-circle-o"></i> <i class="fa fa-circle-o"></i> </tr></table>
|uhtml|bestof|<h2><strong>Game 2</strong> of <a href="/game-bestof3-gen9vgc2025regi-2391183885">a best-of-3</a></h2>
|t:|1750813603
|gametype|doubles
|player|p1|BaldWimpLo|1|
|player|p2|Legend0331|shauntal|
|teamsize|p1|6
|teamsize|p2|6
|gen|9
|tier|[Gen 9] VGC 2025 Reg I
|rule|Species Clause: Limit one of each Pokémon
|rule|Item Clause: Limit 1 of each item
|raw|<div class="infobox"><details class="readmore" open><summary><strong>1 custom rule:</strong></summary> Best of = 3</details></div>
|clearpoke
|poke|p1|Gholdengo, L50|
|poke|p1|Rillaboom, L50, M|
|poke|p1|Annihilape, L50, M|
|poke|p1|Ninetales-Alola, L50, M|
|poke|p1|Ursaluna, L50, M|
|poke|p1|Dragonite, L50, F|
|poke|p2|Amoonguss, L50, F|
|poke|p2|Whimsicott, L50, F|
|poke|p2|Mimikyu, L50, F|
|poke|p2|Zoroark, L50, M|
|poke|p2|Flamigo, L50, F|
|poke|p2|Metagross, L50|
|teampreview|4
|inactive|Battle timer is ON: inactive players will automatically lose when time's up. (requested by BaldWimpLo)
Legend0331 has agreed to open team sheets.
|inactiveoff|Battle timer is now OFF.
BaldWimpLo has agreed to open team sheets.
|showteam|p1|Gholdengo||LifeOrb|GoodasGold|MakeItRain,ShadowBall,Protect,NastyPlot||||||50|,,,,,Steel]Rillaboom||AssaultVest|GrassySurge|FakeOut,WoodHammer,HighHorsepower,GrassyGlide|||M|||50|,,,,,Fire]Annihilape||Leftovers|Defiant|RageFist,Protect,BulkUp,DrainPunch|||M|||50|,,,,,Grass]Ninetales-Alola||LightClay|SnowWarning|Blizzard,AuroraVeil,IcyWind,Encore|||M|||50|,,,,,Water]Ursaluna||FlameOrb|Guts|HeadlongRush,Facade,Protect,Earthquake|||M|||50|,,,,,Normal]Dragonite||LoadedDice|Multiscale|ScaleShot,Protect,Haze,Tailwind|||F|||50|,,,,,Normal
|showteam|p2|Amoonguss||SitrusBerry|Regenerator|Spore,RagePowder,PollenPuff,ClearSmog|||F|||50|,,,,,Grass]Whimsicott||FocusSash|Prankster|Encore,Tailwind,LightScreen,Moonblast|||F|||50|,,,,,Steel]Mimikyu||RedCard|Disguise|SwordsDance,DrainPunch,ShadowClaw,PlayRough|||F|||50|,,,,,Ghost]Zoroark||ChoiceSpecs|Illusion|DarkPulse,Trick,Uturn,SludgeBomb|||M|||50|,,,,,Dark]Flamigo||LifeOrb|Scrappy|CloseCombat,Detect,WideGuard,BraveBird|||F|||50|,,,,,Flying]Metagross||AssaultVest|ClearBody|PsychicFangs,HeavySlam,StompingTantrum,BulletPunch||||||50|,,,,,Dragon
|
|t:|1750813647
|start
|switch|p1a: Gholdengo|Gholdengo, L50|100/100
|switch|p1b: Rillaboom|Rillaboom, L50, M|100/100
|switch|p2a: WHIMSY|Whimsicott, L50, F|100/100
|switch|p2b: John Doe|Mimikyu, L50, F, shiny|100/100
|-fieldstart|move: Grassy Terrain|[from] ability: Grassy Surge|[of] p1b: Rillaboom
|turn|1
|
|t:|1750813679
|move|p2a: WHIMSY|Light Screen|p2a: WHIMSY
|-sidestart|p2: Legend0331|move: Light Screen
|move|p1a: Gholdengo|Make It Rain|p2a: WHIMSY|[spread] p2a,p2b
|-supereffective|p2a: WHIMSY
|-enditem|p2a: WHIMSY|Focus Sash
|-damage|p2a: WHIMSY|1/100
|-activate|p2b: John Doe|ability: Disguise
|-damage|p2b: John Doe|100/100
|-unboost|p1a: Gholdengo|spa|1
|detailschange|p2b: John Doe|Mimikyu-Busted, L50, F, shiny
|-damage|p2b: John Doe|88/100|[from] pokemon: Mimikyu-Busted
|-enditem|p2b: John Doe|Red Card|[of] p1a: Gholdengo
|drag|p1a: Dragonite|Dragonite, L50, F|100/100
|move|p2b: John Doe|Swords Dance|p2b: John Doe
|-boost|p2b: John Doe|atk|2
|move|p1b: Rillaboom|Wood Hammer|p2b: John Doe
|-damage|p2b: John Doe|0 fnt
|faint|p2b: John Doe
|-damage|p1b: Rillaboom|82/100|[from] Recoil
|
|-heal|p2a: WHIMSY|7/100|[from] Grassy Terrain
|-heal|p1b: Rillaboom|88/100|[from] Grassy Terrain
|upkeep
|
|t:|1750813700
|switch|p2b: X-Pac|Metagross, L50, shiny|100/100
|turn|2
|
|t:|1750813732
|-terastallize|p1b: Rillaboom|Fire
|move|p2a: WHIMSY|Tailwind|p2a: WHIMSY
|-sidestart|p2: Legend0331|move: Tailwind
|move|p2b: X-Pac|Heavy Slam|p1b: Rillaboom
|-resisted|p1b: Rillaboom
|-damage|p1b: Rillaboom|56/100
|move|p1a: Dragonite|Tailwind|p1a: Dragonite
|-sidestart|p1: BaldWimpLo|move: Tailwind
|move|p1b: Rillaboom|High Horsepower|p2b: X-Pac
|-supereffective|p2b: X-Pac
|-damage|p2b: X-Pac|49/100
|
|-heal|p2a: WHIMSY|13/100|[from] Grassy Terrain
|-heal|p1b: Rillaboom|62/100|[from] Grassy Terrain
|-heal|p2b: X-Pac|55/100|[from] Grassy Terrain
|upkeep
|turn|3
|
|t:|1750813762
|switch|p1a: Gholdengo|Gholdengo, L50|100/100
|move|p2a: WHIMSY|Encore|p1a: Gholdengo
|-immune|p1a: Gholdengo|[from] ability: Good as Gold
|move|p1b: Rillaboom|Wood Hammer|p2a: WHIMSY
|-resisted|p2a: WHIMSY
|-damage|p2a: WHIMSY|0 fnt
|faint|p2a: WHIMSY
|-damage|p1b: Rillaboom|58/100|[from] Recoil
|move|p2b: X-Pac|Stomping Tantrum|p1b: Rillaboom
|-supereffective|p1b: Rillaboom
|-damage|p1b: Rillaboom|11/100
|
|-heal|p1b: Rillaboom|17/100|[from] Grassy Terrain
|-heal|p2b: X-Pac|61/100|[from] Grassy Terrain
|upkeep
|
|t:|1750813776
|switch|p2a: The Crewmate|Amoonguss, L50, F|100/100
|turn|4
|
|t:|1750813804
|switch|p1b: Dragonite|Dragonite, L50, F|100/100
|-terastallize|p2b: X-Pac|Dragon
|move|p1a: Gholdengo|Shadow Ball|p2b: X-Pac
|-damage|p2b: X-Pac|38/100
|-damage|p1a: Gholdengo|91/100|[from] item: Life Orb
|move|p2b: X-Pac|Stomping Tantrum|p1b: Dragonite
|-immune|p1b: Dragonite
|move|p2a: The Crewmate|Pollen Puff|p2b: X-Pac
|-heal|p2b: X-Pac|88/100
|
|-heal|p1a: Gholdengo|97/100|[from] Grassy Terrain
|-heal|p2b: X-Pac|94/100|[from] Grassy Terrain
|upkeep
|turn|5
|
|t:|1750813840
|move|p2a: The Crewmate|Rage Powder|p2a: The Crewmate
|-singleturn|p2a: The Crewmate|move: Rage Powder
|move|p1a: Gholdengo|Nasty Plot|p1a: Gholdengo
|-boost|p1a: Gholdengo|spa|2
|move|p1b: Dragonite|Scale Shot|p2a: The Crewmate
|-damage|p2a: The Crewmate|88/100
|-damage|p2a: The Crewmate|75/100
|-damage|p2a: The Crewmate|61/100
|-damage|p2a: The Crewmate|48/100
|-enditem|p2a: The Crewmate|Sitrus Berry|[eat]
|-heal|p2a: The Crewmate|73/100|[from] item: Sitrus Berry
|-damage|p2a: The Crewmate|61/100
|-hitcount|p2a: The Crewmate|5
|-unboost|p1b: Dragonite|def|1
|-boost|p1b: Dragonite|spe|1
|move|p2b: X-Pac|Stomping Tantrum|p1a: Gholdengo
|-supereffective|p1a: Gholdengo
|-damage|p1a: Gholdengo|0 fnt
|faint|p1a: Gholdengo
|
|-heal|p2b: X-Pac|99/100|[from] Grassy Terrain
|-heal|p2a: The Crewmate|67/100|[from] Grassy Terrain
|-sideend|p2: Legend0331|move: Light Screen
|-sideend|p2: Legend0331|move: Tailwind
|-sideend|p1: BaldWimpLo|move: Tailwind
|-fieldend|move: Grassy Terrain
|upkeep
|
|t:|1750813867
|switch|p1a: Rillaboom|Rillaboom, L50, M, tera:Fire|17/100
|-fieldstart|move: Grassy Terrain|[from] ability: Grassy Surge|[of] p1a: Rillaboom
|turn|6
|
|t:|1750813885
|move|p1a: Rillaboom|Fake Out|p2b: X-Pac
|-damage|p2b: X-Pac|88/100
|move|p2a: The Crewmate|Rage Powder|p2a: The Crewmate
|-singleturn|p2a: The Crewmate|move: Rage Powder
|move|p1b: Dragonite|Scale Shot|p2a: The Crewmate
|-damage|p2a: The Crewmate|54/100
|-damage|p2a: The Crewmate|40/100
|-damage|p2a: The Crewmate|27/100
|-damage|p2a: The Crewmate|14/100
|-hitcount|p2a: The Crewmate|4
|-unboost|p1b: Dragonite|def|1
|-boost|p1b: Dragonite|spe|1
|cant|p2b: X-Pac|flinch
|
|-heal|p1a: Rillaboom|23/100|[from] Grassy Terrain
|-heal|p2b: X-Pac|94/100|[from] Grassy Terrain
|-heal|p2a: The Crewmate|20/100|[from] Grassy Terrain
|upkeep
|turn|7
|
|t:|1750813907
|move|p2a: The Crewmate|Rage Powder|p2a: The Crewmate
|-singleturn|p2a: The Crewmate|move: Rage Powder
|move|p1a: Rillaboom|Grassy Glide|p2a: The Crewmate
|-resisted|p2a: The Crewmate
|-damage|p2a: The Crewmate|12/100
|move|p1b: Dragonite|Scale Shot|p2a: The Crewmate
|-damage|p2a: The Crewmate|0 fnt
|faint|p2a: The Crewmate
|-hitcount|p2: The Crewmate|1
|-unboost|p1b: Dragonite|def|1
|-boost|p1b: Dragonite|spe|1
|move|p2b: X-Pac|Stomping Tantrum|p1a: Rillaboom
|-supereffective|p1a: Rillaboom
|-crit|p1a: Rillaboom
|-damage|p1a: Rillaboom|0 fnt
|faint|p1a: Rillaboom
|
|-heal|p2b: X-Pac|100/100|[from] Grassy Terrain
|upkeep
|
|t:|1750813922
|switch|p1a: Ninetales|Ninetales-Alola, L50, M|100/100
|-weather|Snowscape|[from] ability: Snow Warning|[of] p1a: Ninetales
|turn|8
|
|t:|1750813949
|move|p2b: X-Pac|Bullet Punch|p1b: Dragonite
|-damage|p1b: Dragonite|72/100
|move|p1b: Dragonite|Scale Shot|p2b: X-Pac
|-supereffective|p2b: X-Pac
|-damage|p2b: X-Pac|76/100
|-supereffective|p2b: X-Pac
|-crit|p2b: X-Pac
|-damage|p2b: X-Pac|40/100
|-supereffective|p2b: X-Pac
|-damage|p2b: X-Pac|16/100
|-supereffective|p2b: X-Pac
|-damage|p2b: X-Pac|0 fnt
|faint|p2b: X-Pac
|-hitcount|p2: X-Pac|4
|
|win|BaldWimpLo
|l|☆Legend0331
|player|p2|
