|j|☆NegaiFreak
|j|☆Blu3falcon
|t:|1750868354
|gametype|doubles
|player|p1|NegaiFreak|265|1390
|player|p2|Blu3falcon|170|1457
|teamsize|p1|6
|teamsize|p2|6
|gen|9
|tier|[Gen 9] VGC 2025 Reg I
|rated|
|rule|Species Clause: Limit one of each Pokémon
|rule|Item Clause: Limit 1 of each item
|clearpoke
|poke|p1|Lunala, L50|
|poke|p1|Koraidon, L50|
|poke|p1|Flutter Mane, L50|
|poke|p1|Farigiraf, L50, M|
|poke|p1|Incineroar, L50, F|
|poke|p1|Rillaboom, L50, F|
|poke|p2|Volcarona, L50, F|
|poke|p2|Terapagos, L50, M|
|poke|p2|Miraidon, L50|
|poke|p2|Incineroar, L50, M|
|poke|p2|Sinistcha-Masterpiece, L50|
|poke|p2|Urshifu-*, L50, M|
|teampreview|4
|inactive|Battle timer is ON: inactive players will automatically lose when time's up. (requested by Blu3falcon)
NegaiFreak has agreed to open team sheets.
|inactive|Blu3falcon has 60 seconds left.
|
|t:|1750868389
|start
|switch|p1a: Rillaboom|Rillaboom, L50, F|100/100
|switch|p1b: Koraidon|Koraidon, L50|100/100
|switch|p2a: Miraidon|Miraidon, L50|100/100
|switch|p2b: Volcarona|Volcarona, L50, F|100/100
|-fieldstart|move: Electric Terrain|[from] ability: Hadron Engine|[of] p2a: Miraidon
|-weather|SunnyDay|[from] ability: Orichalcum Pulse|[of] p1b: Koraidon
|-activate|p1b: Koraidon|Orichalcum Pulse|[source]
|-fieldstart|move: Grassy Terrain|[from] ability: Grassy Surge|[of] p1a: Rillaboom
|turn|1
|
|t:|1750868407
|-terastallize|p1b: Koraidon|Fire
|move|p1a: Rillaboom|Fake Out|p2a: Miraidon
|-damage|p2a: Miraidon|86/100
|move|p2b: Volcarona|Rage Powder|p2b: Volcarona
|-singleturn|p2b: Volcarona|move: Rage Powder
|cant|p2a: Miraidon|flinch
|move|p1b: Koraidon|Flame Charge|p2b: Volcarona
|-damage|p2b: Volcarona|16/100
|-boost|p1b: Koraidon|spe|1
|-damage|p1b: Koraidon|84/100|[from] item: Rocky Helmet|[of] p2b: Volcarona
|-damage|p1b: Koraidon|74/100|[from] item: Life Orb
|
|-weather|SunnyDay|[upkeep]
|-heal|p1b: Koraidon|80/100|[from] Grassy Terrain
|-heal|p2a: Miraidon|92/100|[from] Grassy Terrain
|-heal|p2b: Volcarona|22/100|[from] Grassy Terrain
|upkeep
|turn|2
|
|t:|1750868428
|move|p1b: Koraidon|Protect|p1b: Koraidon
|-singleturn|p1b: Koraidon|Protect
|move|p2b: Volcarona|Rage Powder|p2b: Volcarona
|-singleturn|p2b: Volcarona|move: Rage Powder
|move|p2a: Miraidon|Volt Switch|p1b: Koraidon
|-activate|p1b: Koraidon|move: Protect
|move|p1a: Rillaboom|U-turn|p2a: Miraidon
|-damage|p2a: Miraidon|67/100
|
|t:|1750868441
|switch|p1a: Lunala|Lunala, L50|100/100|[from] U-turn
|
|-weather|SunnyDay|[upkeep]
|-heal|p1b: Koraidon|86/100|[from] Grassy Terrain
|-heal|p2a: Miraidon|73/100|[from] Grassy Terrain
|-heal|p2b: Volcarona|28/100|[from] Grassy Terrain
|upkeep
|turn|3
|inactive|Blu3falcon has 30 seconds left.
|inactive|Blu3falcon has 20 seconds left.
|
|t:|1750868477
|switch|p1b: Farigiraf|Farigiraf, L50, M|100/100
|move|p2b: Volcarona|Rage Powder|p2b: Volcarona
|-singleturn|p2b: Volcarona|move: Rage Powder
|move|p2a: Miraidon|Volt Switch|p1b: Farigiraf
|-damage|p1b: Farigiraf|55/100
|
|t:|1750868480
|switch|p2a: Incineroar|Incineroar, L50, M|100/100|[from] Volt Switch
|-ability|p2a: Incineroar|Intimidate|boost
|-unboost|p1a: Lunala|atk|1
|-unboost|p1b: Farigiraf|atk|1
|move|p1a: Lunala|Calm Mind|p1a: Lunala
|-boost|p1a: Lunala|spa|1
|-boost|p1a: Lunala|spd|1
|
|-weather|SunnyDay|[upkeep]
|-heal|p2b: Volcarona|33/100|[from] Grassy Terrain
|-heal|p1b: Farigiraf|61/100|[from] Grassy Terrain
|upkeep
|turn|4
|
|t:|1750868501
|move|p1a: Lunala|Moongeist Beam|p2b: Volcarona
|-damage|p2b: Volcarona|0 fnt
|faint|p2b: Volcarona
|move|p2a: Incineroar|Knock Off|p1a: Lunala
|-supereffective|p1a: Lunala
|-damage|p1a: Lunala|45/100
|-enditem|p1a: Lunala|Leftovers|[from] move: Knock Off|[of] p2a: Incineroar
|move|p1b: Farigiraf|Hyper Voice|p2a: Incineroar
|-damage|p2a: Incineroar|79/100
|-enditem|p1b: Farigiraf|Throat Spray
|-boost|p1b: Farigiraf|spa|1|[from] item: Throat Spray
|
|-weather|SunnyDay|[upkeep]
|-heal|p1a: Lunala|52/100|[from] Grassy Terrain
|-heal|p2a: Incineroar|85/100|[from] Grassy Terrain
|-heal|p1b: Farigiraf|67/100|[from] Grassy Terrain
|upkeep
|
|t:|1750868517
|switch|p2b: Miraidon|Miraidon, L50|73/100
|-fieldstart|move: Electric Terrain|[from] ability: Hadron Engine|[of] p2b: Miraidon
|turn|5
|
|t:|1750868541
|move|p1a: Lunala|Protect|p1a: Lunala
|-singleturn|p1a: Lunala|Protect
|move|p2b: Miraidon|Volt Switch|p1b: Farigiraf
|-damage|p1b: Farigiraf|0 fnt
|faint|p1b: Farigiraf
|
|t:|1750868544
|switch|p2b: Terapagos|Terapagos, L50, M|100/100|[from] Volt Switch
|-activate|p2b: Terapagos|ability: Tera Shift
|detailschange|p2b: Terapagos|Terapagos-Terastal, L50, M
|-heal|p2b: Terapagos|100/100|[silent]
|move|p2a: Incineroar|Flare Blitz|p1a: Lunala
|-activate|p1a: Lunala|move: Protect
|
|-weather|none
|upkeep
|
|t:|1750868560
|switch|p1b: Koraidon|Koraidon, L50, tera:Fire|86/100
|-weather|SunnyDay|[from] ability: Orichalcum Pulse|[of] p1b: Koraidon
|-activate|p1b: Koraidon|Orichalcum Pulse|[source]
|turn|6
|
|t:|1750868576
|-terastallize|p2b: Terapagos|Stellar
|detailschange|p2b: Terapagos|Terapagos-Stellar, L50, M, tera:Stellar
|-heal|p2b: Terapagos|100/100|[silent]
|-ability|p2b: Terapagos|Teraform Zero
|-weather|none
|-fieldend|move: Electric Terrain
|move|p1b: Koraidon|Close Combat|p2b: Terapagos
|-supereffective|p2b: Terapagos
|-damage|p2b: Terapagos|16/100
|-unboost|p1b: Koraidon|def|1
|-unboost|p1b: Koraidon|spd|1
|-damage|p1b: Koraidon|76/100|[from] item: Life Orb
|move|p1a: Lunala|Moonblast|p2b: Terapagos
|-damage|p2b: Terapagos|0 fnt
|faint|p2b: Terapagos
|detailschange|p2: Terapagos|Terapagos, L50, M|[silent]
|move|p2a: Incineroar|U-turn|p1a: Lunala
|-damage|p1a: Lunala|37/100
|
|t:|1750868593
|switch|p2a: Miraidon|Miraidon, L50|73/100|[from] U-turn
|-fieldstart|move: Electric Terrain|[from] ability: Hadron Engine|[of] p2a: Miraidon
|
|upkeep
|
|t:|1750868595
|switch|p2b: Incineroar|Incineroar, L50, M|85/100
|-ability|p2b: Incineroar|Intimidate|boost
|-unboost|p1a: Lunala|atk|1
|-unboost|p1b: Koraidon|atk|1
|turn|7
|
|t:|1750868606
|switch|p1b: Rillaboom|Rillaboom, L50, F|100/100
|-fieldstart|move: Grassy Terrain|[from] ability: Grassy Surge|[of] p1b: Rillaboom
|move|p1a: Lunala|Protect|p1a: Lunala
|-singleturn|p1a: Lunala|Protect
|move|p2a: Miraidon|Electro Drift|p1b: Rillaboom
|-resisted|p1b: Rillaboom
|-damage|p1b: Rillaboom|72/100
|move|p2b: Incineroar|Knock Off|p1a: Lunala
|-activate|p1a: Lunala|move: Protect
|
|-heal|p2a: Miraidon|79/100|[from] Grassy Terrain
|-heal|p1a: Lunala|43/100|[from] Grassy Terrain
|-heal|p1b: Rillaboom|78/100|[from] Grassy Terrain
|-heal|p2b: Incineroar|91/100|[from] Grassy Terrain
|upkeep
|turn|8
|-message|Blu3falcon forfeited.
|
|win|NegaiFreak
|raw|NegaiFreak's rating: 1390 &rarr; <strong>1414</strong><br />(+24 for winning)
|raw|Blu3falcon's rating: 1457 &rarr; <strong>1433</strong><br />(-24 for losing)
|l|☆Blu3falcon
|player|p2|
|c|☆NegaiFreak|GG, WP
