|j|☆Keltch
|j|☆joseplayer21
|t:|1750743507
|gametype|doubles
|player|p1|Keltch|swimmer-gen4|1147
|player|p2|joseplayer21|170|1157
|teamsize|p1|6
|teamsize|p2|6
|gen|9
|tier|[Gen 9] VGC 2025 Reg I
|rated|
|rule|Species Clause: Limit one of each Pokémon
|rule|Item Clause: Limit 1 of each item
|clearpoke
|poke|p1|Gastrodon, L50, F|
|poke|p1|Zoroark-Hisui, L50, M|
|poke|p1|Solgaleo, L50|
|poke|p1|Venusaur, L50, F|
|poke|p1|Terapagos, L50, M|
|poke|p1|Incineroar, L50, F|
|poke|p2|Calyrex-Ice, L50|
|poke|p2|Iron Valiant, L50|
|poke|p2|Incineroar, L50, F|
|poke|p2|Brute Bonnet, L50|
|poke|p2|Torkoal, L50, M|
|poke|p2|Urshifu-*, L50, F|
|teampreview|4
|inactive|Battle timer is ON: inactive players will automatically lose when time's up. (requested by Keltch)
|inactive|Keltch has 60 seconds left.
|
|t:|1750743549
|start
|switch|p1a: Solgaleo|Solgaleo, L50|100/100
|switch|p1b: Gastrodon|Gastrodon, L50, F|100/100
|switch|p2a: Calyrex|Calyrex-Ice, L50|100/100
|switch|p2b: Iron Valiant|Iron Valiant, L50|100/100
|-ability|p2a: Calyrex|As One
|-ability|p2a: Calyrex|Unnerve
|-enditem|p2b: Iron Valiant|Booster Energy
|-activate|p2b: Iron Valiant|ability: Quark Drive|[fromitem]
|-start|p2b: Iron Valiant|quarkdrivedef
|turn|1
|inactive|Keltch has 30 seconds left.
|inactive|joseplayer21 has 30 seconds left.
|inactive|Keltch has 20 seconds left.
|inactive|Keltch has 15 seconds left.
|
|t:|1750743591
|move|p1a: Solgaleo|Hyper Voice|p2a: Calyrex|[spread] p2a,p2b
|-damage|p2a: Calyrex|74/100
|-damage|p2b: Iron Valiant|49/100
|move|p2a: Calyrex|High Horsepower|p1a: Solgaleo
|-damage|p1a: Solgaleo|0 fnt
|replace|p1a: Zoroark|Zoroark-Hisui, L50, M
|-end|p1a: Zoroark|Illusion
|faint|p1a: Zoroark
|-ability|p2a: Calyrex|Chilling Neigh|boost
|-boost|p2a: Calyrex|atk|1
|move|p1b: Gastrodon|Yawn|p2b: Iron Valiant
|-start|p2b: Iron Valiant|move: Yawn|[of] p1b: Gastrodon
|move|p2b: Iron Valiant|Trick Room|p2b: Iron Valiant
|-fieldstart|move: Trick Room|[of] p2b: Iron Valiant
|
|upkeep
|
|t:|1750743604
|switch|p1a: Solgaleo|Solgaleo, L50|100/100
|turn|2
|
|t:|1750743613
|-end|p2b: Iron Valiant|Quark Drive|[silent]
|switch|p2b: Incineroar|Incineroar, L50, F|100/100
|-ability|p2b: Incineroar|Intimidate|boost
|-fail|p1a: Solgaleo|unboost|[from] ability: Full Metal Body|[of] p1a: Solgaleo
|-unboost|p1b: Gastrodon|atk|1
|move|p1a: Solgaleo|Protect|p1a: Solgaleo
|-singleturn|p1a: Solgaleo|Protect
|move|p1b: Gastrodon|Yawn|p2a: Calyrex
|-start|p2a: Calyrex|move: Yawn|[of] p1b: Gastrodon
|move|p2a: Calyrex|High Horsepower|p1a: Solgaleo
|-activate|p1a: Solgaleo|move: Protect
|
|upkeep
|turn|3
|
|t:|1750743632
|switch|p2a: Torkoal|Torkoal, L50, M|100/100
|-weather|SunnyDay|[from] ability: Drought|[of] p2a: Torkoal
|move|p1b: Gastrodon|Protect|p1b: Gastrodon
|-singleturn|p1b: Gastrodon|Protect
|move|p1a: Solgaleo|Protect|p1a: Solgaleo
|-singleturn|p1a: Solgaleo|Protect
|move|p2b: Incineroar|Fake Out|p1a: Solgaleo
|-activate|p1a: Solgaleo|move: Protect
|
|-weather|SunnyDay|[upkeep]
|upkeep
|turn|4
|inactive|Keltch has 30 seconds left.
|
|t:|1750743658
|switch|p1a: Terapagos|Terapagos, L50, M|100/100
|-activate|p1a: Terapagos|ability: Tera Shift
|detailschange|p1a: Terapagos|Terapagos-Terastal, L50, M
|-heal|p1a: Terapagos|100/100|[silent]
|-terastallize|p2a: Torkoal|Fire
|move|p1b: Gastrodon|Earth Power|p2a: Torkoal
|-supereffective|p2a: Torkoal
|-damage|p2a: Torkoal|6/100
|move|p2a: Torkoal|Eruption|p1a: Terapagos|[spread] p1a,p1b
|-activate|p1a: Terapagos|ability: Tera Shell
|-resisted|p1a: Terapagos
|-resisted|p1b: Gastrodon
|-damage|p1a: Terapagos|97/100
|-damage|p1b: Gastrodon|97/100
|move|p2b: Incineroar|Flare Blitz|p1b: Gastrodon
|-resisted|p1b: Gastrodon
|-damage|p1b: Gastrodon|43/100
|-damage|p2b: Incineroar|83/100|[from] Recoil
|
|-weather|SunnyDay|[upkeep]
|-heal|p1a: Terapagos|100/100|[from] item: Leftovers
|upkeep
|turn|5
|inactive|Keltch has 30 seconds left.
|inactive|joseplayer21 has 30 seconds left.
|
|t:|1750743690
|move|p1b: Gastrodon|Earth Power|p2b: Incineroar
|-supereffective|p2b: Incineroar
|-damage|p2b: Incineroar|11/100
|move|p2a: Torkoal|Eruption|p1a: Terapagos|[spread] p1a,p1b
|-activate|p1a: Terapagos|ability: Tera Shell
|-resisted|p1a: Terapagos
|-resisted|p1b: Gastrodon
|-damage|p1a: Terapagos|98/100
|-damage|p1b: Gastrodon|40/100
|move|p2b: Incineroar|Flare Blitz|p1a: Terapagos
|-damage|p1a: Terapagos|11/100
|-damage|p2b: Incineroar|0 fnt|[from] Recoil
|faint|p2b: Incineroar
|move|p1a: Terapagos|Calm Mind|p1a: Terapagos
|-boost|p1a: Terapagos|spa|1
|-boost|p1a: Terapagos|spd|1
|
|-weather|SunnyDay|[upkeep]
|-heal|p1a: Terapagos|17/100|[from] item: Leftovers
|-fieldend|move: Trick Room
|upkeep
|
|t:|1750743712
|switch|p2b: Iron Valiant|Iron Valiant, L50|49/100
|turn|6
|inactive|Keltch has 30 seconds left.
|
|t:|1750743738
|move|p1a: Terapagos|Protect|p1a: Terapagos
|-singleturn|p1a: Terapagos|Protect
|move|p2b: Iron Valiant|Drain Punch|p1a: Terapagos
|-activate|p1a: Terapagos|move: Protect
|move|p2a: Torkoal|Eruption|p1b: Gastrodon|[spread] p1b
|-activate|p1a: Terapagos|move: Protect
|-resisted|p1b: Gastrodon
|-damage|p1b: Gastrodon|37/100
|move|p1b: Gastrodon|Earth Power|p2b: Iron Valiant
|-damage|p2b: Iron Valiant|0 fnt
|faint|p2b: Iron Valiant
|-end|p2b: Iron Valiant|Quark Drive|[silent]
|
|-weather|SunnyDay|[upkeep]
|-heal|p1a: Terapagos|23/100|[from] item: Leftovers
|upkeep
|
|t:|1750743752
|switch|p2b: Calyrex|Calyrex-Ice, L50|74/100
|-ability|p2b: Calyrex|As One
|-ability|p2b: Calyrex|Unnerve
|turn|7
|
|t:|1750743766
|-terastallize|p1a: Terapagos|Stellar
|detailschange|p1a: Terapagos|Terapagos-Stellar, L50, M, tera:Stellar
|-heal|p1a: Terapagos|43/100|[silent]
|-ability|p1a: Terapagos|Teraform Zero
|-weather|none
|move|p1b: Gastrodon|Protect|p1b: Gastrodon
|-singleturn|p1b: Gastrodon|Protect
|move|p1a: Terapagos|Tera Starstorm|p2a: Torkoal|[spread] p2a,p2b
|-supereffective|p2a: Torkoal
|-damage|p2a: Torkoal|0 fnt
|-damage|p2b: Calyrex|33/100
|faint|p2a: Torkoal
|move|p2b: Calyrex|Glacial Lance|p1a: Terapagos|[spread] p1a
|-activate|p1b: Gastrodon|move: Protect
|-damage|p1a: Terapagos|0 fnt
|faint|p1a: Terapagos
|detailschange|p1: Terapagos|Terapagos, L50, M|[silent]
|-ability|p2b: Calyrex|Chilling Neigh|boost
|-boost|p2b: Calyrex|atk|1
|
|upkeep
|
|t:|1750743782
|switch|p1a: Solgaleo|Solgaleo, L50|100/100
|turn|8
|
|t:|1750743788
|move|p1a: Solgaleo|Sunsteel Strike|p2b: Calyrex
|-supereffective|p2b: Calyrex
|-damage|p2b: Calyrex|0 fnt
|faint|p2b: Calyrex
|
|win|Keltch
|raw|Keltch's rating: 1147 &rarr; <strong>1173</strong><br />(+26 for winning)
|raw|joseplayer21's rating: 1157 &rarr; <strong>1131</strong><br />(-26 for losing)
|l|☆Keltch
|player|p1|
|l|☆joseplayer21
|player|p2|
