|j|☆King Geedoraah
|j|☆RidingHoodVGC
|html|<table width="100%"><tr><td align="left">King Geedoraah</td><td align="right">RidingHoodVGC</tr><tr><td align="left"><i class="fa fa-circle-o"></i> <i class="fa fa-circle-o"></i> </td><td align="right"><i class="fa fa-circle-o"></i> <i class="fa fa-circle"></i> </tr></table>
|uhtml|bestof|<h2><strong>Game 2</strong> of <a href="/game-bestof3-gen9vgc2025regi-2390372942">a best-of-3</a></h2>
|t:|1750706407
|gametype|doubles
|player|p1|King Geedoraah|giovanni|
|player|p2|RidingHoodVGC|cynthia-gen4|
|teamsize|p1|6
|teamsize|p2|6
|gen|9
|tier|[Gen 9] VGC 2025 Reg I
|rated|Tournament battle
|rule|Species Clause: Limit one of each Pokémon
|rule|Item Clause: Limit 1 of each item
|raw|<div class="infobox"><details class="readmore" open><summary><strong>3 custom rules:</strong></summary> Force Open Team Sheets, !Open Team Sheets, Best of = 3</details></div>
|clearpoke
|poke|p1|Miraidon, L50|
|poke|p1|Calyrex-Ice, L50|
|poke|p1|Incineroar, L50, M|
|poke|p1|Urshifu-*, L50, F|
|poke|p1|Landorus, L50, M|
|poke|p1|Farigiraf, L50, M|
|poke|p2|Incineroar, L50, M|
|poke|p2|Farigiraf, L50, F|
|poke|p2|Iron Hands, L50|
|poke|p2|Ogerpon-Cornerstone, L50, F|
|poke|p2|Miraidon, L50|
|poke|p2|Lunala, L50|
|teampreview|4
|showteam|p1|Miraidon||ChoiceSpecs|HadronEngine|ElectroDrift,VoltSwitch,DracoMeteor,DazzlingGleam||||||50|,,,,,Fairy]Calyrex-Ice||Leftovers|AsOneGlastrier|GlacialLance,LeechSeed,TrickRoom,Protect||||||50|,,,,,Water]Incineroar||AssaultVest|Intimidate|FlareBlitz,KnockOff,FakeOut,Uturn|||M|||50|,,,,,Grass]Urshifu-Rapid-Strike||ChoiceScarf|UnseenFist|SurgingStrikes,CloseCombat,Uturn,AquaJet|||F|||50|,,,,,Water]Landorus||LifeOrb|SheerForce|EarthPower,SandsearStorm,SludgeBomb,Protect|||M|||50|,,,,,Ground]Farigiraf||ElectricSeed|ArmorTail|FoulPlay,PsychicNoise,TrickRoom,HelpingHand|||M|||50|,,,,,Water
|showteam|p2|Incineroar||RockyHelmet|Intimidate|FakeOut,KnockOff,WillOWisp,PartingShot|||M|||50|,,,,,Ghost]Farigiraf||ElectricSeed|ArmorTail|TrickRoom,FoulPlay,HelpingHand,Psychic|||F|||50|,,,,,Fairy]Iron Hands||AssaultVest|QuarkDrive|FakeOut,DrainPunch,WildCharge,LowKick||||||50|,,,,,Water]Ogerpon-Cornerstone||CornerstoneMask|Sturdy|IvyCudgel,WoodHammer,FollowMe,SpikyShield|||F|||50|,,,,,Rock]Miraidon||ChoiceSpecs|HadronEngine|DracoMeteor,ElectroDrift,VoltSwitch,DazzlingGleam||||||50|,,,,,Fairy]Lunala||PowerHerb|ShadowShield|MoongeistBeam,MeteorBeam,WideGuard,TrickRoom||||||50|,,,,,Fairy
|inactive|Battle timer is ON: inactive players will automatically lose when time's up. (requested by RidingHoodVGC)
|
|t:|1750706484
|start
|switch|p1a: Miraidon|Miraidon, L50|100/100
|switch|p1b: Farigiraf|Farigiraf, L50, M|100/100
|switch|p2a: Lunala|Lunala, L50|100/100
|switch|p2b: Miraidon|Miraidon, L50|100/100
|-fieldstart|move: Electric Terrain|[from] ability: Hadron Engine|[of] p2b: Miraidon
|-enditem|p1b: Farigiraf|Electric Seed
|-boost|p1b: Farigiraf|def|1|[from] item: Electric Seed
|-activate|p1a: Miraidon|ability: Hadron Engine
|turn|1
|
|t:|1750706504
|-terastallize|p1a: Miraidon|Fairy
|move|p1b: Farigiraf|Helping Hand|p1a: Miraidon
|-singleturn|p1a: Miraidon|Helping Hand|[of] p1b: Farigiraf
|move|p2b: Miraidon|Electro Drift|p1b: Farigiraf
|-damage|p1b: Farigiraf|0 fnt
|faint|p1b: Farigiraf
|move|p1a: Miraidon|Volt Switch|p2b: Miraidon
|-resisted|p2b: Miraidon
|-damage|p2b: Miraidon|68/100
|
|t:|1750706521
|switch|p1a: Landorus|Landorus, L50, M|100/100|[from] Volt Switch
|move|p2a: Lunala|Meteor Beam||[still]
|-prepare|p2a: Lunala|Meteor Beam
|-boost|p2a: Lunala|spa|1
|-enditem|p2a: Lunala|Power Herb
|-anim|p2a: Lunala|Meteor Beam|p1a: Landorus
|-damage|p1a: Landorus|33/100
|
|upkeep
|
|t:|1750706523
|switch|p1b: Miraidon|Miraidon, L50, tera:Fairy|100/100
|-activate|p1b: Miraidon|ability: Hadron Engine
|turn|2
|
|t:|1750706539
|switch|p2b: Iron Hands|Iron Hands, L50|100/100
|-activate|p2b: Iron Hands|ability: Quark Drive
|-start|p2b: Iron Hands|quarkdriveatk
|switch|p1b: Calyrex|Calyrex-Ice, L50|100/100
|-ability|p1b: Calyrex|As One
|-ability|p1b: Calyrex|Unnerve
|move|p1a: Landorus|Sandsear Storm|p2b: Iron Hands|[spread] p2a,p2b
|-supereffective|p2b: Iron Hands
|-damage|p2a: Lunala|83/100
|-damage|p2b: Iron Hands|47/100
|move|p2a: Lunala|Moongeist Beam|p1a: Landorus
|-damage|p1a: Landorus|0 fnt
|faint|p1a: Landorus
|
|upkeep
|
|t:|1750706552
|switch|p1a: Miraidon|Miraidon, L50, tera:Fairy|100/100
|-activate|p1a: Miraidon|ability: Hadron Engine
|turn|3
|
|t:|1750706561
|move|p1b: Calyrex|Protect|p1b: Calyrex
|-singleturn|p1b: Calyrex|Protect
|move|p2b: Iron Hands|Fake Out|p1a: Miraidon
|-damage|p1a: Miraidon|81/100
|cant|p1a: Miraidon|flinch
|move|p2a: Lunala|Moongeist Beam|p1a: Miraidon
|-damage|p1a: Miraidon|10/100
|
|upkeep
|turn|4
|
|t:|1750706578
|move|p2a: Lunala|Wide Guard|p2a: Lunala
|-singleturn|p2a: Lunala|Wide Guard
|move|p1a: Miraidon|Electro Drift|p2a: Lunala
|-damage|p2a: Lunala|0 fnt
|faint|p2a: Lunala
|move|p2b: Iron Hands|Drain Punch|p1a: Miraidon
|-resisted|p1a: Miraidon
|-damage|p1a: Miraidon|0 fnt
|-heal|p2b: Iron Hands|51/100|[from] drain|[of] p1a: Miraidon
|faint|p1a: Miraidon
|move|p1b: Calyrex|Glacial Lance|p2b: Iron Hands
|-activate|p2b: Iron Hands|move: Wide Guard
|
|upkeep
|
|t:|1750706583
|switch|p2a: Incineroar|Incineroar, L50, M, shiny|100/100
|-ability|p2a: Incineroar|Intimidate|boost
|-unboost|p1b: Calyrex|atk|1
|turn|5
|
|t:|1750706590
|move|p1b: Calyrex|Protect|p1b: Calyrex
|-singleturn|p1b: Calyrex|Protect
|move|p2a: Incineroar|Fake Out|p1b: Calyrex
|-activate|p1b: Calyrex|move: Protect
|move|p2b: Iron Hands|Drain Punch|p1b: Calyrex
|-activate|p1b: Calyrex|move: Protect
|
|-fieldend|move: Electric Terrain
|-end|p2b: Iron Hands|Quark Drive
|upkeep
|turn|6
|
|t:|1750706596
|move|p2a: Incineroar|Will-O-Wisp|p1b: Calyrex
|-status|p1b: Calyrex|brn
|move|p2b: Iron Hands|Drain Punch|p1b: Calyrex
|-damage|p1b: Calyrex|74/100 brn
|-heal|p2b: Iron Hands|62/100|[from] drain|[of] p1b: Calyrex
|move|p1b: Calyrex|Leech Seed|p2b: Iron Hands
|-start|p2b: Iron Hands|move: Leech Seed
|
|-heal|p1b: Calyrex|80/100 brn|[from] item: Leftovers
|-damage|p2b: Iron Hands|50/100|[from] Leech Seed|[of] p1b: Calyrex
|-heal|p1b: Calyrex|94/100 brn|[silent]
|-damage|p1b: Calyrex|88/100 brn|[from] brn
|upkeep
|turn|7
|
|t:|1750706601
|-end|p2b: Iron Hands|Quark Drive|[silent]
|switch|p2b: Miraidon|Miraidon, L50|68/100
|-fieldstart|move: Electric Terrain|[from] ability: Hadron Engine|[of] p2b: Miraidon
|move|p2a: Incineroar|Knock Off|p1b: Calyrex
|-supereffective|p1b: Calyrex
|-damage|p1b: Calyrex|36/100 brn
|-enditem|p1b: Calyrex|Leftovers|[from] move: Knock Off|[of] p2a: Incineroar
|move|p1b: Calyrex|Leech Seed|p2a: Incineroar
|-start|p2a: Incineroar|move: Leech Seed
|
|-damage|p2a: Incineroar|88/100|[from] Leech Seed|[of] p1b: Calyrex
|-heal|p1b: Calyrex|48/100 brn|[silent]
|-damage|p1b: Calyrex|43/100 brn|[from] brn
|upkeep
|turn|8
|
|t:|1750706608
|switch|p2a: Iron Hands|Iron Hands, L50|50/100
|-activate|p2a: Iron Hands|ability: Quark Drive
|-start|p2a: Iron Hands|quarkdriveatk
|move|p1b: Calyrex|Protect|p1b: Calyrex
|-singleturn|p1b: Calyrex|Protect
|move|p2b: Miraidon|Volt Switch|p1b: Calyrex
|-activate|p1b: Calyrex|move: Protect
|
|-damage|p1b: Calyrex|37/100 brn|[from] brn
|upkeep
|turn|9
|-message|King Geedoraah forfeited.
|
|win|RidingHoodVGC
|l|☆King Geedoraah
|player|p1|
|c|☆RidingHoodVGC|gg wp
