|j|‽chubao1132
|j|☆PakTinVGC
|t:|1750828876
|gametype|doubles
|player|p1|chubao1132|1|1083
|player|p2|PakTinVGC|266|1057
|teamsize|p1|6
|teamsize|p2|6
|gen|9
|tier|[Gen 9] VGC 2025 Reg I
|rated|
|rule|Species Clause: Limit one of each Pokémon
|rule|Item Clause: Limit 1 of each item
|clearpoke
|poke|p1|Lunala, L50|
|poke|p1|Calyrex-Ice, L50|
|poke|p1|Indeedee-F, L50, F|
|poke|p1|Ursaluna-Bloodmoon, L50, M|
|poke|p1|Oranguru, L50, F|
|poke|p1|Cresselia, L50, F|
|poke|p2|Lunala, L50|
|poke|p2|Necrozma-Dawn-Wings, L50|
|poke|p2|Ursaluna, L50, F|
|poke|p2|Roaring Moon, L50|
|poke|p2|Umbreon, L50, F|
|poke|p2|Clefairy, L50, M|
|teampreview|4
|
|t:|1750828947
|start
|switch|p1a: Ursaluna|Ursaluna-Bloodmoon, L50, M|100/100
|switch|p1b: Oranguru|Oranguru, L50, F|100/100
|switch|p2a: Umbreon|Umbreon, L50, F|100/100
|switch|p2b: Lunala|Lunala, L50|100/100
|turn|1
|inactive|Battle timer is ON: inactive players will automatically lose when time's up. (requested by chubao1132)
|inactive|PakTinVGC has 60 seconds left.
|
|t:|1750828993
|move|p2b: Lunala|Protect|p2b: Lunala
|-singleturn|p2b: Lunala|Protect
|move|p2a: Umbreon|Snarl|p1b: Oranguru|[spread] p1a,p1b
|-supereffective|p1b: Oranguru
|-damage|p1a: Ursaluna|91/100
|-damage|p1b: Oranguru|84/100
|-unboost|p1a: Ursaluna|spa|1
|-unboost|p1b: Oranguru|spa|1
|move|p1b: Oranguru|Foul Play|p2b: Lunala
|-activate|p2b: Lunala|move: Protect
|move|p1a: Ursaluna|Blood Moon|p2a: Umbreon
|-damage|p2a: Umbreon|64/100
|
|-heal|p2a: Umbreon|70/100|[from] item: Leftovers
|upkeep
|turn|2
|inactive|chubao1132 has 30 seconds left.
|inactive|PakTinVGC has 30 seconds left.
|
|t:|1750829021
|switch|p1a: Calyrex|Calyrex-Ice, L50|100/100
|-ability|p1a: Calyrex|As One
|-ability|p1a: Calyrex|Unnerve
|move|p2b: Lunala|Wide Guard|p2b: Lunala
|-singleturn|p2b: Lunala|Wide Guard
|move|p2a: Umbreon|Snarl|p1b: Oranguru|[spread] p1a,p1b
|-supereffective|p1a: Calyrex
|-crit|p1a: Calyrex
|-supereffective|p1b: Oranguru
|-damage|p1a: Calyrex|80/100
|-damage|p1b: Oranguru|68/100
|-unboost|p1b: Oranguru|spa|1
|move|p1b: Oranguru|Foul Play|p2b: Lunala
|-supereffective|p2b: Lunala
|-damage|p2b: Lunala|72/100
|
|-heal|p2a: Umbreon|76/100|[from] item: Leftovers
|upkeep
|turn|3
|inactive|PakTinVGC has 30 seconds left.
|
|t:|1750829049
|move|p2b: Lunala|Moongeist Beam|p1a: Calyrex
|-supereffective|p1a: Calyrex
|-damage|p1a: Calyrex|0 fnt
|faint|p1a: Calyrex
|move|p2a: Umbreon|Foul Play|p1b: Oranguru
|-supereffective|p1b: Oranguru
|-damage|p1b: Oranguru|41/100
|move|p1b: Oranguru|Instruct|p1: Calyrex|[notarget]
|-fail|p1b: Oranguru
|
|-heal|p2a: Umbreon|82/100|[from] item: Leftovers
|upkeep
|
|t:|1750829061
|switch|p1a: Ursaluna|Ursaluna-Bloodmoon, L50, M|91/100
|turn|4
|
|t:|1750829079
|move|p2b: Lunala|Protect|p2b: Lunala
|-singleturn|p2b: Lunala|Protect
|move|p1a: Ursaluna|Protect|p1a: Ursaluna
|-singleturn|p1a: Ursaluna|Protect
|move|p2a: Umbreon|Snarl|p1a: Ursaluna|[spread] p1b
|-activate|p1a: Ursaluna|move: Protect
|-supereffective|p1b: Oranguru
|-crit|p1b: Oranguru
|-damage|p1b: Oranguru|16/100
|-unboost|p1b: Oranguru|spa|1
|move|p1b: Oranguru|Trick Room|p1b: Oranguru
|-fieldstart|move: Trick Room|[of] p1b: Oranguru
|
|-heal|p2a: Umbreon|88/100|[from] item: Leftovers
|upkeep
|turn|5
|inactive|PakTinVGC has 30 seconds left.
|inactive|PakTinVGC has 20 seconds left.
|
|t:|1750829117
|switch|p2b: Clefairy|Clefairy, L50, M|100/100
|move|p1a: Ursaluna|Blood Moon|p2b: Clefairy
|-damage|p2b: Clefairy|17/100
|move|p1b: Oranguru|Instruct|p1a: Ursaluna
|-singleturn|p1a: Ursaluna|move: Instruct|[of] p1b: Oranguru
|move|p1a: Ursaluna|Blood Moon|p2b: Clefairy
|-crit|p2b: Clefairy
|-damage|p2b: Clefairy|0 fnt
|faint|p2b: Clefairy
|-hint|Some effects can force a Pokemon to use Blood Moon again in a row.
|move|p2a: Umbreon|Snarl|p1a: Ursaluna|[spread] p1a,p1b
|-supereffective|p1b: Oranguru
|-damage|p1a: Ursaluna|82/100
|-damage|p1b: Oranguru|0 fnt
|-unboost|p1a: Ursaluna|spa|1
|faint|p1b: Oranguru
|
|-heal|p2a: Umbreon|94/100|[from] item: Leftovers
|upkeep
|
|t:|1750829138
|switch|p2b: Ursaluna|Ursaluna, L50, F|100/100
|switch|p1b: Lunala|Lunala, L50|100/100
|turn|6
|
|t:|1750829154
|-terastallize|p1a: Ursaluna|Normal
|move|p2b: Ursaluna|Protect|p2b: Ursaluna
|-singleturn|p2b: Ursaluna|Protect
|move|p1b: Lunala|Wide Guard|p1b: Lunala
|-singleturn|p1b: Lunala|Wide Guard
|move|p1a: Ursaluna|Hyper Voice|p2a: Umbreon|[spread] p2a
|-activate|p2b: Ursaluna|move: Protect
|-damage|p2a: Umbreon|69/100
|-enditem|p1a: Ursaluna|Throat Spray
|-boost|p1a: Ursaluna|spa|1|[from] item: Throat Spray
|move|p2a: Umbreon|Snarl|p1b: Lunala|[spread] 
|-activate|p1a: Ursaluna|move: Wide Guard
|-activate|p1b: Lunala|move: Wide Guard
|
|-heal|p2a: Umbreon|75/100|[from] item: Leftovers
|-status|p2b: Ursaluna|brn|[from] item: Flame Orb
|upkeep
|turn|7
|inactive|PakTinVGC has 30 seconds left.
|inactive|PakTinVGC has 20 seconds left.
|
|t:|1750829193
|move|p2b: Ursaluna|Facade|p1a: Ursaluna
|-damage|p1a: Ursaluna|0 fnt
|faint|p1a: Ursaluna
|move|p2a: Umbreon|Snarl|p1b: Lunala
|-supereffective|p1b: Lunala
|-damage|p1b: Lunala|86/100
|-unboost|p1b: Lunala|spa|1
|move|p1b: Lunala|Moonblast|p2b: Ursaluna
|-damage|p2b: Ursaluna|85/100 brn
|
|-heal|p2a: Umbreon|81/100|[from] item: Leftovers
|-damage|p2b: Ursaluna|79/100 brn|[from] brn
|upkeep
|turn|8
|-message|chubao1132 forfeited.
|
|win|PakTinVGC
|raw|chubao1132's rating: 1083 &rarr; <strong>1059</strong><br />(-24 for losing)
|raw|PakTinVGC's rating: 1057 &rarr; <strong>1091</strong><br />(+34 for winning)
|l|‽chubao1132
|player|p1|
|l|☆PakTinVGC
|player|p2|
