|j|☆Big Couch Cushion
|j|☆turtwig26
|t:|1750725893
|gametype|doubles
|player|p1|Big Couch Cushion|265|1214
|player|p2|turtwig26|2|1177
|teamsize|p1|6
|teamsize|p2|6
|gen|9
|tier|[Gen 9] VGC 2025 Reg I
|rated|
|rule|Species Clause: Limit one of each Pokémon
|rule|Item Clause: Limit 1 of each item
|clearpoke
|poke|p1|Gothitelle, L50, F|
|poke|p1|Sinistcha, L50|
|poke|p1|Kyogre, L50|
|poke|p1|Farigiraf, L50, M|
|poke|p1|Sneasler, L50, M|
|poke|p1|Raichu, L50, F|
|poke|p2|Articuno, L50|
|poke|p2|Ninetales-Alola, L50, F|
|poke|p2|Kyurem-White, L50|
|poke|p2|Archaludon, L50, F|
|poke|p2|Maushold-Four, L50|
|poke|p2|Amoonguss, L50, M|
|teampreview|4
turtwig26 rejected open team sheets.
|
|t:|1750725939
|start
|switch|p1a: Kyogre|Kyogre, L50|100/100
|switch|p1b: Sneasler|Sneasler, L50, M|100/100
|switch|p2a: Articuno|Articuno, L50|100/100
|switch|p2b: Ninetales|Ninetales-Alola, L50, F|100/100
|-weather|RainDance|[from] ability: Drizzle|[of] p1a: Kyogre
|-weather|Snowscape|[from] ability: Snow Warning|[of] p2b: Ninetales
|turn|1
|
|t:|1750725960
|-terastallize|p1a: Kyogre|Water
|-terastallize|p2a: Articuno|Ice
|move|p1b: Sneasler|Feint|p2a: Articuno
|-damage|p2a: Articuno|91/100
|move|p1a: Kyogre|Water Spout|p2a: Articuno|[spread] p2a,p2b
|-damage|p2a: Articuno|16/100
|-damage|p2b: Ninetales|0 fnt
|faint|p2b: Ninetales
|move|p2a: Articuno|Blizzard|p1b: Sneasler|[spread] p1a,p1b
|-resisted|p1a: Kyogre
|-crit|p1b: Sneasler
|-damage|p1a: Kyogre|72/100
|-enditem|p1b: Sneasler|Focus Sash
|-damage|p1b: Sneasler|1/100
|
|-weather|Snowscape|[upkeep]
|upkeep
|
|t:|1750725976
|switch|p2b: Kyurem|Kyurem-White, L50|100/100
|-ability|p2b: Kyurem|Turboblaze
|turn|2
|
|t:|1750725985
|move|p2b: Kyurem|Protect|p2b: Kyurem
|-singleturn|p2b: Kyurem|Protect
|move|p1b: Sneasler|Close Combat|p2b: Kyurem
|-activate|p2b: Kyurem|move: Protect
|move|p1a: Kyogre|Water Spout|p2a: Articuno|[spread] p2a
|-activate|p2b: Kyurem|move: Protect
|-damage|p2a: Articuno|0 fnt
|faint|p2a: Articuno
|
|-weather|Snowscape|[upkeep]
|upkeep
|
|t:|1750725996
|switch|p2a: Amoonguss|Amoonguss, L50, M|100/100
|turn|3
|
|t:|1750726010
|switch|p1b: Sinistcha|Sinistcha, L50|100/100
|-heal|p1a: Kyogre|97/100|[from] ability: Hospitality|[of] p1b: Sinistcha
|move|p1a: Kyogre|Water Spout|p2a: Amoonguss|[spread] p2a,p2b
|-resisted|p2a: Amoonguss
|-crit|p2a: Amoonguss
|-resisted|p2b: Kyurem
|-damage|p2a: Amoonguss|56/100
|-damage|p2b: Kyurem|67/100
|move|p2b: Kyurem|Ice Burn||[still]
|-prepare|p2b: Kyurem|Ice Burn
|-enditem|p2b: Kyurem|Power Herb
|-anim|p2b: Kyurem|Ice Burn|p1a: Kyogre
|-resisted|p1a: Kyogre
|-damage|p1a: Kyogre|63/100
|move|p2a: Amoonguss|Spore|p1a: Kyogre
|-status|p1a: Kyogre|slp|[from] move: Spore
|
|-weather|Snowscape|[upkeep]
|upkeep
|turn|4
|
|t:|1750726038
|switch|p1a: Raichu|Raichu, L50, F|100/100
|move|p1b: Sinistcha|Protect|p1b: Sinistcha
|-singleturn|p1b: Sinistcha|Protect
|move|p2b: Kyurem|Blizzard|p1b: Sinistcha|[spread] p1a
|-activate|p1b: Sinistcha|move: Protect
|-damage|p1a: Raichu|44/100
|-status|p1a: Raichu|frz
|move|p2a: Amoonguss|Sludge Bomb|p1b: Sinistcha
|-activate|p1b: Sinistcha|move: Protect
|
|-weather|Snowscape|[upkeep]
|upkeep
|turn|5
|
|t:|1750726061
|-curestatus|p1a: Raichu|frz|[msg]
|move|p1a: Raichu|Electroweb|p2a: Amoonguss|[spread] p2a,p2b
|-resisted|p2a: Amoonguss
|-resisted|p2b: Kyurem
|-damage|p2a: Amoonguss|51/100
|-damage|p2b: Kyurem|60/100
|-unboost|p2a: Amoonguss|spe|1
|-unboost|p2b: Kyurem|spe|1
|move|p2b: Kyurem|Blizzard|p1b: Sinistcha|[spread] p1a,p1b
|-supereffective|p1b: Sinistcha
|-damage|p1a: Raichu|0 fnt
|-damage|p1b: Sinistcha|0 fnt
|faint|p1a: Raichu
|faint|p1b: Sinistcha
|move|p2a: Amoonguss|Pollen Puff|p2b: Kyurem
|-heal|p2b: Kyurem|100/100
|
|-weather|none
|upkeep
|
|t:|1750726077
|switch|p1a: Kyogre|Kyogre, L50, tera:Water|63/100 slp
|switch|p1b: Sneasler|Sneasler, L50, M|1/100
|-weather|RainDance|[from] ability: Drizzle|[of] p1a: Kyogre
|turn|6
|
|t:|1750726096
|move|p2a: Amoonguss|Rage Powder|p2a: Amoonguss
|-singleturn|p2a: Amoonguss|move: Rage Powder
|cant|p1a: Kyogre|slp
|move|p1b: Sneasler|Close Combat|p2a: Amoonguss
|-resisted|p2a: Amoonguss
|-damage|p2a: Amoonguss|14/100
|-unboost|p1b: Sneasler|def|1
|-unboost|p1b: Sneasler|spd|1
|-damage|p1b: Sneasler|0 fnt|[from] item: Rocky Helmet|[of] p2a: Amoonguss
|faint|p1b: Sneasler
|move|p2b: Kyurem|Blizzard|p1a: Kyogre
|-resisted|p1a: Kyogre
|-damage|p1a: Kyogre|36/100 slp
|
|-weather|RainDance|[upkeep]
|upkeep
|turn|7
|
|t:|1750726140
|-curestatus|p1a: Kyogre|slp|[msg]
|move|p1a: Kyogre|Origin Pulse|p2a: Amoonguss|[spread] p2a,p2b
|-resisted|p2a: Amoonguss
|-resisted|p2b: Kyurem
|-damage|p2a: Amoonguss|0 fnt
|-damage|p2b: Kyurem|56/100
|faint|p2a: Amoonguss
|move|p2b: Kyurem|Blizzard|p1a: Kyogre
|-resisted|p1a: Kyogre
|-damage|p1a: Kyogre|12/100
|
|-weather|RainDance|[upkeep]
|upkeep
|turn|8
|
|t:|1750726155
|move|p2b: Kyurem|Protect|p2b: Kyurem
|-singleturn|p2b: Kyurem|Protect
|move|p1a: Kyogre|Origin Pulse|p2b: Kyurem
|-activate|p2b: Kyurem|move: Protect
|
|-weather|RainDance|[upkeep]
|upkeep
|turn|9
|
|t:|1750726163
|move|p1a: Kyogre|Origin Pulse|p2b: Kyurem
|-resisted|p2b: Kyurem
|-damage|p2b: Kyurem|0 fnt
|faint|p2b: Kyurem
|
|win|Big Couch Cushion
|raw|Big Couch Cushion's rating: 1214 &rarr; <strong>1236</strong><br />(+22 for winning)
|raw|turtwig26's rating: 1177 &rarr; <strong>1155</strong><br />(-22 for losing)
|c|☆turtwig26|GG
|l|☆turtwig26
|player|p2|
