|j|☆HiShadowGarden
|j|☆cordab
|t:|1750772357
|gametype|doubles
|player|p1|HiShadowGarden|169|1157
|player|p2|cordab|cynthia|1282
|teamsize|p1|6
|teamsize|p2|6
|gen|9
|tier|[Gen 9] VGC 2025 Reg I
|rated|
|rule|Species Clause: Limit one of each Pokémon
|rule|Item Clause: Limit 1 of each item
|clearpoke
|poke|p1|Calyrex-Ice, L50|
|poke|p1|Necrozma-Dawn-Wings, L50|
|poke|p1|Indeedee-F, L50, F|
|poke|p1|Alcremie, L50, F|
|poke|p1|Gallade, L50, M|
|poke|p1|Ursaluna, L50, M|
|poke|p2|Calyrex-Shadow, L50|
|poke|p2|Chi-Yu, L50|
|poke|p2|Rillaboom, L50, M|
|poke|p2|Koraidon, L50|
|poke|p2|Flutter Mane, L50|
|poke|p2|Farigiraf, L50, M|
|teampreview|4
|inactive|Battle timer is ON: inactive players will automatically lose when time's up. (requested by HiShadowGarden)
|
|t:|1750772383
|start
|switch|p1a: Necrozma|Necrozma-Dawn-Wings, L50|100/100
|switch|p1b: Gallade|Gallade, L50, M|100/100
|switch|p2a: Farigiraf|Farigiraf, L50, M|100/100
|switch|p2b: Calyrex|Calyrex-Shadow, L50|100/100
|-ability|p2b: Calyrex|As One
|-ability|p2b: Calyrex|Unnerve
|turn|1
|
|t:|1750772407
|switch|p2b: Koraidon|Koraidon, L50|100/100
|-weather|SunnyDay|[from] ability: Orichalcum Pulse|[of] p2b: Koraidon
|-activate|p2b: Koraidon|Orichalcum Pulse|[source]
|move|p1b: Gallade|Wide Guard|p1b: Gallade
|-singleturn|p1b: Gallade|Wide Guard
|move|p2a: Farigiraf|Imprison|p2a: Farigiraf
|-start|p2a: Farigiraf|move: Imprison
|cant|p1a: Necrozma|move: Imprison|Trick Room
|
|-weather|SunnyDay|[upkeep]
|upkeep
|turn|2
|inactive|HiShadowGarden has 30 seconds left.
|
|t:|1750772441
|-terastallize|p2b: Koraidon|Fire
|-terastallize|p1a: Necrozma|Water
|move|p2b: Koraidon|Flare Blitz|p1b: Gallade
|-damage|p1b: Gallade|0 fnt
|faint|p1b: Gallade
|-damage|p2b: Koraidon|68/100|[from] Recoil
|-damage|p2b: Koraidon|58/100|[from] item: Life Orb
|move|p2a: Farigiraf|Hyper Voice|p1a: Necrozma
|-damage|p1a: Necrozma|78/100
|move|p1a: Necrozma|Moongeist Beam|p2b: Koraidon
|-damage|p2b: Koraidon|0 fnt
|faint|p2b: Koraidon
|
|-weather|SunnyDay|[upkeep]
|upkeep
|
|t:|1750772461
|switch|p2b: Calyrex|Calyrex-Shadow, L50|100/100
|switch|p1b: Indeedee|Indeedee-F, L50, F|100/100
|-ability|p2b: Calyrex|As One
|-ability|p2b: Calyrex|Unnerve
|-fieldstart|move: Psychic Terrain|[from] ability: Psychic Surge|[of] p1b: Indeedee
|turn|3
|
|t:|1750772491
|move|p2b: Calyrex|Protect|p2b: Calyrex
|-singleturn|p2b: Calyrex|Protect
|move|p1b: Indeedee|Follow Me|p1b: Indeedee
|-singleturn|p1b: Indeedee|move: Follow Me
|move|p2a: Farigiraf|Hyper Voice|p1a: Necrozma|[spread] p1a,p1b
|-damage|p1a: Necrozma|58/100
|-damage|p1b: Indeedee|80/100
|-enditem|p1b: Indeedee|Eject Button
|
|t:|1750772499
|switch|p1b: Alcremie|Alcremie, L50, F|100/100
|move|p1a: Necrozma|Moongeist Beam|p2b: Calyrex
|-activate|p2b: Calyrex|move: Protect
|
|-weather|SunnyDay|[upkeep]
|upkeep
|turn|4
|
|t:|1750772520
|move|p2a: Farigiraf|Helping Hand|p2b: Calyrex
|-singleturn|p2b: Calyrex|Helping Hand|[of] p2a: Farigiraf
|move|p2b: Calyrex|Astral Barrage|p1a: Necrozma|[spread] p1a,p1b
|-damage|p1a: Necrozma|5/100
|-damage|p1b: Alcremie|39/100
|move|p1a: Necrozma|Moongeist Beam|p2b: Calyrex
|-supereffective|p2b: Calyrex
|-damage|p2b: Calyrex|0 fnt
|faint|p2b: Calyrex
|move|p1b: Alcremie|Decorate|p1a: Necrozma
|-boost|p1a: Necrozma|atk|2
|-boost|p1a: Necrozma|spa|2
|
|-weather|SunnyDay|[upkeep]
|upkeep
|
|t:|1750772527
|switch|p2b: Chi-Yu|Chi-Yu, L50|100/100
|-ability|p2b: Chi-Yu|Beads of Ruin
|turn|5
|
|t:|1750772548
|move|p2b: Chi-Yu|Heat Wave|p1a: Necrozma|[spread] p1a,p1b
|-resisted|p1a: Necrozma
|-damage|p1a: Necrozma|0 fnt
|-damage|p1b: Alcremie|0 fnt
|faint|p1a: Necrozma
|faint|p1b: Alcremie
|move|p2a: Farigiraf|Hyper Voice|p1: Necrozma|[notarget]
|-fail|p2a: Farigiraf
|
|-weather|none
|upkeep
|-message|HiShadowGarden forfeited.
|
|win|cordab
|raw|HiShadowGarden's rating: 1157 &rarr; <strong>1141</strong><br />(-16 for losing)
|raw|cordab's rating: 1282 &rarr; <strong>1298</strong><br />(+16 for winning)
|l|☆HiShadowGarden
|player|p1|
|l|☆cordab
|player|p2|
