|j|☆Imnewnobully
|j|☆CloneBoy2116
|t:|1750864401
|gametype|doubles
|player|p1|Imnewnobully|170|1174
|player|p2|CloneBoy2116|juggler|1080
|teamsize|p1|6
|teamsize|p2|6
|gen|9
|tier|[Gen 9] VGC 2025 Reg I
|rated|
|rule|Species Clause: Limit one of each Pokémon
|rule|Item Clause: Limit 1 of each item
|clearpoke
|poke|p1|Mudsdale, L50, F|
|poke|p1|Hariyama, L50, F|
|poke|p1|Dialga, L50|
|poke|p1|Indeedee-F, L50, F|
|poke|p1|Lunala, L50|
|poke|p1|Incineroar, L50, M|
|poke|p2|Calyrex-Ice, L50|
|poke|p2|Iron Hands, L50|
|poke|p2|Miraidon, L50|
|poke|p2|Landorus, L50, M|
|poke|p2|Ogerpon-Hearthflame, L50, F|
|poke|p2|Urshifu-*, L50, M|
|teampreview|4
|inactive|Battle timer is ON: inactive players will automatically lose when time's up. (requested by CloneBoy2116)
CloneBoy2116 rejected open team sheets.
|inactive|Imnewnobully has 60 seconds left.
|
|t:|1750864482
|start
|switch|p1a: Hariyama|Hariyama, L50, F|100/100
|switch|p1b: Dialga|Dialga, L50|100/100
|switch|p2a: Calyrex|Calyrex-Ice, L50|100/100
|switch|p2b: Ogerpon|Ogerpon-Hearthflame, L50, F|100/100
|-ability|p2a: Calyrex|As One
|-ability|p2a: Calyrex|Unnerve
|-ability|p2b: Ogerpon|Mold Breaker
|turn|1
|
|t:|1750864503
|move|p1a: Hariyama|Fake Out|p2b: Ogerpon
|-damage|p2b: Ogerpon|86/100
|-damage|p1a: Hariyama|91/100|[from] item: Life Orb
|cant|p2b: Ogerpon|flinch
|move|p1b: Dialga|Flash Cannon|p2a: Calyrex
|-supereffective|p2a: Calyrex
|-damage|p2a: Calyrex|34/100
|move|p2a: Calyrex|Trick Room|p2a: Calyrex
|-fieldstart|move: Trick Room|[of] p2a: Calyrex
|
|upkeep
|turn|2
|inactive|Imnewnobully has 30 seconds left.
|inactive|Imnewnobully has 20 seconds left.
|inactive|Imnewnobully has 15 seconds left.
|
|t:|1750864546
|switch|p1b: Mudsdale|Mudsdale, L50, F|100/100
|move|p1a: Hariyama|Wide Guard|p1a: Hariyama
|-singleturn|p1a: Hariyama|Wide Guard
|move|p2a: Calyrex|Glacial Lance|p1a: Hariyama|[spread] 
|-activate|p1a: Hariyama|move: Wide Guard
|-activate|p1b: Mudsdale|move: Wide Guard
|move|p2b: Ogerpon|Ivy Cudgel|p1b: Mudsdale|[anim] Ivy Cudgel Fire
|-damage|p1b: Mudsdale|60/100
|
|upkeep
|turn|3
|inactive|CloneBoy2116 has 30 seconds left.
|
|t:|1750864574
|move|p1a: Hariyama|Wide Guard|p1a: Hariyama
|-singleturn|p1a: Hariyama|Wide Guard
|move|p1b: Mudsdale|Earthquake|p2a: Calyrex|[spread] p2a,p2b
|-activate|p1a: Hariyama|move: Wide Guard
|-damage|p2a: Calyrex|0 fnt
|-damage|p2b: Ogerpon|41/100
|faint|p2a: Calyrex
|move|p2b: Ogerpon|Ivy Cudgel|p1a: Hariyama|[anim] Ivy Cudgel Fire
|-damage|p1a: Hariyama|43/100
|
|upkeep
|
|t:|1750864588
|switch|p2a: Iron Hands|Iron Hands, L50|100/100
|turn|4
|
|t:|1750864603
|move|p1a: Hariyama|Wide Guard|p1a: Hariyama
|-singleturn|p1a: Hariyama|Wide Guard
|move|p1b: Mudsdale|Earthquake|p2a: Iron Hands|[spread] p2a,p2b
|-activate|p1a: Hariyama|move: Wide Guard
|-supereffective|p2a: Iron Hands
|-damage|p2a: Iron Hands|25/100
|-damage|p2b: Ogerpon|0 fnt
|faint|p2b: Ogerpon
|move|p2a: Iron Hands|Low Kick|p1a: Hariyama
|-damage|p1a: Hariyama|0 fnt
|faint|p1a: Hariyama
|
|upkeep
|
|t:|1750864616
|switch|p1a: Dialga|Dialga, L50|100/100
|switch|p2b: Landorus|Landorus, L50, M|100/100
|turn|5
|inactive|Imnewnobully has 30 seconds left.
|inactive|Imnewnobully has 20 seconds left.
|-message|CloneBoy2116 forfeited.
|
|win|Imnewnobully
|raw|Imnewnobully's rating: 1174 &rarr; <strong>1192</strong><br />(+18 for winning)
|raw|CloneBoy2116's rating: 1080 &rarr; <strong>1064</strong><br />(-16 for losing)
|l|☆CloneBoy2116
|player|p2|
