|j|☆Dakimakura69
|j|☆fskhan
|t:|1750860343
|gametype|doubles
|player|p1|Dakimakura69|cynthia|1379
|player|p2|fskhan|2|1456
|teamsize|p1|6
|teamsize|p2|6
|gen|9
|tier|[Gen 9] VGC 2025 Reg I
|rated|
|rule|Species Clause: Limit one of each Pokémon
|rule|Item Clause: Limit 1 of each item
|clearpoke
|poke|p1|Lunala, L50|
|poke|p1|Koraidon, L50|
|poke|p1|Flutter Mane, L50|
|poke|p1|Indeedee-F, L50, F|
|poke|p1|Ogerpon-Cornerstone, L50, F|
|poke|p1|Chi-Yu, L50|
|poke|p2|Calyrex-Ice, L50|
|poke|p2|Iron Valiant, L50|
|poke|p2|Miraidon, L50|
|poke|p2|Ninetales-Alola, L50, F|
|poke|p2|Incineroar, L50, F|
|poke|p2|Farigiraf, L50, M|
|teampreview|4
|inactive|Battle timer is ON: inactive players will automatically lose when time's up. (requested by Dakimakura69)
Dakimakura69 rejected open team sheets.
|c|☆Dakimakura69|oh waow
|c|☆Dakimakura69|the fifth miraidon and icerider
|c|☆Dakimakura69|in a row
|c|☆Dakimakura69|i am so excited to play
|c|☆Dakimakura69|same duo over and over again
|inactive|Dakimakura69 has 60 seconds left.
|
|t:|1750860388
|start
|switch|p1a: Koraidon|Koraidon, L50|100/100
|switch|p1b: Chi-Yu|Chi-Yu, L50|100/100
|switch|p2a: Incineroar|Incineroar, L50, F|100/100
|switch|p2b: Farigiraf|Farigiraf, L50, M|100/100
|-ability|p1b: Chi-Yu|Beads of Ruin
|-weather|SunnyDay|[from] ability: Orichalcum Pulse|[of] p1a: Koraidon
|-activate|p1a: Koraidon|Orichalcum Pulse|[source]
|-ability|p2a: Incineroar|Intimidate|boost
|-unboost|p1a: Koraidon|atk|1
|-unboost|p1b: Chi-Yu|atk|1
|turn|1
|inactive|Dakimakura69 has 30 seconds left.
|
|t:|1750860416
|switch|p1b: Indeedee|Indeedee-F, L50, F|100/100
|-fieldstart|move: Psychic Terrain|[from] ability: Psychic Surge|[of] p1b: Indeedee
|-terastallize|p1a: Koraidon|Fire
|move|p2a: Incineroar|Fake Out|p1a: Koraidon
|-activate|p1a: Koraidon|move: Psychic Terrain
|move|p1a: Koraidon|Close Combat|p2a: Incineroar
|-supereffective|p2a: Incineroar
|-crit|p2a: Incineroar
|-damage|p2a: Incineroar|0 fnt
|-unboost|p1a: Koraidon|def|1
|-unboost|p1a: Koraidon|spd|1
|faint|p2a: Incineroar
|-damage|p1a: Koraidon|91/100|[from] item: Life Orb
|move|p2b: Farigiraf|Trick Room|p2b: Farigiraf
|-fieldstart|move: Trick Room|[of] p2b: Farigiraf
|
|-weather|SunnyDay|[upkeep]
|upkeep
|
|t:|1750860423
|switch|p2a: Calyrex|Calyrex-Ice, L50|100/100
|-ability|p2a: Calyrex|As One
|-ability|p2a: Calyrex|Unnerve
|turn|2
|inactive|Dakimakura69 has 30 seconds left.
|
|t:|1750860452
|switch|p1a: Chi-Yu|Chi-Yu, L50|100/100
|-ability|p1a: Chi-Yu|Beads of Ruin
|move|p2a: Calyrex|Protect|p2a: Calyrex
|-singleturn|p2a: Calyrex|Protect
|move|p2b: Farigiraf|Hyper Voice|p1b: Indeedee|[spread] p1a,p1b
|-damage|p1a: Chi-Yu|64/100
|-damage|p1b: Indeedee|65/100
|-enditem|p2b: Farigiraf|Throat Spray
|-boost|p2b: Farigiraf|spa|1|[from] item: Throat Spray
|move|p1b: Indeedee|Trick Room|p1b: Indeedee
|-fieldend|move: Trick Room
|
|-weather|SunnyDay|[upkeep]
|upkeep
|turn|3
|inactive|fskhan has 30 seconds left.
|
|t:|1750860478
|move|p1b: Indeedee|Helping Hand|p1a: Chi-Yu
|-singleturn|p1a: Chi-Yu|Helping Hand|[of] p1b: Indeedee
|move|p1a: Chi-Yu|Heat Wave|p2b: Farigiraf|[spread] p2a,p2b
|-supereffective|p2a: Calyrex
|-damage|p2a: Calyrex|0 fnt
|-damage|p2b: Farigiraf|16/100
|faint|p2a: Calyrex
|move|p2b: Farigiraf|Hyper Voice|p1b: Indeedee|[spread] p1a,p1b
|-damage|p1a: Chi-Yu|4/100
|-damage|p1b: Indeedee|9/100
|
|-weather|SunnyDay|[upkeep]
|upkeep
|
|t:|1750860481
|switch|p2a: Miraidon|Miraidon, L50|100/100
|-fieldstart|move: Electric Terrain|[from] ability: Hadron Engine|[of] p2a: Miraidon
|turn|4
|
|t:|1750860502
|move|p1b: Indeedee|Helping Hand|p1a: Chi-Yu
|-singleturn|p1a: Chi-Yu|Helping Hand|[of] p1b: Indeedee
|move|p2b: Farigiraf|Protect|p2b: Farigiraf
|-singleturn|p2b: Farigiraf|Protect
|move|p1a: Chi-Yu|Heat Wave|p2a: Miraidon|[spread] p2a
|-activate|p2b: Farigiraf|move: Protect
|-resisted|p2a: Miraidon
|-damage|p2a: Miraidon|47/100
|move|p2a: Miraidon|Dazzling Gleam|p1a: Chi-Yu|[spread] p1a,p1b
|-damage|p1a: Chi-Yu|0 fnt
|-damage|p1b: Indeedee|0 fnt
|faint|p1a: Chi-Yu
|faint|p1b: Indeedee
|
|-weather|SunnyDay|[upkeep]
|upkeep
|
|t:|1750860514
|switch|p1a: Koraidon|Koraidon, L50, tera:Fire|91/100
|switch|p1b: Lunala|Lunala, L50|100/100
|-activate|p1a: Koraidon|ability: Orichalcum Pulse
|turn|5
|inactive|Dakimakura69 has 30 seconds left.
|inactive|Dakimakura69 has 20 seconds left.
|inactive|Dakimakura69 has 15 seconds left.
|
|t:|1750860558
|-terastallize|p2a: Miraidon|Electric
|move|p2a: Miraidon|Electro Drift|p1a: Koraidon
|-damage|p1a: Koraidon|0 fnt
|faint|p1a: Koraidon
|move|p1b: Lunala|Moongeist Beam|p2a: Miraidon
|-damage|p2a: Miraidon|0 fnt
|faint|p2a: Miraidon
|move|p2b: Farigiraf|Shadow Ball|p1b: Lunala
|-supereffective|p1b: Lunala
|-damage|p1b: Lunala|47/100
|
|-weather|none
|upkeep
|turn|6
|
|t:|1750860582
|move|p1b: Lunala|Meteor Beam||[still]
|-prepare|p1b: Lunala|Meteor Beam
|-boost|p1b: Lunala|spa|1
|-enditem|p1b: Lunala|Power Herb
|-anim|p1b: Lunala|Meteor Beam|p2b: Farigiraf
|-damage|p2b: Farigiraf|0 fnt
|faint|p2b: Farigiraf
|
|win|Dakimakura69
|raw|Dakimakura69's rating: 1379 &rarr; <strong>1403</strong><br />(+24 for winning)
|raw|fskhan's rating: 1456 &rarr; <strong>1432</strong><br />(-24 for losing)
|l|☆fskhan
|player|p2|
|c|☆Dakimakura69|ez
