|j|☆Swiftstorm
|j|☆soggyMuffins
|t:|1750855113
|gametype|doubles
|player|p1|Swiftstorm|1|1359
|player|p2|soggyMuffins|266|1353
|teamsize|p1|6
|teamsize|p2|6
|gen|9
|tier|[Gen 9] VGC 2025 Reg I
|rated|
|rule|Species Clause: Limit one of each Pokémon
|rule|Item Clause: Limit 1 of each item
|clearpoke
|poke|p1|Zamazenta-*, L50|
|poke|p1|Eternatus, L50|
|poke|p1|Raichu, L50, M|
|poke|p1|Weavile, L50, F|
|poke|p1|Politoed, L50, M|
|poke|p1|Great Tusk, L50|
|poke|p2|Landorus-Therian, L50, M|
|poke|p2|Zamazenta-*, L50|
|poke|p2|Calyrex-Shadow, L50|
|poke|p2|Amoonguss, L50, M|
|poke|p2|Incineroar, L50, F|
|poke|p2|Raging Bolt, L50|
|teampreview|4
|inactive|Battle timer is ON: inactive players will automatically lose when time's up. (requested by soggyMuffins)
|inactive|Swiftstorm has 60 seconds left.
|inactive|soggyMuffins has 60 seconds left.
|
|t:|1750855158
|start
|switch|p1a: Zamazenta|Zamazenta-Crowned, L50|100/100
|switch|p1b: Great Tusk|Great Tusk, L50|100/100
|switch|p2a: Landorus|Landorus-Therian, L50, M|100/100
|switch|p2b: Amoonguss|Amoonguss, L50, M, shiny|100/100
|-ability|p1a: Zamazenta|Dauntless Shield|boost
|-boost|p1a: Zamazenta|def|1
|-ability|p2a: Landorus|Intimidate|boost
|-unboost|p1a: Zamazenta|atk|1
|-fail|p1b: Great Tusk|unboost|[from] item: Clear Amulet|[of] p1b: Great Tusk
|turn|1
|inactive|Swiftstorm has 30 seconds left.
|inactive|soggyMuffins has 30 seconds left.
|
|t:|1750855191
|-terastallize|p1a: Zamazenta|Grass
|move|p1b: Great Tusk|Protect|p1b: Great Tusk
|-singleturn|p1b: Great Tusk|Protect
|move|p1a: Zamazenta|Iron Defense|p1a: Zamazenta
|-boost|p1a: Zamazenta|def|2
|move|p2a: Landorus|U-turn|p1b: Great Tusk
|-activate|p1b: Great Tusk|move: Protect
|move|p2b: Amoonguss|Spore|p1a: Zamazenta
|-immune|p1a: Zamazenta
|
|upkeep
|turn|2
|inactive|soggyMuffins has 30 seconds left.
|
|t:|1750855220
|move|p2b: Amoonguss|Rage Powder|p2b: Amoonguss
|-singleturn|p2b: Amoonguss|move: Rage Powder
|move|p1a: Zamazenta|Iron Defense|p1a: Zamazenta
|-boost|p1a: Zamazenta|def|2
|move|p2a: Landorus|U-turn|p1b: Great Tusk
|-resisted|p1b: Great Tusk
|-damage|p1b: Great Tusk|87/100
|
|t:|1750855227
|switch|p2a: Calyrex|Calyrex-Shadow, L50|100/100|[from] U-turn
|-ability|p2a: Calyrex|As One
|-ability|p2a: Calyrex|Unnerve
|move|p1b: Great Tusk|Knock Off|p2b: Amoonguss
|-damage|p2b: Amoonguss|70/100
|-damage|p1b: Great Tusk|70/100|[from] item: Rocky Helmet|[of] p2b: Amoonguss
|-enditem|p2b: Amoonguss|Rocky Helmet|[from] move: Knock Off|[of] p1b: Great Tusk
|
|upkeep
|turn|3
|
|t:|1750855243
|move|p2b: Amoonguss|Rage Powder|p2b: Amoonguss
|-singleturn|p2b: Amoonguss|move: Rage Powder
|move|p2a: Calyrex|Psychic|p1a: Zamazenta
|-damage|p1a: Zamazenta|65/100
|move|p1a: Zamazenta|Body Press|p2b: Amoonguss
|-resisted|p2b: Amoonguss
|-damage|p2b: Amoonguss|0 fnt
|faint|p2b: Amoonguss
|move|p1b: Great Tusk|Knock Off|p2a: Calyrex
|-supereffective|p2a: Calyrex
|-enditem|p2a: Calyrex|Focus Sash
|-damage|p2a: Calyrex|1/100
|
|upkeep
|
|t:|1750855260
|switch|p2b: Landorus|Landorus-Therian, L50, M|100/100
|-ability|p2b: Landorus|Intimidate|boost
|-unboost|p1a: Zamazenta|atk|1
|-fail|p1b: Great Tusk|unboost|[from] item: Clear Amulet|[of] p1b: Great Tusk
|turn|4
|
|t:|1750855281
|move|p2a: Calyrex|Protect|p2a: Calyrex
|-singleturn|p2a: Calyrex|Protect
|move|p1a: Zamazenta|Body Press|p2b: Landorus
|-resisted|p2b: Landorus
|-damage|p2b: Landorus|24/100
|move|p2b: Landorus|U-turn|p1a: Zamazenta
|-supereffective|p1a: Zamazenta
|-damage|p1a: Zamazenta|50/100
|
|t:|1750855290
|switch|p2b: Zamazenta|Zamazenta-Crowned, L50, shiny|100/100|[from] U-turn
|-ability|p2b: Zamazenta|Dauntless Shield|boost
|-boost|p2b: Zamazenta|def|1
|move|p1b: Great Tusk|Knock Off|p2a: Calyrex
|-activate|p2a: Calyrex|move: Protect
|
|upkeep
|turn|5
|inactive|soggyMuffins has 30 seconds left.
|
|t:|1750855322
|move|p2b: Zamazenta|Protect|p2b: Zamazenta
|-singleturn|p2b: Zamazenta|Protect
|move|p1a: Zamazenta|Protect|p1a: Zamazenta
|-singleturn|p1a: Zamazenta|Protect
|move|p2a: Calyrex|Astral Barrage|p1b: Great Tusk|[spread] p1b
|-activate|p1a: Zamazenta|move: Protect
|-damage|p1b: Great Tusk|11/100
|move|p1b: Great Tusk|Knock Off|p2a: Calyrex
|-supereffective|p2a: Calyrex
|-damage|p2a: Calyrex|0 fnt
|faint|p2a: Calyrex
|
|upkeep
|
|t:|1750855332
|switch|p2a: Landorus|Landorus-Therian, L50, M|24/100
|-ability|p2a: Landorus|Intimidate|boost
|-unboost|p1a: Zamazenta|atk|1
|-fail|p1b: Great Tusk|unboost|[from] item: Clear Amulet|[of] p1b: Great Tusk
|turn|6
|
|t:|1750855350
|move|p2b: Zamazenta|Body Press|p1a: Zamazenta
|-damage|p1a: Zamazenta|38/100
|move|p1a: Zamazenta|Body Press|p2b: Zamazenta
|-supereffective|p2b: Zamazenta
|-damage|p2b: Zamazenta|0 fnt
|faint|p2b: Zamazenta
|move|p2a: Landorus|Stomping Tantrum|p1a: Zamazenta
|-resisted|p1a: Zamazenta
|-damage|p1a: Zamazenta|32/100
|move|p1b: Great Tusk|Headlong Rush|p2a: Landorus
|-immune|p2a: Landorus
|
|upkeep
|turn|7
|-message|soggyMuffins forfeited.
|
|win|Swiftstorm
|raw|Swiftstorm's rating: 1359 &rarr; <strong>1379</strong><br />(+20 for winning)
|raw|soggyMuffins's rating: 1353 &rarr; <strong>1333</strong><br />(-20 for losing)
|l|☆soggyMuffins
|player|p2|
|l|☆Swiftstorm
|player|p1|
