|j|☆Sakuraa2004
|j|☆004B
|t:|1750776767
|gametype|doubles
|player|p1|Sakuraa2004|pokemonbreederf-gen4|1520
|player|p2|004B|ghetsis|1618
|teamsize|p1|6
|teamsize|p2|6
|gen|9
|tier|[Gen 9] VGC 2025 Reg I
|rated|
|rule|Species Clause: Limit one of each Pokémon
|rule|Item Clause: Limit 1 of each item
|clearpoke
|poke|p1|Miraidon, L50|
|poke|p1|Lunala, L50|
|poke|p1|Incineroar, L50, F|
|poke|p1|Iron Treads, L50|
|poke|p1|Chesnaught, L50, M|
|poke|p1|Whimsicott, L50, M|
|poke|p2|Miraidon, L50|
|poke|p2|Landorus, L50, M|
|poke|p2|Tornadus, L50, M|
|poke|p2|Farigiraf, L50, M|
|poke|p2|Conkeldurr, L50, F|
|poke|p2|Calyrex-Ice, L50|
|teampreview|4
|inactive|Battle timer is ON: inactive players will automatically lose when time's up. (requested by Sakuraa2004)
|inactive|004B has 60 seconds left.
|
|t:|1750776807
|start
|switch|p1a: Miraidon|Miraidon, L50|100/100
|switch|p1b: Incineroar|Incineroar, L50, F|100/100
|switch|p2a: Zekrom-|Miraidon, L50|100/100
|switch|p2b: Deerling-|Farigiraf, L50, M|100/100
|-fieldstart|move: Electric Terrain|[from] ability: Hadron Engine|[of] p2a: Zekrom-
|-enditem|p2b: Deerling-|Electric Seed
|-boost|p2b: Deerling-|def|1|[from] item: Electric Seed
|-activate|p1a: Miraidon|ability: Hadron Engine
|-ability|p1b: Incineroar|Intimidate|boost
|-unboost|p2a: Zekrom-|atk|1
|-unboost|p2b: Deerling-|atk|1
|turn|1
|inactive|004B has 30 seconds left.
|
|t:|1750776832
|move|p2a: Zekrom-|Draco Meteor|p1a: Miraidon|[miss]
|-miss|p2a: Zekrom-|p1a: Miraidon
|move|p1a: Miraidon|Draco Meteor|p2a: Zekrom-
|-supereffective|p2a: Zekrom-
|-damage|p2a: Zekrom-|0 fnt
|-unboost|p1a: Miraidon|spa|2
|faint|p2a: Zekrom-
|move|p1b: Incineroar|Parting Shot|p2b: Deerling-
|-unboost|p2b: Deerling-|atk|1
|-unboost|p2b: Deerling-|spa|1
|
|t:|1750776843
|switch|p1b: Lunala|Lunala, L50|100/100|[from] Parting Shot
|move|p2b: Deerling-|Trick Room|p2b: Deerling-
|-fieldstart|move: Trick Room|[of] p2b: Deerling-
|
|upkeep
|c|☆004B|funny
|
|t:|1750776855
|switch|p2a: Calyrex|Calyrex-Ice, L50|100/100
|-ability|p2a: Calyrex|As One
|-ability|p2a: Calyrex|Unnerve
|turn|2
|
|t:|1750776872
|switch|p1a: Incineroar|Incineroar, L50, F|100/100
|-ability|p1a: Incineroar|Intimidate|boost
|-fail|p2a: Calyrex|unboost|[from] item: Clear Amulet|[of] p2a: Calyrex
|-unboost|p2b: Deerling-|atk|1
|-terastallize|p2a: Calyrex|Water
|move|p2b: Deerling-|Helping Hand|p2a: Calyrex
|-singleturn|p2a: Calyrex|Helping Hand|[of] p2b: Deerling-
|move|p2a: Calyrex|High Horsepower|p1a: Incineroar
|-supereffective|p1a: Incineroar
|-damage|p1a: Incineroar|2/100
|-damage|p2a: Calyrex|84/100|[from] item: Rocky Helmet|[of] p1a: Incineroar
|move|p1b: Lunala|Meteor Beam||[still]
|-prepare|p1b: Lunala|Meteor Beam
|-boost|p1b: Lunala|spa|1
|-enditem|p1b: Lunala|Power Herb
|-anim|p1b: Lunala|Meteor Beam|p2a: Calyrex
|-damage|p2a: Calyrex|34/100
|
|upkeep
|turn|3
|inactive|Sakuraa2004 has 30 seconds left.
|inactive|004B has 30 seconds left.
|
|t:|1750776905
|switch|p2b: Y.M.C.A|Conkeldurr, L50, F|100/100
|move|p1a: Incineroar|Helping Hand|p1b: Lunala
|-singleturn|p1b: Lunala|Helping Hand|[of] p1a: Incineroar
|move|p2a: Calyrex|Glacial Lance|p1b: Lunala|[spread] p1a,p1b
|-resisted|p1a: Incineroar
|-damage|p1a: Incineroar|0 fnt
|-damage|p1b: Lunala|76/100
|faint|p1a: Incineroar
|-ability|p2a: Calyrex|Chilling Neigh|boost
|-boost|p2a: Calyrex|atk|1
|move|p1b: Lunala|Moonblast|p2b: Y.M.C.A
|-supereffective|p2b: Y.M.C.A
|-damage|p2b: Y.M.C.A|0 fnt
|faint|p2b: Y.M.C.A
|
|upkeep
|
|t:|1750776923
|switch|p2b: Deerling-|Farigiraf, L50, M|100/100
|switch|p1a: Iron Treads|Iron Treads, L50|100/100
|-activate|p1a: Iron Treads|ability: Quark Drive
|-start|p1a: Iron Treads|quarkdrivespe
|turn|4
|
|t:|1750776943
|move|p2a: Calyrex|Protect|p2a: Calyrex
|-singleturn|p2a: Calyrex|Protect
|move|p2b: Deerling-|Foul Play|p1b: Lunala
|-supereffective|p1b: Lunala
|-damage|p1b: Lunala|20/100
|move|p1b: Lunala|Moongeist Beam|p2a: Calyrex
|-activate|p2a: Calyrex|move: Protect
|move|p1a: Iron Treads|High Horsepower|p2a: Calyrex
|-activate|p2a: Calyrex|move: Protect
|
|upkeep
|turn|5
|
|t:|1750776959
|move|p1a: Iron Treads|Protect|p1a: Iron Treads
|-singleturn|p1a: Iron Treads|Protect
|move|p1b: Lunala|Moonblast|p2a: Calyrex
|-damage|p2a: Calyrex|0 fnt
|faint|p2a: Calyrex
|move|p2b: Deerling-|Trick Room|p2b: Deerling-
|-fieldend|move: Trick Room
|
|-fieldend|move: Electric Terrain
|-end|p1a: Iron Treads|Quark Drive
|upkeep
|turn|6
|
|t:|1750776974
|move|p1a: Iron Treads|Iron Head|p2b: Deerling-
|-damage|p2b: Deerling-|60/100
|-damage|p1a: Iron Treads|91/100|[from] item: Life Orb
|move|p1b: Lunala|Moonblast|p2b: Deerling-
|-damage|p2b: Deerling-|15/100
|cant|p2b: Deerling-|flinch
|
|upkeep
|turn|7
|j| Lavenderawa
|inactive|004B has 30 seconds left.
|
|t:|1750777008
|switch|p1b: Miraidon|Miraidon, L50|100/100
|-fieldstart|move: Electric Terrain|[from] ability: Hadron Engine|[of] p1b: Miraidon
|-activate|p1a: Iron Treads|ability: Quark Drive
|-start|p1a: Iron Treads|quarkdrivespe
|move|p1a: Iron Treads|Steel Roller|p2b: Deerling-
|-damage|p2b: Deerling-|0 fnt
|-fieldend|move: Electric Terrain
|-end|p1a: Iron Treads|Quark Drive
|faint|p2b: Deerling-
|-damage|p1a: Iron Treads|81/100|[from] item: Life Orb
|
|win|Sakuraa2004
|raw|Sakuraa2004's rating: 1520 &rarr; <strong>1545</strong><br />(+25 for winning)
|raw|004B's rating: 1618 &rarr; <strong>1593</strong><br />(-25 for losing)
|l|☆004B
|player|p2|
|l|☆Sakuraa2004
|player|p1|
|l| Lavenderawa
