|j|☆jrdahn
|j|☆Untamedshane
|t:|1750710387
|gametype|doubles
|player|p1|jrdahn|265|1344
|player|p2|Untamedshane|sage|1289
|teamsize|p1|6
|teamsize|p2|6
|gen|9
|tier|[Gen 9] VGC 2025 Reg I
|rated|
|rule|Species Clause: Limit one of each Pokémon
|rule|Item Clause: Limit 1 of each item
|clearpoke
|poke|p1|Calyrex-Ice, L50|
|poke|p1|Rillaboom, L50, F|
|poke|p1|Incineroar, L50, M|
|poke|p1|Terapagos, L50, M|
|poke|p1|Abomasnow, L50, M|
|poke|p1|Urshifu-*, L50, M|
|poke|p2|Calyrex-Ice, L50|
|poke|p2|Regieleki, L50|
|poke|p2|Latios, L50, M|
|poke|p2|Oranguru, L50, F|
|poke|p2|Spidops, L50, F|
|poke|p2|Palkia-Origin, L50|
|teampreview|4
|inactive|Battle timer is ON: inactive players will automatically lose when time's up. (requested by jrdahn)
|c|☆Untamedshane|Glhf
|
|t:|1750710417
|start
|switch|p1a: Abomasnow|Abomasnow, L50, M|100/100
|switch|p1b: Urshifu|Urshifu-Rapid-Strike, L50, M|100/100
|switch|p2a: Spidops|Spidops, L50, F|100/100
|switch|p2b: Latios|Latios, L50, M|100/100
|-weather|Snowscape|[from] ability: Snow Warning|[of] p1a: Abomasnow
|turn|1
|inactive|jrdahn has 30 seconds left.
|inactive|Untamedshane has 30 seconds left.
|
|t:|1750710454
|switch|p1b: Calyrex|Calyrex-Ice, L50|100/100
|-ability|p1b: Calyrex|As One
|-ability|p1b: Calyrex|Unnerve
|move|p2a: Spidops|Sucker Punch|p2b: Latios
|-supereffective|p2b: Latios
|-damage|p2b: Latios|74/100
|-enditem|p2b: Latios|Weakness Policy
|-boost|p2b: Latios|atk|2|[from] item: Weakness Policy
|-boost|p2b: Latios|spa|2|[from] item: Weakness Policy
|move|p2b: Latios|Draco Meteor|p1a: Abomasnow
|-damage|p1a: Abomasnow|0 fnt
|-unboost|p2b: Latios|spa|2
|faint|p1a: Abomasnow
|
|-weather|Snowscape|[upkeep]
|upkeep
|
|t:|1750710469
|switch|p1a: Urshifu|Urshifu-Rapid-Strike, L50, M|100/100
|turn|2
|
|t:|1750710483
|move|p1a: Urshifu|Detect|p1a: Urshifu
|-singleturn|p1a: Urshifu|Protect
|move|p2b: Latios|Luster Purge|p1a: Urshifu
|-activate|p1a: Urshifu|move: Protect
|move|p2a: Spidops|Circle Throw|p1b: Calyrex
|-damage|p1b: Calyrex|96/100
|drag|p1b: Terapagos|Terapagos, L50, M|100/100
|-activate|p1b: Terapagos|ability: Tera Shift
|detailschange|p1b: Terapagos|Terapagos-Terastal, L50, M
|-heal|p1b: Terapagos|100/100|[silent]
|
|-weather|Snowscape|[upkeep]
|upkeep
|turn|3
|
|t:|1750710507
|switch|p1a: Calyrex|Calyrex-Ice, L50|96/100
|-ability|p1a: Calyrex|As One
|-ability|p1a: Calyrex|Unnerve
|move|p2b: Latios|Luster Purge|p1a: Calyrex
|-resisted|p1a: Calyrex
|-damage|p1a: Calyrex|79/100
|move|p1b: Terapagos|Dark Pulse|p2b: Latios
|-supereffective|p2b: Latios
|-damage|p2b: Latios|13/100
|move|p2a: Spidops|Sticky Web|p1b: Terapagos
|-sidestart|p1: jrdahn|move: Sticky Web
|
|-weather|Snowscape|[upkeep]
|upkeep
|turn|4
|inactive|jrdahn has 30 seconds left.
|inactive|Untamedshane has 30 seconds left.
|
|t:|1750710533
|-terastallize|p2b: Latios|Dragon
|move|p1a: Calyrex|Protect|p1a: Calyrex
|-singleturn|p1a: Calyrex|Protect
|move|p2a: Spidops|Silk Trap|p2a: Spidops
|-singleturn|p2a: Spidops|Protect
|move|p2b: Latios|Draco Meteor|p1a: Calyrex
|-activate|p1a: Calyrex|move: Protect
|move|p1b: Terapagos|Dark Pulse|p2b: Latios
|-damage|p2b: Latios|0 fnt
|faint|p2b: Latios
|
|-weather|Snowscape|[upkeep]
|upkeep
|
|t:|1750710552
|switch|p2b: Berrt|Calyrex-Ice, L50|100/100
|-ability|p2b: Berrt|As One
|-ability|p2b: Berrt|Unnerve
|turn|5
|
|t:|1750710567
|move|p2b: Berrt|Protect|p2b: Berrt
|-singleturn|p2b: Berrt|Protect
|move|p1b: Terapagos|Dark Pulse|p2b: Berrt
|-activate|p2b: Berrt|move: Protect
|move|p1a: Calyrex|Leech Seed|p2b: Berrt
|-activate|p2b: Berrt|move: Protect
|move|p2a: Spidops|Circle Throw|p1b: Terapagos
|-activate|p1b: Terapagos|ability: Tera Shell
|-resisted|p1b: Terapagos
|-damage|p1b: Terapagos|97/100
|drag|p1b: Urshifu|Urshifu-Rapid-Strike, L50, M|100/100
|-activate|p1b: Urshifu|move: Sticky Web
|-unboost|p1b: Urshifu|spe|1
|
|-weather|none
|upkeep
|turn|6
|inactive|Untamedshane has 30 seconds left.
|inactive|jrdahn has 30 seconds left.
|inactive|Untamedshane has 20 seconds left.
|inactive|Untamedshane has 15 seconds left.
|inactive|Untamedshane has 10 seconds left.
|
|t:|1750710613
|-terastallize|p1a: Calyrex|Water
|move|p2a: Spidops|Sucker Punch||[still]
|-fail|p2a: Spidops
|move|p1b: Urshifu|Surging Strikes|p2b: Berrt
|-crit|p2b: Berrt
|-damage|p2b: Berrt|87/100
|-crit|p2b: Berrt
|-damage|p2b: Berrt|73/100
|-crit|p2b: Berrt
|-damage|p2b: Berrt|58/100
|-hitcount|p2b: Berrt|3
|move|p1a: Calyrex|Leech Seed|p2b: Berrt
|-start|p2b: Berrt|move: Leech Seed
|move|p2b: Berrt|Glacial Lance|p1a: Calyrex|[spread] p1a,p1b
|-resisted|p1a: Calyrex
|-resisted|p1b: Urshifu
|-damage|p1a: Calyrex|57/100
|-damage|p1b: Urshifu|63/100
|
|-damage|p2b: Berrt|46/100|[from] Leech Seed|[of] p1a: Calyrex
|-heal|p1a: Calyrex|69/100|[silent]
|upkeep
|turn|7
|inactive|Untamedshane has 30 seconds left.
|inactive|jrdahn has 30 seconds left.
|inactive|Untamedshane has 20 seconds left.
|
|t:|1750710650
|switch|p1b: Terapagos|Terapagos-Terastal, L50, M|97/100
|-activate|p1b: Terapagos|move: Sticky Web
|-unboost|p1b: Terapagos|spe|1
|switch|p2b: ooOO oo00|Oranguru, L50, F|100/100
|move|p2a: Spidops|Circle Throw|p1a: Calyrex
|-damage|p1a: Calyrex|61/100
|drag|p1a: Urshifu|Urshifu-Rapid-Strike, L50, M|63/100
|-activate|p1a: Urshifu|move: Sticky Web
|-unboost|p1a: Urshifu|spe|1
|
|upkeep
|turn|8
|
|t:|1750710669
|switch|p2a: Berrt|Calyrex-Ice, L50|46/100
|-ability|p2a: Berrt|As One
|-ability|p2a: Berrt|Unnerve
|move|p1a: Urshifu|Taunt|p2b: ooOO oo00
|-start|p2b: ooOO oo00|move: Taunt
|-enditem|p2b: ooOO oo00|Mental Herb
|-end|p2b: ooOO oo00|move: Taunt
|move|p1b: Terapagos|Dark Pulse|p2b: ooOO oo00
|-supereffective|p2b: ooOO oo00
|-damage|p2b: ooOO oo00|36/100
|move|p2b: ooOO oo00|Chilling Water|p1a: Urshifu
|-resisted|p1a: Urshifu
|-damage|p1a: Urshifu|54/100
|-unboost|p1a: Urshifu|atk|1
|
|upkeep
|turn|9
|
|t:|1750710690
|move|p1a: Urshifu|Surging Strikes|p2b: ooOO oo00
|-crit|p2b: ooOO oo00
|-damage|p2b: ooOO oo00|18/100
|-crit|p2b: ooOO oo00
|-damage|p2b: ooOO oo00|0 fnt
|faint|p2b: ooOO oo00
|-hitcount|p2: ooOO oo00|2
|move|p1b: Terapagos|Dark Pulse|p2a: Berrt
|-supereffective|p2a: Berrt
|-damage|p2a: Berrt|0 fnt
|faint|p2a: Berrt
|
|upkeep
|c|☆Untamedshane|Gg mate
|c|☆jrdahn|gg
|c|☆jrdahn|cool team
|
|t:|1750710713
|switch|p2b: Spidops|Spidops, L50, F|100/100
|turn|10
|
|t:|1750710726
|switch|p1a: Calyrex|Calyrex-Ice, L50, tera:Water|61/100
|-ability|p1a: Calyrex|As One
|-ability|p1a: Calyrex|Unnerve
|-activate|p1a: Calyrex|move: Sticky Web
|-fail|p1a: Calyrex|unboost|[from] item: Clear Amulet|[of] p1a: Calyrex
|move|p2b: Spidops|Silk Trap|p2b: Spidops
|-singleturn|p2b: Spidops|Protect
|move|p1b: Terapagos|Dark Pulse|p2b: Spidops
|-activate|p2b: Spidops|move: Protect
|
|upkeep
|turn|11
|c|☆Untamedshane|Thanks testing some stuff out
|inactive|Untamedshane has 30 seconds left.
|
|t:|1750710752
|move|p2b: Spidops|Sucker Punch|p1b: Terapagos
|-damage|p1b: Terapagos|89/100
|move|p1b: Terapagos|Dark Pulse|p2b: Spidops
|-damage|p2b: Spidops|64/100
|move|p1a: Calyrex|Trick Room|p1a: Calyrex
|-fieldstart|move: Trick Room|[of] p1a: Calyrex
|
|upkeep
|turn|12
|
|t:|1750710764
|move|p1a: Calyrex|Glacial Lance|p2b: Spidops
|-damage|p2b: Spidops|0 fnt
|faint|p2b: Spidops
|
|win|jrdahn
|raw|jrdahn's rating: 1344 &rarr; <strong>1361</strong><br />(+17 for winning)
|raw|Untamedshane's rating: 1289 &rarr; <strong>1268</strong><br />(-21 for losing)
|l|☆jrdahn
|player|p1|
