|j|☆cali28
|j|☆szoob busziness
|t:|1750739359
|gametype|doubles
|player|p1|cali28|bellelba|1168
|player|p2|szoob busziness|miku-ground|1208
|teamsize|p1|6
|teamsize|p2|6
|gen|9
|tier|[Gen 9] VGC 2025 Reg I
|rated|
|rule|Species Clause: Limit one of each Pokémon
|rule|Item Clause: Limit 1 of each item
|clearpoke
|poke|p1|Eternatus, L50|
|poke|p1|Wo-Chien, L50|
|poke|p1|Kyogre, L50|
|poke|p1|Tornadus, L50, M|
|poke|p1|Incineroar, L50, M|
|poke|p1|Landorus, L50, M|
|poke|p2|Regidrago, L50|
|poke|p2|Zacian-*, L50|
|poke|p2|Walking Wake, L50|
|poke|p2|Flutter Mane, L50|
|poke|p2|Indeedee-F, L50, F|
|poke|p2|Koraidon, L50|
|teampreview|4
|inactive|Battle timer is ON: inactive players will automatically lose when time's up. (requested by cali28)
|inactive|cali28 has 60 seconds left.
|inactive|cali28 has 30 seconds left.
|inactive|cali28 has 20 seconds left.
|
|t:|1750739430
|start
|switch|p1a: Incineroar|Incineroar, L50, M|100/100
|switch|p1b: Tornadus|Tornadus, L50, M|100/100
|switch|p2a: Regidrago|Regidrago, L50|100/100
|switch|p2b: Indeedee|Indeedee-F, L50, F|100/100
|-fieldstart|move: Psychic Terrain|[from] ability: Psychic Surge|[of] p2b: Indeedee
|-ability|p1a: Incineroar|Intimidate|boost
|-unboost|p2a: Regidrago|atk|1
|-unboost|p2b: Indeedee|atk|1
|turn|1
|inactive|cali28 has 30 seconds left.
|
|t:|1750739459
|move|p1b: Tornadus|Tailwind|p1b: Tornadus
|-sidestart|p1: cali28|move: Tailwind
|move|p2a: Regidrago|Dragon Energy|p1b: Tornadus|[spread] p1a,p1b
|-damage|p1a: Incineroar|54/100
|-damage|p1b: Tornadus|0 fnt
|faint|p1b: Tornadus
|move|p1a: Incineroar|Parting Shot|p2a: Regidrago
|-unboost|p2a: Regidrago|atk|1
|-unboost|p2a: Regidrago|spa|1
|
|t:|1750739469
|switch|p1a: Kyogre|Kyogre, L50|100/100|[from] Parting Shot
|-weather|RainDance|[from] ability: Drizzle|[of] p1a: Kyogre
|move|p2b: Indeedee|Trick Room|p2b: Indeedee
|-fieldstart|move: Trick Room|[of] p2b: Indeedee
|
|-weather|RainDance|[upkeep]
|upkeep
|
|t:|1750739482
|switch|p1b: Incineroar|Incineroar, L50, M|54/100
|-ability|p1b: Incineroar|Intimidate|boost
|-unboost|p2a: Regidrago|atk|1
|-unboost|p2b: Indeedee|atk|1
|turn|2
|
|t:|1750739492
|-terastallize|p2a: Regidrago|Dragon
|move|p2b: Indeedee|Helping Hand|p2a: Regidrago
|-singleturn|p2a: Regidrago|Helping Hand|[of] p2b: Indeedee
|move|p1a: Kyogre|Protect|p1a: Kyogre
|-singleturn|p1a: Kyogre|Protect
|move|p1b: Incineroar|Knock Off|p2b: Indeedee
|-supereffective|p2b: Indeedee
|-damage|p2b: Indeedee|0 fnt
|-enditem|p2b: Indeedee|Sitrus Berry|[from] move: Knock Off|[of] p1b: Incineroar
|faint|p2b: Indeedee
|move|p2a: Regidrago|Dragon Energy|p1b: Incineroar|[spread] p1b
|-activate|p1a: Kyogre|move: Protect
|-damage|p1b: Incineroar|0 fnt
|faint|p1b: Incineroar
|
|-weather|RainDance|[upkeep]
|upkeep
|
|t:|1750739507
|switch|p1b: Landorus|Landorus, L50, M|100/100
|switch|p2b: Koraidon|Koraidon, L50|100/100
|-weather|SunnyDay|[from] ability: Orichalcum Pulse|[of] p2b: Koraidon
|-activate|p2b: Koraidon|Orichalcum Pulse|[source]
|turn|3
|
|t:|1750739527
|switch|p2a: Walking Wake|Walking Wake, L50|100/100
|-activate|p2a: Walking Wake|ability: Protosynthesis
|-start|p2a: Walking Wake|protosynthesisspe
|-terastallize|p1b: Landorus|Psychic
|move|p2b: Koraidon|Close Combat|p1a: Kyogre
|-damage|p1a: Kyogre|0 fnt
|-unboost|p2b: Koraidon|def|1
|-unboost|p2b: Koraidon|spd|1
|faint|p1a: Kyogre
|-damage|p2b: Koraidon|91/100|[from] item: Life Orb
|move|p1b: Landorus|Psychic|p2b: Koraidon
|-supereffective|p2b: Koraidon
|-damage|p2b: Koraidon|0 fnt
|faint|p2b: Koraidon
|
|-weather|SunnyDay|[upkeep]
|upkeep
|
|t:|1750739542
|switch|p2b: Regidrago|Regidrago, L50, tera:Dragon|100/100
|turn|4
|
|t:|1750739560
|move|p1b: Landorus|Protect|p1b: Landorus
|-singleturn|p1b: Landorus|Protect
|move|p2b: Regidrago|Dragon Energy|p1b: Landorus
|-activate|p1b: Landorus|move: Protect
|move|p2a: Walking Wake|Hydro Steam|p1b: Landorus
|-activate|p1b: Landorus|move: Protect
|
|-weather|SunnyDay|[upkeep]
|-sideend|p1: cali28|move: Tailwind
|upkeep
|turn|5
|
|t:|1750739577
|move|p1b: Landorus|Psychic|p2b: Regidrago
|-damage|p2b: Regidrago|0 fnt
|faint|p2b: Regidrago
|move|p2a: Walking Wake|Hydro Steam|p1b: Landorus
|-damage|p1b: Landorus|0 fnt
|faint|p1b: Landorus
|
|win|szoob busziness
|raw|cali28's rating: 1168 &rarr; <strong>1146</strong><br />(-22 for losing)
|raw|szoob busziness's rating: 1208 &rarr; <strong>1230</strong><br />(+22 for winning)
|l|☆cali28
|player|p1|
|l|☆szoob busziness
|player|p2|
