|j|☆bunearyboicherry
|j|☆pokeman2007
|t:|1750796415
|gametype|doubles
|player|p1|bunearyboicherry|preschoolerf-gen6|1193
|player|p2|pokeman2007|266|1134
|teamsize|p1|6
|teamsize|p2|6
|gen|9
|tier|[Gen 9] VGC 2025 Reg I
|rated|
|rule|Species Clause: Limit one of each Pokémon
|rule|Item Clause: Limit 1 of each item
|clearpoke
|poke|p1|Groudon, L50|
|poke|p1|Grimmsnarl, L50, M|
|poke|p1|Raging Bolt, L50|
|poke|p1|Abomasnow, L50, F|
|poke|p1|Beartic, L50, F|
|poke|p1|Kyurem, L50|
|poke|p2|Tyranitar, L50, F|
|poke|p2|Terapagos, L50, M|
|poke|p2|Zacian-*, L50|
|poke|p2|Raging Bolt, L50|
|poke|p2|Grimmsnarl, L50, M|
|poke|p2|Clefairy, L50, F|
|teampreview|4
|
|t:|1750796452
|start
|switch|p1a: Grimmsnarl|Grimmsnarl, L50, M, shiny|100/100
|switch|p1b: Beartic|Beartic, L50, F|100/100
|switch|p2a: Zacian|Zacian-Crowned, L50|100/100
|switch|p2b: Tyranitar|Tyranitar, L50, F|100/100
|-ability|p2a: Zacian|Intrepid Sword|boost
|-boost|p2a: Zacian|atk|1
|-weather|Sandstorm|[from] ability: Sand Stream|[of] p2b: Tyranitar
|turn|1
|
|t:|1750796473
|move|p1a: Grimmsnarl|Fake Out|p2a: Zacian
|-resisted|p2a: Zacian
|-damage|p2a: Zacian|94/100
|cant|p2a: Zacian|flinch
|move|p1b: Beartic|Close Combat|p2b: Tyranitar
|-supereffective|p2b: Tyranitar
|-damage|p2b: Tyranitar|6/100
|-unboost|p1b: Beartic|def|1
|-unboost|p1b: Beartic|spd|1
|-enditem|p2b: Tyranitar|Sitrus Berry|[eat]
|-heal|p2b: Tyranitar|30/100|[from] item: Sitrus Berry
|move|p2b: Tyranitar|Body Press|p1b: Beartic
|-supereffective|p1b: Beartic
|-damage|p1b: Beartic|21/100
|
|-weather|Sandstorm|[upkeep]
|-damage|p1b: Beartic|15/100|[from] Sandstorm
|-damage|p1a: Grimmsnarl|95/100|[from] Sandstorm
|upkeep
|turn|2
|
|t:|1750796495
|move|p2b: Tyranitar|Protect|p2b: Tyranitar
|-singleturn|p2b: Tyranitar|Protect
|move|p1a: Grimmsnarl|Reflect|p1a: Grimmsnarl
|-sidestart|p1: bunearyboicherry|Reflect
|move|p2a: Zacian|Behemoth Blade|p1a: Grimmsnarl
|-supereffective|p1a: Grimmsnarl
|-damage|p1a: Grimmsnarl|0 fnt
|faint|p1a: Grimmsnarl
|move|p1b: Beartic|Close Combat|p2a: Zacian
|-damage|p2a: Zacian|60/100
|-unboost|p1b: Beartic|def|1
|-unboost|p1b: Beartic|spd|1
|
|-weather|Sandstorm|[upkeep]
|-damage|p1b: Beartic|9/100|[from] Sandstorm
|upkeep
|
|t:|1750796502
|switch|p1a: Abomasnow|Abomasnow, L50, F|100/100
|-weather|Snowscape|[from] ability: Snow Warning|[of] p1a: Abomasnow
|turn|3
|
|t:|1750796522
|switch|p2b: Grimmsnarl|Grimmsnarl, L50, M|100/100
|move|p2a: Zacian|Behemoth Blade|p1a: Abomasnow
|-supereffective|p1a: Abomasnow
|-damage|p1a: Abomasnow|15/100
|move|p1b: Beartic|Encore||[still]
|-fail|p1b: Beartic
|move|p1a: Abomasnow|Earth Power|p2a: Zacian
|-supereffective|p2a: Zacian
|-damage|p2a: Zacian|24/100
|-unboost|p2a: Zacian|spd|1
|
|-weather|Snowscape|[upkeep]
|upkeep
|turn|4
|
|t:|1750796540
|switch|p2b: Tyranitar|Tyranitar, L50, F|30/100
|-weather|Sandstorm|[from] ability: Sand Stream|[of] p2b: Tyranitar
|move|p2a: Zacian|Behemoth Blade|p1a: Abomasnow
|-supereffective|p1a: Abomasnow
|-damage|p1a: Abomasnow|0 fnt
|faint|p1a: Abomasnow
|move|p1b: Beartic|Close Combat|p2a: Zacian
|-damage|p2a: Zacian|0 fnt
|-unboost|p1b: Beartic|def|1
|-unboost|p1b: Beartic|spd|1
|faint|p2a: Zacian
|
|-weather|Sandstorm|[upkeep]
|-damage|p1b: Beartic|3/100|[from] Sandstorm
|upkeep
|inactive|Battle timer is ON: inactive players will automatically lose when time's up. (requested by bunearyboicherry)
|
|t:|1750796549
|switch|p2a: Terapagos|Terapagos, L50, M|100/100
|switch|p1a: Kyurem|Kyurem, L50|100/100
|-activate|p2a: Terapagos|ability: Tera Shift
|detailschange|p2a: Terapagos|Terapagos-Terastal, L50, M
|-heal|p2a: Terapagos|100/100|[silent]
|-ability|p1a: Kyurem|Pressure
|turn|5
|-message|bunearyboicherry forfeited.
|
|win|pokeman2007
|raw|bunearyboicherry's rating: 1193 &rarr; <strong>1164</strong><br />(-29 for losing)
|raw|pokeman2007's rating: 1134 &rarr; <strong>1163</strong><br />(+29 for winning)
|l|☆bunearyboicherry
|player|p1|
|l|☆pokeman2007
|player|p2|
