|j|☆Godme7o_Anthony
|j|☆daming20009
|t:|1750714102
|gametype|doubles
|player|p1|Godme7o_Anthony|blue|1200
|player|p2|daming20009|170|1220
|teamsize|p1|6
|teamsize|p2|6
|gen|9
|tier|[Gen 9] VGC 2025 Reg I
|rated|
|rule|Species Clause: Limit one of each Pokémon
|rule|Item Clause: Limit 1 of each item
|clearpoke
|poke|p1|Calyrex-Ice, L50|
|poke|p1|Miraidon, L50|
|poke|p1|Rillaboom, L50, F|
|poke|p1|Incineroar, L50, F|
|poke|p1|Farigiraf, L50, F|
|poke|p1|Suicune, L50|
|poke|p2|Calyrex-Shadow, L50|
|poke|p2|Koraidon, L50|
|poke|p2|Weezing-Galar, L50, M|
|poke|p2|Chi-Yu, L50|
|poke|p2|Walking Wake, L50|
|poke|p2|Brute Bonnet, L50|
|teampreview|4
|
|t:|1750714151
|start
|switch|p1a: Farigiraf|Farigiraf, L50, F|100/100
|switch|p1b: Miraidon|Miraidon, L50|100/100
|switch|p2a: Koraidon|Koraidon, L50|100/100
|switch|p2b: Weezing|Weezing-Galar, L50, M, shiny|100/100
|-ability|p2b: Weezing|Neutralizing Gas
|-block|p2a: Koraidon|item: Ability Shield
|-weather|SunnyDay|[from] ability: Orichalcum Pulse|[of] p2a: Koraidon
|-activate|p2a: Koraidon|Orichalcum Pulse|[source]
|turn|1
|inactive|Battle timer is ON: inactive players will automatically lose when time's up. (requested by daming20009)
|inactive|Godme7o_Anthony has 60 seconds left.
|
|t:|1750714185
|-terastallize|p1b: Miraidon|Fairy
|-terastallize|p2a: Koraidon|Fire
|move|p1a: Farigiraf|Helping Hand|p1b: Miraidon
|-singleturn|p1b: Miraidon|Helping Hand|[of] p1a: Farigiraf
|move|p1b: Miraidon|Dazzling Gleam|p2b: Weezing|[spread] p2a,p2b
|-resisted|p2a: Koraidon
|-resisted|p2b: Weezing
|-damage|p2a: Koraidon|71/100
|-damage|p2b: Weezing|64/100
|move|p2a: Koraidon|Collision Course|p1a: Farigiraf
|-damage|p1a: Farigiraf|33/100
|move|p2b: Weezing|Poison Gas|p1b: Miraidon|[spread] p1a,p1b
|-status|p1a: Farigiraf|psn
|-status|p1b: Miraidon|psn
|
|-weather|SunnyDay|[upkeep]
|-damage|p1b: Miraidon|88/100 psn|[from] psn
|-damage|p1a: Farigiraf|20/100 psn|[from] psn
|upkeep
|turn|2
|inactive|daming20009 has 30 seconds left.
|
|t:|1750714213
|move|p1a: Farigiraf|Helping Hand|p1b: Miraidon
|-singleturn|p1b: Miraidon|Helping Hand|[of] p1a: Farigiraf
|move|p1b: Miraidon|Dazzling Gleam|p2b: Weezing|[spread] p2a,p2b
|-resisted|p2a: Koraidon
|-resisted|p2b: Weezing
|-damage|p2a: Koraidon|42/100
|-damage|p2b: Weezing|25/100
|move|p2a: Koraidon|Flare Blitz|p1b: Miraidon
|-damage|p1b: Miraidon|0 fnt
|faint|p1b: Miraidon
|-damage|p2a: Koraidon|17/100|[from] Recoil
|move|p2b: Weezing|Strange Steam|p1a: Farigiraf
|-damage|p1a: Farigiraf|0 fnt
|faint|p1a: Farigiraf
|
|-weather|SunnyDay|[upkeep]
|upkeep
|
|t:|1750714227
|switch|p1b: Suicune|Suicune, L50|100/100
|switch|p1a: Calyrex|Calyrex-Ice, L50|100/100
|-ability|p1a: Calyrex|As One
|-ability|p1a: Calyrex|Unnerve
|turn|3
|c|☆Godme7o_Anthony|gg
|
|t:|1750714246
|move|p1a: Calyrex|Protect|p1a: Calyrex
|-singleturn|p1a: Calyrex|Protect
|move|p2a: Koraidon|Collision Course|p1a: Calyrex
|-activate|p1a: Calyrex|move: Protect
|move|p1b: Suicune|Snarl|p2a: Koraidon|[spread] p2a,p2b
|-resisted|p2b: Weezing
|-damage|p2a: Koraidon|9/100
|-damage|p2b: Weezing|20/100
|-unboost|p2a: Koraidon|spa|1
|-enditem|p1b: Suicune|Throat Spray
|-boost|p1b: Suicune|spa|1|[from] item: Throat Spray
|move|p2b: Weezing|Taunt|p1b: Suicune
|-start|p1b: Suicune|move: Taunt
|
|-weather|SunnyDay|[upkeep]
|upkeep
|turn|4
|inactive|Godme7o_Anthony has 30 seconds left.
|
|t:|1750714276
|move|p2a: Koraidon|Flare Blitz|p1a: Calyrex
|-supereffective|p1a: Calyrex
|-damage|p1a: Calyrex|0 fnt
|faint|p1a: Calyrex
|-damage|p2a: Koraidon|0 fnt|[from] Recoil
|faint|p2a: Koraidon
|move|p1b: Suicune|Shadow Ball|p2b: Weezing
|-damage|p2b: Weezing|0 fnt
|faint|p2b: Weezing
|-end|p2b: Weezing|ability: Neutralizing Gas
|
|-weather|SunnyDay|[upkeep]
|upkeep
|
|t:|1750714290
|switch|p2a: Brute Bonnet|Brute Bonnet, L50|100/100
|switch|p2b: Calyrex|Calyrex-Shadow, L50|100/100
|-ability|p2b: Calyrex|As One
|-ability|p2b: Calyrex|Unnerve
|-activate|p2a: Brute Bonnet|ability: Protosynthesis
|-start|p2a: Brute Bonnet|protosynthesisdef
|turn|5
|
|t:|1750714301
|move|p2a: Brute Bonnet|Rage Powder|p2a: Brute Bonnet
|-singleturn|p2a: Brute Bonnet|move: Rage Powder
|move|p2b: Calyrex|Astral Barrage|p1b: Suicune
|-damage|p1b: Suicune|46/100
|move|p1b: Suicune|Snarl|p2a: Brute Bonnet|[spread] p2a,p2b
|-resisted|p2a: Brute Bonnet
|-supereffective|p2b: Calyrex
|-damage|p2a: Brute Bonnet|95/100
|-damage|p2b: Calyrex|46/100
|-unboost|p2a: Brute Bonnet|spa|1
|-unboost|p2b: Calyrex|spa|1
|
|-weather|none
|-end|p2a: Brute Bonnet|Protosynthesis
|upkeep
|turn|6
|
|t:|1750714322
|move|p2b: Calyrex|Protect|p2b: Calyrex
|-singleturn|p2b: Calyrex|Protect
|move|p1b: Suicune|Snarl|p2a: Brute Bonnet|[spread] p2a
|-activate|p2b: Calyrex|move: Protect
|-resisted|p2a: Brute Bonnet
|-damage|p2a: Brute Bonnet|89/100
|-unboost|p2a: Brute Bonnet|spa|1
|move|p2a: Brute Bonnet|Seed Bomb|p1b: Suicune
|-supereffective|p1b: Suicune
|-damage|p1b: Suicune|0 fnt
|faint|p1b: Suicune
|
|win|daming20009
|raw|Godme7o_Anthony's rating: 1200 &rarr; <strong>1176</strong><br />(-24 for losing)
|raw|daming20009's rating: 1220 &rarr; <strong>1244</strong><br />(+24 for winning)
|l|☆Godme7o_Anthony
|player|p1|
