|j|☆DjWhiteNAwkward
|j|☆Slowpoke Well YT
|t:|1750863693
|gametype|doubles
|player|p1|DjWhiteNAwkward|alder|1426
|player|p2|Slowpoke Well YT|ethan|1467
|teamsize|p1|6
|teamsize|p2|6
|gen|9
|tier|[Gen 9] VGC 2025 Reg I
|rated|
|rule|Species Clause: Limit one of each Pokémon
|rule|Item Clause: Limit 1 of each item
|clearpoke
|poke|p1|Groudon, L50|
|poke|p1|Calyrex-Shadow, L50|
|poke|p1|Rillaboom, L50, F|
|poke|p1|Incineroar, L50, M|
|poke|p1|Raging Bolt, L50|
|poke|p1|Flutter Mane, L50|
|poke|p2|Weezing, L50, M|
|poke|p2|Calyrex-Shadow, L50|
|poke|p2|Koraidon, L50|
|poke|p2|Chi-Yu, L50|
|poke|p2|Raging Bolt, L50|
|poke|p2|Brute Bonnet, L50|
|teampreview|4
|inactive|Battle timer is ON: inactive players will automatically lose when time's up. (requested by Slowpoke Well YT)
|inactive|DjWhiteNAwkward has 60 seconds left.
|
|t:|1750863753
|start
|switch|p1a: Calyrex|Calyrex-Shadow, L50|100/100
|switch|p1b: Flutter Mane|Flutter Mane, L50|100/100
|switch|p2a: Weezing|Weezing, L50, M, shiny|100/100
|switch|p2b: Koraidon|Koraidon, L50|100/100
|-ability|p2a: Weezing|Neutralizing Gas
|-block|p2b: Koraidon|item: Ability Shield
|-ability|p1a: Calyrex|As One
|-ability|p1a: Calyrex|Unnerve
|-weather|SunnyDay|[from] ability: Orichalcum Pulse|[of] p2b: Koraidon
|-activate|p2b: Koraidon|Orichalcum Pulse|[source]
|turn|1
|
|t:|1750863767
|-terastallize|p2b: Koraidon|Fire
|move|p2a: Weezing|Protect|p2a: Weezing
|-singleturn|p2a: Weezing|Protect
|move|p1a: Calyrex|Psychic|p2a: Weezing
|-activate|p2a: Weezing|move: Protect
|move|p1b: Flutter Mane|Dazzling Gleam|p2b: Koraidon|[spread] p2b
|-activate|p2a: Weezing|move: Protect
|-resisted|p2b: Koraidon
|-damage|p2b: Koraidon|78/100
|-damage|p1b: Flutter Mane|91/100|[from] item: Life Orb
|move|p2b: Koraidon|Flame Charge|p1a: Calyrex
|-damage|p1a: Calyrex|10/100
|-boost|p2b: Koraidon|spe|1
|
|-weather|SunnyDay|[upkeep]
|upkeep
|turn|2
|
|t:|1750863784
|move|p1a: Calyrex|Protect|p1a: Calyrex
|-singleturn|p1a: Calyrex|Protect
|move|p2b: Koraidon|Flame Charge|p1a: Calyrex
|-activate|p1a: Calyrex|move: Protect
|move|p1b: Flutter Mane|Shadow Ball|p2b: Koraidon
|-damage|p2b: Koraidon|19/100
|-damage|p1b: Flutter Mane|81/100|[from] item: Life Orb
|move|p2a: Weezing|Toxic Spikes|p1b: Flutter Mane
|-sidestart|p1: DjWhiteNAwkward|move: Toxic Spikes
|
|-weather|SunnyDay|[upkeep]
|upkeep
|turn|3
|
|t:|1750863804
|move|p2b: Koraidon|Flame Charge|p1b: Flutter Mane
|-damage|p1b: Flutter Mane|0 fnt
|-boost|p2b: Koraidon|spe|1
|faint|p1b: Flutter Mane
|-end|p1b: Flutter Mane|Protosynthesis|[silent]
|move|p1a: Calyrex|Psychic|p2a: Weezing
|-supereffective|p2a: Weezing
|-damage|p2a: Weezing|0 fnt
|faint|p2a: Weezing
|-end|p2a: Weezing|ability: Neutralizing Gas
|-ability|p1a: Calyrex|Grim Neigh|boost
|-boost|p1a: Calyrex|spa|1
|
|-weather|SunnyDay|[upkeep]
|upkeep
|
|t:|1750863815
|switch|p1b: Groudon|Groudon, L50|100/100
|switch|p2a: Calyrex|Calyrex-Shadow, L50|100/100
|-ability|p2a: Calyrex|As One
|-ability|p2a: Calyrex|Unnerve
|-status|p1b: Groudon|psn
|turn|4
|
|t:|1750863826
|-terastallize|p1b: Groudon|Fire
|move|p2b: Koraidon|Protect|p2b: Koraidon
|-singleturn|p2b: Koraidon|Protect
|move|p1a: Calyrex|Protect|p1a: Calyrex
|-singleturn|p1a: Calyrex|Protect
|move|p2a: Calyrex|Astral Barrage|p1a: Calyrex|[spread] p1b
|-activate|p1a: Calyrex|move: Protect
|-damage|p1b: Groudon|53/100 psn
|move|p1b: Groudon|Precipice Blades|p2a: Calyrex|[spread] p2a
|-activate|p2b: Koraidon|move: Protect
|-damage|p2a: Calyrex|48/100
|
|-weather|SunnyDay|[upkeep]
|-heal|p1b: Groudon|59/100 psn|[from] item: Leftovers
|-damage|p1b: Groudon|47/100 psn|[from] psn
|upkeep
|turn|5
|
|t:|1750863844
|move|p2b: Koraidon|Flame Charge|p1a: Calyrex
|-damage|p1a: Calyrex|0 fnt
|-boost|p2b: Koraidon|spe|1
|faint|p1a: Calyrex
|move|p2a: Calyrex|Astral Barrage|p1b: Groudon
|-damage|p1b: Groudon|0 fnt
|faint|p1b: Groudon
|-ability|p2a: Calyrex|Grim Neigh|boost
|-boost|p2a: Calyrex|spa|1
|
|-weather|none
|upkeep
|
|t:|1750863847
|switch|p1b: Raging Bolt|Raging Bolt, L50|100/100
|-status|p1b: Raging Bolt|psn
|turn|6
|-message|DjWhiteNAwkward forfeited.
|
|win|Slowpoke Well YT
|raw|DjWhiteNAwkward's rating: 1426 &rarr; <strong>1408</strong><br />(-18 for losing)
|raw|Slowpoke Well YT's rating: 1467 &rarr; <strong>1485</strong><br />(+18 for winning)
|l|☆DjWhiteNAwkward
|player|p1|
|l|☆Slowpoke Well YT
|player|p2|
