|j|☆steviesdad2
|j|☆Jaker0125
|t:|1750859645
|gametype|doubles
|player|p1|steviesdad2|169|1240
|player|p2|Jaker0125|red|1262
|teamsize|p1|6
|teamsize|p2|6
|gen|9
|tier|[Gen 9] VGC 2025 Reg I
|rated|
|rule|Species Clause: Limit one of each Pokémon
|rule|Item Clause: Limit 1 of each item
|clearpoke
|poke|p1|Miraidon, L50|
|poke|p1|Tornadus, L50, M|
|poke|p1|Iron Hands, L50|
|poke|p1|Calyrex-Ice, L50|
|poke|p1|Rillaboom, L50, M|
|poke|p1|Incineroar, L50, M|
|poke|p2|Calyrex-Ice, L50|
|poke|p2|Kyogre, L50|
|poke|p2|Blastoise, L50, M|
|poke|p2|Amoonguss, L50, M|
|poke|p2|Flutter Mane, L50|
|poke|p2|Kingdra, L50, M|
|teampreview|4
|inactive|Battle timer is ON: inactive players will automatically lose when time's up. (requested by Jaker0125)
|
|t:|1750859669
|start
|switch|p1a: Tornadus|Tornadus, L50, M|100/100
|switch|p1b: Miraidon|Miraidon, L50|100/100
|switch|p2a: Kyogre|Kyogre, L50|100/100
|switch|p2b: Blastoise|Blastoise, L50, M|100/100
|-fieldstart|move: Electric Terrain|[from] ability: Hadron Engine|[of] p1b: Miraidon
|-weather|RainDance|[from] ability: Drizzle|[of] p2a: Kyogre
|turn|1
|
|t:|1750859681
|move|p1b: Miraidon|Protect|p1b: Miraidon
|-singleturn|p1b: Miraidon|Protect
|move|p2b: Blastoise|Fake Out|p1b: Miraidon
|-activate|p1b: Miraidon|move: Protect
|move|p1a: Tornadus|Taunt|p2b: Blastoise
|-start|p2b: Blastoise|move: Taunt
|move|p2a: Kyogre|Water Spout|p1b: Miraidon|[spread] p1a
|-activate|p1b: Miraidon|move: Protect
|-crit|p1a: Tornadus
|-damage|p1a: Tornadus|0 fnt
|faint|p1a: Tornadus
|
|-weather|RainDance|[upkeep]
|upkeep
|
|t:|1750859691
|switch|p1a: Iron Hands|Iron Hands, L50|100/100
|-activate|p1a: Iron Hands|ability: Quark Drive
|-start|p1a: Iron Hands|quarkdriveatk
|turn|2
|
|t:|1750859710
|switch|p2b: Amoonguss|Amoonguss, L50, M|100/100
|move|p2a: Kyogre|Protect|p2a: Kyogre
|-singleturn|p2a: Kyogre|Protect
|move|p1b: Miraidon|Electro Drift|p2b: Amoonguss
|-resisted|p2b: Amoonguss
|-damage|p2b: Amoonguss|55/100
|-damage|p1b: Miraidon|91/100|[from] item: Life Orb
|move|p1a: Iron Hands|Low Kick|p2a: Kyogre
|-activate|p2a: Kyogre|move: Protect
|
|-weather|RainDance|[upkeep]
|upkeep
|turn|3
|inactive|Jaker0125 has 30 seconds left.
|
|t:|1750859735
|move|p2b: Amoonguss|Rage Powder|p2b: Amoonguss
|-singleturn|p2b: Amoonguss|move: Rage Powder
|move|p1b: Miraidon|Dazzling Gleam|p2b: Amoonguss|[spread] p2a,p2b
|-resisted|p2b: Amoonguss
|-damage|p2a: Kyogre|74/100
|-damage|p2b: Amoonguss|41/100
|-damage|p1b: Miraidon|81/100|[from] item: Life Orb
|move|p2a: Kyogre|Water Spout|p1a: Iron Hands|[spread] p1a,p1b
|-resisted|p1b: Miraidon
|-crit|p1b: Miraidon
|-damage|p1a: Iron Hands|17/100
|-damage|p1b: Miraidon|15/100
|move|p1a: Iron Hands|Low Kick|p2b: Amoonguss
|-resisted|p2b: Amoonguss
|-damage|p2b: Amoonguss|29/100
|
|-weather|RainDance|[upkeep]
|upkeep
|turn|4
|l|☆steviesdad2
|inactive|steviesdad2 disconnected and has a minute to reconnect!
|player|p1|
|j|☆steviesdad2
|inactive|steviesdad2 reconnected and has 40 seconds left.
|player|p1|steviesdad2|169|
|inactive|steviesdad2 has 30 seconds left.
|
|t:|1750859763
|move|p2b: Amoonguss|Rage Powder|p2b: Amoonguss
|-singleturn|p2b: Amoonguss|move: Rage Powder
|move|p1b: Miraidon|Dazzling Gleam|p2b: Amoonguss|[spread] p2a,p2b
|-resisted|p2b: Amoonguss
|-damage|p2a: Kyogre|45/100
|-damage|p2b: Amoonguss|13/100
|-damage|p1b: Miraidon|5/100|[from] item: Life Orb
|move|p2a: Kyogre|Origin Pulse|p1a: Iron Hands|[spread] p1a,p1b
|-resisted|p1b: Miraidon
|-damage|p1a: Iron Hands|0 fnt
|-damage|p1b: Miraidon|0 fnt
|faint|p1a: Iron Hands
|-end|p1a: Iron Hands|Quark Drive|[silent]
|faint|p1b: Miraidon
|
|-weather|RainDance|[upkeep]
|upkeep
|
|t:|1750859776
|switch|p1a: Calyrex|Calyrex-Ice, L50|100/100
|-ability|p1a: Calyrex|As One
|-ability|p1a: Calyrex|Unnerve
|turn|5
|inactive|Jaker0125 has 30 seconds left.
|
|t:|1750859810
|switch|p2a: Blastoise|Blastoise, L50, M|100/100
|move|p2b: Amoonguss|Protect|p2b: Amoonguss
|-singleturn|p2b: Amoonguss|Protect
|move|p1a: Calyrex|Glacial Lance|p2b: Amoonguss|[spread] p2a
|-activate|p2b: Amoonguss|move: Protect
|-resisted|p2a: Blastoise
|-damage|p2a: Blastoise|78/100
|
|-weather|none
|-fieldend|move: Electric Terrain
|upkeep
|turn|6
|inactive|steviesdad2 has 30 seconds left.
|inactive|steviesdad2 has 20 seconds left.
|
|t:|1750859849
|switch|p2b: Kyogre|Kyogre, L50|45/100
|-weather|RainDance|[from] ability: Drizzle|[of] p2b: Kyogre
|move|p2a: Blastoise|Fake Out|p1a: Calyrex
|-damage|p1a: Calyrex|96/100
|cant|p1a: Calyrex|flinch
|
|-weather|RainDance|[upkeep]
|-heal|p2a: Blastoise|84/100|[from] ability: Rain Dish
|upkeep
|turn|7
|
|t:|1750859862
|move|p2b: Kyogre|Origin Pulse|p1a: Calyrex
|-crit|p1a: Calyrex
|-damage|p1a: Calyrex|0 fnt
|faint|p1a: Calyrex
|
|win|Jaker0125
|raw|steviesdad2's rating: 1240 &rarr; <strong>1217</strong><br />(-23 for losing)
|raw|Jaker0125's rating: 1262 &rarr; <strong>1285</strong><br />(+23 for winning)
|l|☆steviesdad2
|player|p1|
|l|☆Jaker0125
|player|p2|
