|j|☆bopy1905
|j|☆ZEATHS
|t:|1750795957
|gametype|doubles
|player|p1|bopy1905|170|1061
|player|p2|ZEATHS|pokemaniac|1070
|teamsize|p1|6
|teamsize|p2|6
|gen|9
|tier|[Gen 9] VGC 2025 Reg I
|rated|
|rule|Species Clause: Limit one of each Pokémon
|rule|Item Clause: Limit 1 of each item
|clearpoke
|poke|p1|Calyrex-Shadow, L50|
|poke|p1|Chien-Pao, L50|
|poke|p1|Zamazenta-*, L50|
|poke|p1|Raging Bolt, L50|
|poke|p1|Amoonguss, L50, M|
|poke|p1|Rillaboom, L50, F|
|poke|p2|Kyurem-White, L50|
|poke|p2|Zamazenta-*, L50|
|poke|p2|Amoonguss, L50, F|
|poke|p2|Tornadus, L50, M|
|poke|p2|Urshifu-*, L50, M|
|poke|p2|Ditto, L50|
|teampreview|4
ZEATHS has agreed to open team sheets.
|
|t:|1750796006
|start
|switch|p1a: Rillaboom|Rillaboom, L50, F|100/100
|switch|p1b: Zamazenta|Zamazenta-Crowned, L50|100/100
|switch|p2a: Kyurem|Kyurem-White, L50, shiny|100/100
|switch|p2b: Tornadus|Tornadus, L50, M, shiny|100/100
|-ability|p1b: Zamazenta|Dauntless Shield|boost
|-boost|p1b: Zamazenta|def|1
|-ability|p2a: Kyurem|Turboblaze
|-fieldstart|move: Grassy Terrain|[from] ability: Grassy Surge|[of] p1a: Rillaboom
|turn|1
|
|t:|1750796034
|-terastallize|p1b: Zamazenta|Fighting
|move|p1a: Rillaboom|Fake Out|p2b: Tornadus
|-damage|p2b: Tornadus|80/100
|move|p2b: Tornadus|Snowscape|p2b: Tornadus
|-weather|Snowscape
|move|p1b: Zamazenta|Body Press|p2a: Kyurem
|-supereffective|p2a: Kyurem
|-damage|p2a: Kyurem|1/100
|move|p2a: Kyurem|Blizzard|p1a: Rillaboom|[spread] p1a,p1b
|-supereffective|p1a: Rillaboom
|-damage|p1a: Rillaboom|0 fnt
|-damage|p1b: Zamazenta|52/100
|-status|p1b: Zamazenta|frz
|faint|p1a: Rillaboom
|
|-weather|Snowscape|[upkeep]
|-heal|p1b: Zamazenta|58/100 frz|[from] Grassy Terrain
|-heal|p2a: Kyurem|7/100|[from] Grassy Terrain
|upkeep
|
|t:|1750796047
|switch|p1a: Chien-Pao|Chien-Pao, L50|100/100
|-ability|p1a: Chien-Pao|Sword of Ruin
|turn|2
|
|t:|1750796056
|-terastallize|p2a: Kyurem|Ice
|move|p1a: Chien-Pao|Sucker Punch|p2a: Kyurem
|-damage|p2a: Kyurem|0 fnt
|faint|p2a: Kyurem
|-damage|p1a: Chien-Pao|91/100|[from] item: Life Orb
|move|p2b: Tornadus|Tailwind|p2b: Tornadus
|-sidestart|p2: ZEATHS|move: Tailwind
|-curestatus|p1b: Zamazenta|frz|[msg]
|move|p1b: Zamazenta|Heavy Slam|p2b: Tornadus
|-damage|p2b: Tornadus|0 fnt
|faint|p2b: Tornadus
|
|-weather|Snowscape|[upkeep]
|-heal|p1a: Chien-Pao|97/100|[from] Grassy Terrain
|-heal|p1b: Zamazenta|64/100|[from] Grassy Terrain
|upkeep
|
|t:|1750796067
|switch|p2a: Zamazenta|Zamazenta-Crowned, L50|100/100
|switch|p2b: Amoonguss|Amoonguss, L50, F, shiny|100/100
|-ability|p2a: Zamazenta|Dauntless Shield|boost
|-boost|p2a: Zamazenta|def|1
|turn|3
|
|t:|1750796086
|move|p1a: Chien-Pao|Protect|p1a: Chien-Pao
|-singleturn|p1a: Chien-Pao|Protect
|move|p2a: Zamazenta|Iron Defense|p2a: Zamazenta
|-boost|p2a: Zamazenta|def|2
|move|p1b: Zamazenta|Body Press|p2a: Zamazenta
|-supereffective|p2a: Zamazenta
|-damage|p2a: Zamazenta|58/100
|move|p2b: Amoonguss|Spore|p1b: Zamazenta
|-status|p1b: Zamazenta|slp|[from] move: Spore
|
|-weather|Snowscape|[upkeep]
|-heal|p2a: Zamazenta|64/100|[from] Grassy Terrain
|-heal|p1a: Chien-Pao|100/100|[from] Grassy Terrain
|-heal|p1b: Zamazenta|70/100 slp|[from] Grassy Terrain
|upkeep
|turn|4
|
|t:|1750796105
|move|p2a: Zamazenta|Iron Defense|p2a: Zamazenta
|-boost|p2a: Zamazenta|def|2
|move|p1a: Chien-Pao|Taunt|p2a: Zamazenta
|-start|p2a: Zamazenta|move: Taunt
|cant|p1b: Zamazenta|slp
|move|p2b: Amoonguss|Pollen Puff|p2a: Zamazenta
|-heal|p2a: Zamazenta|100/100
|
|-weather|Snowscape|[upkeep]
|-heal|p1b: Zamazenta|76/100 slp|[from] Grassy Terrain
|upkeep
|turn|5
|
|t:|1750796119
|move|p1a: Chien-Pao|Protect|p1a: Chien-Pao
|-singleturn|p1a: Chien-Pao|Protect
|move|p2b: Amoonguss|Rage Powder|p2b: Amoonguss
|-singleturn|p2b: Amoonguss|move: Rage Powder
|move|p2a: Zamazenta|Body Press|p1a: Chien-Pao
|-activate|p1a: Chien-Pao|move: Protect
|cant|p1b: Zamazenta|slp
|
|-weather|none
|-heal|p1b: Zamazenta|82/100 slp|[from] Grassy Terrain
|-sideend|p2: ZEATHS|move: Tailwind
|-fieldend|move: Grassy Terrain
|upkeep
|turn|6
|
|t:|1750796134
|move|p2b: Amoonguss|Rage Powder|p2b: Amoonguss
|-singleturn|p2b: Amoonguss|move: Rage Powder
|move|p1a: Chien-Pao|Ice Spinner|p2b: Amoonguss
|-supereffective|p2b: Amoonguss
|-crit|p2b: Amoonguss
|-damage|p2b: Amoonguss|0 fnt
|-damage|p1a: Chien-Pao|84/100|[from] item: Rocky Helmet|[of] p2b: Amoonguss
|faint|p2b: Amoonguss
|-damage|p1a: Chien-Pao|75/100|[from] item: Life Orb
|-curestatus|p1b: Zamazenta|slp|[msg]
|move|p1b: Zamazenta|Body Press|p2a: Zamazenta
|-supereffective|p2a: Zamazenta
|-damage|p2a: Zamazenta|69/100
|move|p2a: Zamazenta|Body Press|p1a: Chien-Pao
|-supereffective|p1a: Chien-Pao
|-damage|p1a: Chien-Pao|0 fnt
|faint|p1a: Chien-Pao
|
|upkeep
|
|t:|1750796140
|switch|p1a: Calyrex|Calyrex-Shadow, L50|100/100
|-ability|p1a: Calyrex|As One
|-ability|p1a: Calyrex|Unnerve
|turn|7
|
|t:|1750796154
|move|p1a: Calyrex|Astral Barrage|p2a: Zamazenta
|-damage|p2a: Zamazenta|15/100
|move|p1b: Zamazenta|Body Press|p2a: Zamazenta
|-supereffective|p2a: Zamazenta
|-damage|p2a: Zamazenta|0 fnt
|faint|p2a: Zamazenta
|
|win|bopy1905
|raw|bopy1905's rating: 1061 &rarr; <strong>1093</strong><br />(+32 for winning)
|raw|ZEATHS's rating: 1070 &rarr; <strong>1049</strong><br />(-21 for losing)
|c|☆ZEATHS|gg
