|j|☆boubakarou
|j|☆Bodoque31
|t:|1750870014
|gametype|doubles
|player|p1|boubakarou|alder|1170
|player|p2|Bodoque31|skyla|1212
|teamsize|p1|6
|teamsize|p2|6
|gen|9
|tier|[Gen 9] VGC 2025 Reg I
|rated|
|rule|Species Clause: Limit one of each Pokémon
|rule|Item Clause: Limit 1 of each item
|clearpoke
|poke|p1|Calyrex-Shadow, L50|
|poke|p1|Zamazenta-*, L50|
|poke|p1|Incineroar, L50, M|
|poke|p1|Rillaboom, L50, M|
|poke|p1|Urshifu-*, L50, F|
|poke|p1|Ogerpon-Cornerstone, L50, F|
|poke|p2|Miraidon, L50|
|poke|p2|Zamazenta-*, L50|
|poke|p2|Riolu, L50, M|
|poke|p2|Chi-Yu, L50|
|poke|p2|Rillaboom, L50, M|
|poke|p2|Ditto, L50|
|teampreview|4
|inactive|Battle timer is ON: inactive players will automatically lose when time's up. (requested by Bodoque31)
Bodoque31 rejected open team sheets.
|
|t:|1750870041
|start
|switch|p1a: Rillaboom|Rillaboom, L50, M|100/100
|switch|p1b: Zamazenta|Zamazenta-Crowned, L50, shiny|100/100
|switch|p2a: Lucas|Riolu, L50, M, shiny|100/100
|switch|p2b: Dante|Zamazenta-Crowned, L50, shiny|100/100
|-ability|p2b: Dante|Dauntless Shield|boost
|-boost|p2b: Dante|def|1
|-ability|p1b: Zamazenta|Dauntless Shield|boost
|-boost|p1b: Zamazenta|def|1
|-fieldstart|move: Grassy Terrain|[from] ability: Grassy Surge|[of] p1a: Rillaboom
|turn|1
|
|t:|1750870060
|move|p2a: Lucas|Quick Guard|p2a: Lucas
|-singleturn|p2a: Lucas|Quick Guard
|move|p1a: Rillaboom|Fake Out|p2b: Dante
|-activate|p2b: Dante|move: Quick Guard
|move|p1b: Zamazenta|Body Press|p2b: Dante
|-supereffective|p2b: Dante
|-damage|p2b: Dante|40/100
|move|p2b: Dante|Body Press|p1a: Rillaboom
|-damage|p1a: Rillaboom|34/100
|
|-heal|p2b: Dante|47/100|[from] Grassy Terrain
|-heal|p1a: Rillaboom|40/100|[from] Grassy Terrain
|upkeep
|turn|2
|
|t:|1750870080
|move|p2b: Dante|Protect|p2b: Dante
|-singleturn|p2b: Dante|Protect
|move|p1a: Rillaboom|Grassy Glide|p2a: Lucas
|-crit|p2a: Lucas
|-enditem|p2a: Lucas|Focus Sash
|-damage|p2a: Lucas|1/100
|move|p2a: Lucas|Coaching|p2b: Dante
|-boost|p2b: Dante|atk|1
|-boost|p2b: Dante|def|1
|move|p1b: Zamazenta|Body Press|p2b: Dante
|-activate|p2b: Dante|move: Protect
|
|-heal|p2b: Dante|53/100|[from] Grassy Terrain
|-heal|p1a: Rillaboom|45/100|[from] Grassy Terrain
|-heal|p2a: Lucas|7/100|[from] Grassy Terrain
|upkeep
|turn|3
|
|t:|1750870101
|-terastallize|p2b: Dante|Dragon
|move|p2a: Lucas|Quick Guard|p2a: Lucas
|-singleturn|p2a: Lucas|Quick Guard
|move|p1a: Rillaboom|Grassy Glide|p2a: Lucas
|-activate|p2a: Lucas|move: Quick Guard
|move|p2b: Dante|Body Press|p1b: Zamazenta
|-supereffective|p1b: Zamazenta
|-damage|p1b: Zamazenta|32/100
|move|p1b: Zamazenta|Body Press|p2b: Dante
|-damage|p2b: Dante|33/100
|
|-heal|p1b: Zamazenta|38/100|[from] Grassy Terrain
|-heal|p2b: Dante|39/100|[from] Grassy Terrain
|-heal|p1a: Rillaboom|51/100|[from] Grassy Terrain
|-heal|p2a: Lucas|13/100|[from] Grassy Terrain
|upkeep
|turn|4
|
|t:|1750870124
|move|p1b: Zamazenta|Protect|p1b: Zamazenta
|-singleturn|p1b: Zamazenta|Protect
|move|p2a: Lucas|Quick Guard|p2a: Lucas
|-singleturn|p2a: Lucas|Quick Guard
|move|p1a: Rillaboom|Grassy Glide|p2a: Lucas
|-activate|p2a: Lucas|move: Quick Guard
|move|p2b: Dante|Body Press|p1b: Zamazenta
|-activate|p1b: Zamazenta|move: Protect
|
|-heal|p1b: Zamazenta|45/100|[from] Grassy Terrain
|-heal|p2b: Dante|45/100|[from] Grassy Terrain
|-heal|p1a: Rillaboom|57/100|[from] Grassy Terrain
|-heal|p2a: Lucas|20/100|[from] Grassy Terrain
|upkeep
|turn|5
|
|t:|1750870142
|move|p2b: Dante|Protect|p2b: Dante
|-singleturn|p2b: Dante|Protect
|move|p2a: Lucas|Coaching|p2b: Dante
|-boost|p2b: Dante|atk|1
|-boost|p2b: Dante|def|1
|move|p1b: Zamazenta|Body Press|p2b: Dante
|-activate|p2b: Dante|move: Protect
|move|p1a: Rillaboom|U-turn|p2a: Lucas
|-resisted|p2a: Lucas
|-damage|p2a: Lucas|0 fnt
|faint|p2a: Lucas
|
|t:|1750870154
|switch|p1a: Calyrex|Calyrex-Shadow, L50|100/100|[from] U-turn
|-ability|p1a: Calyrex|As One
|-ability|p1a: Calyrex|Unnerve
|
|-heal|p1b: Zamazenta|51/100|[from] Grassy Terrain
|-heal|p2b: Dante|51/100|[from] Grassy Terrain
|-fieldend|move: Grassy Terrain
|upkeep
|
|t:|1750870157
|switch|p2a: Maestra Picsis|Chi-Yu, L50|100/100
|-ability|p2a: Maestra Picsis|Beads of Ruin
|turn|6
|
|t:|1750870173
|-terastallize|p1a: Calyrex|Dark
|move|p2b: Dante|Wide Guard|p2b: Dante
|-singleturn|p2b: Dante|Wide Guard
|move|p2a: Maestra Picsis|Snarl|p1a: Calyrex|[spread] p1a,p1b
|-resisted|p1a: Calyrex
|-resisted|p1b: Zamazenta
|-damage|p1a: Calyrex|85/100
|-damage|p1b: Zamazenta|41/100
|-unboost|p1a: Calyrex|spa|1
|-unboost|p1b: Zamazenta|spa|1
|move|p1a: Calyrex|Astral Barrage|p2b: Dante|[spread] 
|-activate|p2a: Maestra Picsis|move: Wide Guard
|-activate|p2b: Dante|move: Wide Guard
|move|p1b: Zamazenta|Body Press|p2a: Maestra Picsis
|-supereffective|p2a: Maestra Picsis
|-damage|p2a: Maestra Picsis|0 fnt
|faint|p2a: Maestra Picsis
|
|upkeep
|
|t:|1750870183
|switch|p2a: Sandwich|Miraidon, L50|100/100
|-fieldstart|move: Electric Terrain|[from] ability: Hadron Engine|[of] p2a: Sandwich
|turn|7
|
|t:|1750870204
|switch|p1b: Rillaboom|Rillaboom, L50, M|57/100
|-fieldstart|move: Grassy Terrain|[from] ability: Grassy Surge|[of] p1b: Rillaboom
|move|p2b: Dante|Wide Guard|p2b: Dante
|-singleturn|p2b: Dante|Wide Guard
|move|p1a: Calyrex|Astral Barrage|p2b: Dante|[spread] 
|-activate|p2a: Sandwich|move: Wide Guard
|-activate|p2b: Dante|move: Wide Guard
|move|p2a: Sandwich|Electro Drift|p1a: Calyrex
|-damage|p1a: Calyrex|4/100
|
|-heal|p1a: Calyrex|10/100|[from] Grassy Terrain
|-heal|p2b: Dante|57/100|[from] Grassy Terrain
|-heal|p1b: Rillaboom|63/100|[from] Grassy Terrain
|upkeep
|turn|8
|
|t:|1750870225
|move|p1b: Rillaboom|Fake Out|p2a: Sandwich
|-damage|p2a: Sandwich|87/100
|move|p1a: Calyrex|Astral Barrage|p2a: Sandwich|[spread] p2a,p2b
|-damage|p2a: Sandwich|49/100
|-damage|p2b: Dante|22/100
|-damage|p1a: Calyrex|0 fnt|[from] item: Life Orb
|faint|p1a: Calyrex
|cant|p2a: Sandwich|flinch
|move|p2b: Dante|Body Press|p1b: Rillaboom
|-damage|p1b: Rillaboom|0 fnt
|faint|p1b: Rillaboom
|
|-heal|p2a: Sandwich|55/100|[from] Grassy Terrain
|-heal|p2b: Dante|28/100|[from] Grassy Terrain
|upkeep
|
|t:|1750870241
|switch|p1a: Incineroar|Incineroar, L50, M, shiny|100/100
|switch|p1b: Zamazenta|Zamazenta-Crowned, L50, shiny|41/100
|-ability|p1a: Incineroar|Intimidate|boost
|-unboost|p2a: Sandwich|atk|1
|-unboost|p2b: Dante|atk|1
|turn|9
|
|t:|1750870251
|move|p1a: Incineroar|Fake Out|p2a: Sandwich
|-damage|p2a: Sandwich|44/100
|cant|p2a: Sandwich|flinch
|move|p1b: Zamazenta|Body Press|p2b: Dante
|-damage|p2b: Dante|17/100
|move|p2b: Dante|Body Press|p1a: Incineroar
|-supereffective|p1a: Incineroar
|-crit|p1a: Incineroar
|-damage|p1a: Incineroar|0 fnt
|-damage|p2b: Dante|0 fnt|[from] item: Rocky Helmet|[of] p1a: Incineroar
|faint|p1a: Incineroar
|faint|p2b: Dante
|
|-heal|p2a: Sandwich|50/100|[from] Grassy Terrain
|-heal|p1b: Zamazenta|47/100|[from] Grassy Terrain
|upkeep
|turn|10
|
|t:|1750870272
|move|p2a: Sandwich|Electro Drift|p1b: Zamazenta
|-damage|p1b: Zamazenta|0 fnt
|faint|p1b: Zamazenta
|
|win|Bodoque31
|raw|boubakarou's rating: 1170 &rarr; <strong>1148</strong><br />(-22 for losing)
|raw|Bodoque31's rating: 1212 &rarr; <strong>1234</strong><br />(+22 for winning)
|l|☆boubakarou
|player|p1|
|l|☆Bodoque31
|player|p2|
