|j|☆Ashk1996
|j|☆Swiftstorm
|t:|1750853381
|gametype|doubles
|player|p1|Ashk1996|102|1371
|player|p2|Swiftstorm|1|1328
|teamsize|p1|6
|teamsize|p2|6
|gen|9
|tier|[Gen 9] VGC 2025 Reg I
|rated|
|rule|Species Clause: Limit one of each Pokémon
|rule|Item Clause: Limit 1 of each item
|clearpoke
|poke|p1|Eternatus, L50|
|poke|p1|Sableye, L50, M|
|poke|p1|Incineroar, L50, F|
|poke|p1|Kyogre, L50|
|poke|p1|Tornadus, L50, M|
|poke|p1|Urshifu-*, L50, F|
|poke|p2|Zamazenta-*, L50|
|poke|p2|Eternatus, L50|
|poke|p2|Raichu, L50, M|
|poke|p2|Weavile, L50, F|
|poke|p2|Politoed, L50, M|
|poke|p2|Great Tusk, L50|
|teampreview|4
|j| empm
|l| empm
|
|t:|1750853418
|start
|switch|p1a: Eternatus|Eternatus, L50|100/100
|switch|p1b: Kyogre|Kyogre, L50|100/100
|switch|p2a: Eternatus|Eternatus, L50|100/100
|switch|p2b: Weavile|Weavile, L50, F|100/100
|-weather|RainDance|[from] ability: Drizzle|[of] p1b: Kyogre
|-ability|p2a: Eternatus|Pressure
|-ability|p1a: Eternatus|Pressure
|turn|1
|inactive|Battle timer is ON: inactive players will automatically lose when time's up. (requested by Swiftstorm)
|
|t:|1750853433
|move|p2b: Weavile|Protect|p2b: Weavile
|-singleturn|p2b: Weavile|Protect
|move|p2a: Eternatus|Protect|p2a: Eternatus
|-singleturn|p2a: Eternatus|Protect
|move|p1b: Kyogre|Water Spout|p2b: Weavile|[spread] 
|-activate|p2a: Eternatus|move: Protect
|-activate|p2b: Weavile|move: Protect
|move|p1a: Eternatus|Cosmic Power|p1a: Eternatus
|-boost|p1a: Eternatus|def|1
|-boost|p1a: Eternatus|spd|1
|
|-weather|RainDance|[upkeep]
|upkeep
|turn|2
|
|t:|1750853451
|move|p1b: Kyogre|Water Spout|p2b: Weavile|[spread] p2a,p2b
|-resisted|p2a: Eternatus
|-damage|p2a: Eternatus|65/100
|-enditem|p2b: Weavile|Focus Sash
|-damage|p2b: Weavile|1/100
|move|p2b: Weavile|Knock Off|p1b: Kyogre
|-damage|p1b: Kyogre|51/100
|-enditem|p1b: Kyogre|Choice Scarf|[from] move: Knock Off|[of] p2b: Weavile
|move|p2a: Eternatus|Meteor Beam||[still]
|-prepare|p2a: Eternatus|Meteor Beam
|-boost|p2a: Eternatus|spa|1
|-enditem|p2a: Eternatus|Power Herb
|-anim|p2a: Eternatus|Meteor Beam|p1b: Kyogre
|-damage|p1b: Kyogre|5/100
|move|p1a: Eternatus|Cosmic Power|p1a: Eternatus
|-boost|p1a: Eternatus|def|1
|-boost|p1a: Eternatus|spd|1
|
|-weather|RainDance|[upkeep]
|upkeep
|turn|3
|inactive|Ashk1996 has 30 seconds left.
|
|t:|1750853477
|move|p2b: Weavile|Knock Off|p1a: Eternatus
|-damage|p1a: Eternatus|84/100
|-enditem|p1a: Eternatus|Leftovers|[from] move: Knock Off|[of] p2b: Weavile
|move|p2a: Eternatus|Sludge Bomb|p1b: Kyogre
|-damage|p1b: Kyogre|0 fnt
|faint|p1b: Kyogre
|move|p1a: Eternatus|Cosmic Power|p1a: Eternatus
|-boost|p1a: Eternatus|def|1
|-boost|p1a: Eternatus|spd|1
|
|-weather|RainDance|[upkeep]
|upkeep
|
|t:|1750853488
|switch|p1b: Tornadus|Tornadus, L50, M|100/100
|turn|4
|
|t:|1750853499
|move|p2b: Weavile|Ice Shard|p1b: Tornadus
|-supereffective|p1b: Tornadus
|-damage|p1b: Tornadus|51/100
|move|p1b: Tornadus|Tailwind|p1b: Tornadus
|-sidestart|p1: Ashk1996|move: Tailwind
|move|p1a: Eternatus|Toxic Spikes|p2a: Eternatus
|-sidestart|p2: Swiftstorm|move: Toxic Spikes
|move|p2a: Eternatus|Dynamax Cannon|p1b: Tornadus
|-damage|p1b: Tornadus|0 fnt
|faint|p1b: Tornadus
|
|-weather|RainDance|[upkeep]
|upkeep
|
|t:|1750853510
|switch|p1b: Urshifu|Urshifu-Rapid-Strike, L50, F|100/100
|turn|5
|
|t:|1750853525
|move|p2b: Weavile|Ice Shard|p1b: Urshifu
|-resisted|p1b: Urshifu
|-damage|p1b: Urshifu|93/100
|move|p1a: Eternatus|Fire Spin|p2b: Weavile
|-supereffective|p2b: Weavile
|-damage|p2b: Weavile|0 fnt
|faint|p2b: Weavile
|move|p1b: Urshifu|Surging Strikes|p2a: Eternatus
|-resisted|p2a: Eternatus
|-crit|p2a: Eternatus
|-damage|p2a: Eternatus|46/100
|-resisted|p2a: Eternatus
|-crit|p2a: Eternatus
|-damage|p2a: Eternatus|27/100
|-resisted|p2a: Eternatus
|-crit|p2a: Eternatus
|-damage|p2a: Eternatus|9/100
|-hitcount|p2a: Eternatus|3
|move|p2a: Eternatus|Dynamax Cannon|p1b: Urshifu
|-damage|p1b: Urshifu|0 fnt
|faint|p1b: Urshifu
|
|-weather|none
|upkeep
|
|t:|1750853542
|switch|p2b: Politoed|Politoed, L50, M|100/100
|-status|p2b: Politoed|psn
|-weather|RainDance|[from] ability: Drizzle|[of] p2b: Politoed
|turn|6
|
|t:|1750853550
|move|p2a: Eternatus|Protect|p2a: Eternatus
|-singleturn|p2a: Eternatus|Protect
|move|p1a: Eternatus|Fire Spin|p2a: Eternatus
|-activate|p2a: Eternatus|move: Protect
|move|p2b: Politoed|Perish Song|p2b: Politoed
|-start|p1a: Eternatus|perish3|[silent]
|-start|p2a: Eternatus|perish3|[silent]
|-start|p2b: Politoed|perish3|[silent]
|-fieldactivate|move: Perish Song
|
|-weather|RainDance|[upkeep]
|-damage|p2b: Politoed|88/100 psn|[from] psn
|-start|p1a: Eternatus|perish3
|-start|p2a: Eternatus|perish3
|-start|p2b: Politoed|perish3
|upkeep
|turn|7
|-message|Ashk1996 forfeited.
|
|win|Swiftstorm
|raw|Ashk1996's rating: 1371 &rarr; <strong>1349</strong><br />(-22 for losing)
|raw|Swiftstorm's rating: 1328 &rarr; <strong>1350</strong><br />(+22 for winning)
|l|☆Ashk1996
|player|p1|
