|j|☆lolnezan78
|j|☆Dot1Q
|t:|1750717679
|gametype|doubles
|player|p1|lolnezan78|swimmer-gen4|1512
|player|p2|Dot1Q|veteran|1510
|teamsize|p1|6
|teamsize|p2|6
|gen|9
|tier|[Gen 9] VGC 2025 Reg I
|rated|
|rule|Species Clause: Limit one of each Pokémon
|rule|Item Clause: Limit 1 of each item
|clearpoke
|poke|p1|Calyrex-Shadow, L50|
|poke|p1|Zamazenta-*, L50|
|poke|p1|Raging Bolt, L50|
|poke|p1|Rillaboom, L50, F|
|poke|p1|Tornadus, L50, M|
|poke|p1|Smeargle, L50, F|
|poke|p2|Calyrex-Ice, L50|
|poke|p2|Ursaluna-Bloodmoon, L50, M|
|poke|p2|Smeargle, L50, F|
|poke|p2|Farigiraf, L50, F|
|poke|p2|Kyogre, L50|
|poke|p2|Electabuzz, L50, M|
|teampreview|4
|
|t:|1750717713
|start
|switch|p1a: Vitinha|Smeargle, L50, F|100/100
|switch|p1b: Trent|Zamazenta-Crowned, L50, shiny|100/100
|switch|p2a: Calyrex|Calyrex-Ice, L50|100/100
|switch|p2b: Smeargle|Smeargle, L50, F|100/100
|-ability|p2a: Calyrex|As One
|-ability|p2a: Calyrex|Unnerve
|-ability|p1b: Trent|Dauntless Shield|boost
|-boost|p1b: Trent|def|1
|turn|1
|
|t:|1750717731
|-terastallize|p1b: Trent|Grass
|move|p2b: Smeargle|Fake Out|p1a: Vitinha
|-damage|p1a: Vitinha|91/100
|move|p1b: Trent|Body Press|p2a: Calyrex
|-damage|p2a: Calyrex|57/100
|cant|p1a: Vitinha|flinch
|move|p2a: Calyrex|Trick Room|p2a: Calyrex
|-fieldstart|move: Trick Room|[of] p2a: Calyrex
|
|-ability|p1a: Vitinha|Moody|boost
|-boost|p1a: Vitinha|spd|2
|-unboost|p1a: Vitinha|def|1
|upkeep
|turn|2
|
|t:|1750717754
|move|p1b: Trent|Wide Guard|p1b: Trent
|-singleturn|p1b: Trent|Wide Guard
|move|p2b: Smeargle|Spore|p1a: Vitinha
|-status|p1a: Vitinha|slp|[from] move: Spore
|cant|p1a: Vitinha|slp
|move|p2a: Calyrex|Trick Room|p2a: Calyrex
|-fieldend|move: Trick Room
|
|-ability|p1a: Vitinha|Moody|boost
|-boost|p1a: Vitinha|spd|2
|-unboost|p1a: Vitinha|spe|1
|upkeep
|turn|3
|
|t:|1750717790
|move|p1b: Trent|Wide Guard|p1b: Trent
|-singleturn|p1b: Trent|Wide Guard
|cant|p1a: Vitinha|slp
|move|p2a: Calyrex|Glacial Lance|p1a: Vitinha|[spread] 
|-activate|p1a: Vitinha|move: Wide Guard
|-activate|p1b: Trent|move: Wide Guard
|move|p2b: Smeargle|Decorate|p2a: Calyrex
|-boost|p2a: Calyrex|atk|2
|-boost|p2a: Calyrex|spa|2
|
|-ability|p1a: Vitinha|Moody|boost
|-boost|p1a: Vitinha|atk|2
|-unboost|p1a: Vitinha|spa|1
|upkeep
|turn|4
|
|t:|1750717822
|move|p1b: Trent|Wide Guard|p1b: Trent
|-singleturn|p1b: Trent|Wide Guard
|move|p2b: Smeargle|Follow Me|p2b: Smeargle
|-singleturn|p2b: Smeargle|move: Follow Me
|-curestatus|p1a: Vitinha|slp|[msg]
|move|p1a: Vitinha|Spore|p2b: Smeargle
|-status|p2b: Smeargle|slp|[from] move: Spore
|move|p2a: Calyrex|Glacial Lance|p1a: Vitinha|[spread] 
|-activate|p1a: Vitinha|move: Wide Guard
|-activate|p1b: Trent|move: Wide Guard
|
|-ability|p1a: Vitinha|Moody|boost
|-boost|p1a: Vitinha|spd|2
|-unboost|p1a: Vitinha|spa|1
|upkeep
|turn|5
|
|t:|1750717844
|-terastallize|p2b: Smeargle|Grass
|move|p2a: Calyrex|Protect|p2a: Calyrex
|-singleturn|p2a: Calyrex|Protect
|move|p1b: Trent|Body Press|p2b: Smeargle
|-damage|p2b: Smeargle|2/100 slp
|move|p1a: Vitinha|Spore|p2a: Calyrex
|-activate|p2a: Calyrex|move: Protect
|cant|p2b: Smeargle|slp
|
|-ability|p1a: Vitinha|Moody|boost
|-boost|p1a: Vitinha|spa|2
|-unboost|p1a: Vitinha|def|1
|upkeep
|turn|6
|
|t:|1750717864
|-curestatus|p2b: Smeargle|slp|[msg]
|move|p2b: Smeargle|Follow Me|p2b: Smeargle
|-singleturn|p2b: Smeargle|move: Follow Me
|move|p1b: Trent|Body Press|p2b: Smeargle
|-damage|p2b: Smeargle|0 fnt
|faint|p2b: Smeargle
|move|p1a: Vitinha|Spore|p2a: Calyrex
|-status|p2a: Calyrex|slp|[from] move: Spore
|cant|p2a: Calyrex|slp
|
|-ability|p1a: Vitinha|Moody|boost
|-boost|p1a: Vitinha|spa|2
|-unboost|p1a: Vitinha|atk|1
|upkeep
|
|t:|1750717874
|switch|p2b: Electabuzz|Electabuzz, L50, M|100/100
|turn|7
|
|t:|1750717898
|move|p2b: Electabuzz|Feint|p1b: Trent
|-damage|p1b: Trent|98/100
|move|p1b: Trent|Body Press|p2a: Calyrex
|-damage|p2a: Calyrex|15/100 slp
|move|p1a: Vitinha|Spore|p2b: Electabuzz
|-immune|p2b: Electabuzz|[from] ability: Vital Spirit
|cant|p2a: Calyrex|slp
|
|-ability|p1a: Vitinha|Moody|boost
|-boost|p1a: Vitinha|spe|2
|-unboost|p1a: Vitinha|spd|1
|upkeep
|turn|8
|
|t:|1750717916
|move|p1a: Vitinha|Follow Me|p1a: Vitinha
|-singleturn|p1a: Vitinha|move: Follow Me
|move|p2b: Electabuzz|Follow Me|p2b: Electabuzz
|-singleturn|p2b: Electabuzz|move: Follow Me
|move|p1b: Trent|Body Press|p2b: Electabuzz
|-damage|p2b: Electabuzz|50/100
|cant|p2a: Calyrex|slp
|
|-ability|p1a: Vitinha|Moody|boost
|-boost|p1a: Vitinha|spe|2
|-unboost|p1a: Vitinha|spa|1
|upkeep
|turn|9
|-message|Dot1Q forfeited.
|
|win|lolnezan78
|raw|lolnezan78's rating: 1512 &rarr; <strong>1532</strong><br />(+20 for winning)
|raw|Dot1Q's rating: 1510 &rarr; <strong>1490</strong><br />(-20 for losing)
|l|☆Dot1Q
|player|p2|
|l|☆lolnezan78
|player|p1|
