|j|☆lupothewulf
|j|☆Mathethe
|t:|1750816676
|gametype|doubles
|player|p1|lupothewulf|102|1120
|player|p2|Mathethe|266|1114
|teamsize|p1|6
|teamsize|p2|6
|gen|9
|tier|[Gen 9] VGC 2025 Reg I
|rated|
|rule|Species Clause: Limit one of each Pokémon
|rule|Item Clause: Limit 1 of each item
|clearpoke
|poke|p1|Calyrex-Shadow, L50|
|poke|p1|Zamazenta-*, L50|
|poke|p1|Amoonguss, L50, F|
|poke|p1|Incineroar, L50, F|
|poke|p1|Indeedee-F, L50, F|
|poke|p1|Flutter Mane, L50|
|poke|p2|Tornadus, L50, M|
|poke|p2|Calyrex-Shadow, L50|
|poke|p2|Terapagos, L50, M|
|poke|p2|Indeedee-F, L50, F|
|poke|p2|Iron Valiant, L50|
|poke|p2|Garganacl, L50, F|
|teampreview|4
|
|t:|1750816695
|start
|switch|p1a: Incineroar|Incineroar, L50, F|100/100
|switch|p1b: Flutter Mane|Flutter Mane, L50|100/100
|switch|p2a: Iron Valiant|Iron Valiant, L50|100/100
|switch|p2b: Tornadus|Tornadus, L50, M|100/100
|-ability|p1a: Incineroar|Intimidate|boost
|-unboost|p2a: Iron Valiant|atk|1
|-unboost|p2b: Tornadus|atk|1
|-enditem|p1b: Flutter Mane|Booster Energy
|-activate|p1b: Flutter Mane|ability: Protosynthesis|[fromitem]
|-start|p1b: Flutter Mane|protosynthesisspe
|turn|1
|
|t:|1750816719
|move|p2b: Tornadus|Protect|p2b: Tornadus
|-singleturn|p2b: Tornadus|Protect
|move|p2a: Iron Valiant|Protect|p2a: Iron Valiant
|-singleturn|p2a: Iron Valiant|Protect
|move|p1a: Incineroar|Fake Out|p2a: Iron Valiant
|-activate|p2a: Iron Valiant|move: Protect
|move|p1b: Flutter Mane|Moonblast|p2a: Iron Valiant
|-activate|p2a: Iron Valiant|move: Protect
|
|upkeep
|turn|2
|
|t:|1750816732
|move|p2b: Tornadus|Tailwind|p2b: Tornadus
|-sidestart|p2: Mathethe|move: Tailwind
|move|p2a: Iron Valiant|Knock Off|p1b: Flutter Mane
|-damage|p1b: Flutter Mane|60/100
|-damage|p2a: Iron Valiant|91/100|[from] item: Life Orb
|move|p1b: Flutter Mane|Moonblast|p2a: Iron Valiant
|-supereffective|p2a: Iron Valiant
|-damage|p2a: Iron Valiant|0 fnt
|faint|p2a: Iron Valiant
|-end|p2a: Iron Valiant|Quark Drive|[silent]
|move|p1a: Incineroar|Parting Shot|p2b: Tornadus
|-unboost|p2b: Tornadus|atk|1
|-unboost|p2b: Tornadus|spa|1
|
|t:|1750816747
|switch|p1a: Zamazenta|Zamazenta-Crowned, L50|100/100|[from] Parting Shot
|-ability|p1a: Zamazenta|Dauntless Shield|boost
|-boost|p1a: Zamazenta|def|1
|
|upkeep
|
|t:|1750816758
|switch|p2a: Calyrex|Calyrex-Shadow, L50|100/100
|-ability|p2a: Calyrex|As One
|-ability|p2a: Calyrex|Unnerve
|turn|3
|
|t:|1750816768
|move|p2b: Tornadus|Taunt|p1a: Zamazenta
|-start|p1a: Zamazenta|move: Taunt
|move|p2a: Calyrex|Astral Barrage|p1b: Flutter Mane|[spread] p1a,p1b
|-supereffective|p1b: Flutter Mane
|-crit|p1b: Flutter Mane
|-damage|p1a: Zamazenta|53/100
|-damage|p1b: Flutter Mane|0 fnt
|faint|p1b: Flutter Mane
|-end|p1b: Flutter Mane|Protosynthesis|[silent]
|-ability|p2a: Calyrex|Grim Neigh|boost
|-boost|p2a: Calyrex|spa|1
|move|p1a: Zamazenta|Body Press|p2b: Tornadus
|-resisted|p2b: Tornadus
|-damage|p2b: Tornadus|54/100
|
|upkeep
|
|t:|1750816781
|switch|p1b: Incineroar|Incineroar, L50, F|100/100
|-ability|p1b: Incineroar|Intimidate|boost
|-unboost|p2a: Calyrex|atk|1
|-unboost|p2b: Tornadus|atk|1
|turn|4
|
|t:|1750816800
|move|p2b: Tornadus|Protect|p2b: Tornadus
|-singleturn|p2b: Tornadus|Protect
|move|p2a: Calyrex|Protect|p2a: Calyrex
|-singleturn|p2a: Calyrex|Protect
|move|p1a: Zamazenta|Body Press|p2b: Tornadus
|-activate|p2b: Tornadus|move: Protect
|move|p1b: Incineroar|Parting Shot|p2a: Calyrex
|-activate|p2a: Calyrex|move: Protect
|
|upkeep
|turn|5
|
|t:|1750816813
|move|p2a: Calyrex|Astral Barrage|p1b: Incineroar|[spread] p1a,p1b
|-resisted|p1b: Incineroar
|-damage|p1a: Zamazenta|0 fnt
|-damage|p1b: Incineroar|71/100
|faint|p1a: Zamazenta
|-ability|p2a: Calyrex|Grim Neigh|boost
|-boost|p2a: Calyrex|spa|1
|move|p2b: Tornadus|Bleakwind Storm|p1b: Incineroar|[miss]
|-miss|p2b: Tornadus|p1b: Incineroar
|move|p1b: Incineroar|Parting Shot|p2a: Calyrex
|-unboost|p2a: Calyrex|atk|1
|-unboost|p2a: Calyrex|spa|1
|
|t:|1750816826
|switch|p1b: Calyrex|Calyrex-Shadow, L50|100/100|[from] Parting Shot
|-ability|p1b: Calyrex|As One
|-ability|p1b: Calyrex|Unnerve
|
|-sideend|p2: Mathethe|move: Tailwind
|upkeep
|
|t:|1750816832
|switch|p1a: Incineroar|Incineroar, L50, F|71/100
|-ability|p1a: Incineroar|Intimidate|boost
|-unboost|p2a: Calyrex|atk|1
|-unboost|p2b: Tornadus|atk|1
|turn|6
|
|t:|1750816841
|move|p2b: Tornadus|Protect|p2b: Tornadus
|-singleturn|p2b: Tornadus|Protect
|move|p2a: Calyrex|Protect|p2a: Calyrex
|-singleturn|p2a: Calyrex|Protect
|move|p1a: Incineroar|Fake Out|p2b: Tornadus
|-activate|p2b: Tornadus|move: Protect
|move|p1b: Calyrex|Astral Barrage|p2b: Tornadus|[spread] 
|-activate|p2a: Calyrex|move: Protect
|-activate|p2b: Tornadus|move: Protect
|
|-heal|p1a: Incineroar|77/100|[from] item: Leftovers
|upkeep
|turn|7
|
|t:|1750816866
|-terastallize|p1b: Calyrex|Psychic
|move|p2b: Tornadus|Tailwind|p2b: Tornadus
|-sidestart|p2: Mathethe|move: Tailwind
|move|p2a: Calyrex|Astral Barrage|p1a: Incineroar|[spread] p1a,p1b
|-resisted|p1a: Incineroar
|-supereffective|p1b: Calyrex
|-damage|p1a: Incineroar|49/100
|-damage|p1b: Calyrex|0 fnt
|faint|p1b: Calyrex
|-ability|p2a: Calyrex|Grim Neigh|boost
|-boost|p2a: Calyrex|spa|1
|move|p1a: Incineroar|Parting Shot|p2a: Calyrex
|-unboost|p2a: Calyrex|atk|1
|-unboost|p2a: Calyrex|spa|1
|
|-heal|p1a: Incineroar|55/100|[from] item: Leftovers
|upkeep
|turn|8
|-message|lupothewulf forfeited.
|
|win|Mathethe
|raw|lupothewulf's rating: 1120 &rarr; <strong>1095</strong><br />(-25 for losing)
|raw|Mathethe's rating: 1114 &rarr; <strong>1139</strong><br />(+25 for winning)
|l|☆lupothewulf
|player|p1|
