|j|☆Corporate Donkey
|j|☆shadowslashing
|t:|1750749306
|gametype|doubles
|player|p1|Corporate Donkey|ingo|1150
|player|p2|shadowslashing|veteran|1083
|teamsize|p1|6
|teamsize|p2|6
|gen|9
|tier|[Gen 9] VGC 2025 Reg I
|rated|
|rule|Species Clause: Limit one of each Pokémon
|rule|Item Clause: Limit 1 of each item
|clearpoke
|poke|p1|Kyurem-White, L50|
|poke|p1|Miraidon, L50|
|poke|p1|Amoonguss, L50, M|
|poke|p1|Incineroar, L50, M|
|poke|p1|Tornadus, L50, M|
|poke|p1|Urshifu-*, L50, F|
|poke|p2|Calyrex-Shadow, L50|
|poke|p2|Zacian-*, L50|
|poke|p2|Okidogi, L50, M|
|poke|p2|Smeargle, L50, F|
|poke|p2|Incineroar, L50, F|
|poke|p2|Frosmoth, L50, M|
|teampreview|4
|inactive|Battle timer is ON: inactive players will automatically lose when time's up. (requested by Corporate Donkey)
|c|☆Corporate Donkey|gl hf
Corporate Donkey has agreed to open team sheets.
|c|☆shadowslashing|U2
|c|☆Corporate Donkey|thanks
shadowslashing has agreed to open team sheets.
|showteam|p1|Kyurem-White||AssaultVest|Turboblaze|Blizzard,FreezeDry,EarthPower,FusionFlare||||||50|,,,,,Fire]Miraidon||ChoiceScarf|HadronEngine|ElectroDrift,DracoMeteor,VoltSwitch,Snarl||||||50|,,,,,Electric]Amoonguss||RockyHelmet|Regenerator|PollenPuff,RagePowder,Spore,Protect|||M|||50|,,,,,Water]Incineroar||SafetyGoggles|Intimidate|FlareBlitz,KnockOff,FakeOut,PartingShot|||M|||50|,,,,,Bug]Tornadus||CovertCloak|Prankster|BleakwindStorm,Snowscape,Tailwind,Taunt|||M|||50|,,,,,Dark]Urshifu-Rapid-Strike||ChoiceBand|UnseenFist|CloseCombat,SurgingStrikes,AquaJet,Uturn|||F|||50|,,,,,Fighting
|showteam|p2|Calyrex-Shadow||ChoiceScarf|AsOneSpectrier|AstralBarrage,DrainingKiss,PollenPuff,ExpandingForce||||||50|,,,,,Fairy]Zacian-Crowned||RustedSword|IntrepidSword|Protect,behemothblade,PlayRough,SacredSword||||||50|,,,,,Flying]Okidogi||AssaultVest|ToxicChain|DrainPunch,CloseCombat,GunkShot,KnockOff|||M|||50|,,,,,Poison]Smeargle||FocusSash|Moody|BurningBulwark,Tailwind,Spore,Decorate|||F|||50|,,,,,Ghost]Incineroar||SafetyGoggles|Blaze|FlareBlitz,FakeOut,PartingShot,KnockOff|||F|||50|,,,,,Water]Frosmoth||WeaknessPolicy|IceScales|IceBeam,DazzlingGleam,GigaDrain,QuiverDance|||M|||50|,,,,,Fairy
|inactive|shadowslashing has 60 seconds left.
|
|t:|1750749351
|start
|switch|p1a: After The Storm|Tornadus, L50, M, shiny|100/100
|switch|p1b: Mjolnir|Miraidon, L50|100/100
|switch|p2a: Flex|Incineroar, L50, F|100/100
|switch|p2b: Blur|Calyrex-Shadow, L50|100/100
|-ability|p2b: Blur|As One
|-ability|p2b: Blur|Unnerve
|-fieldstart|move: Electric Terrain|[from] ability: Hadron Engine|[of] p1b: Mjolnir
|turn|1
|inactive|Corporate Donkey has 30 seconds left.
|inactive|shadowslashing has 30 seconds left.
|inactive|shadowslashing has 20 seconds left.
|
|t:|1750749388
|switch|p1b: Nacho Libre|Incineroar, L50, M|100/100
|-ability|p1b: Nacho Libre|Intimidate|boost
|-unboost|p2a: Flex|atk|1
|-unboost|p2b: Blur|atk|1
|move|p2a: Flex|Fake Out|p1b: Nacho Libre
|-damage|p1b: Nacho Libre|94/100
|move|p1a: After The Storm|Tailwind|p1a: After The Storm
|-sidestart|p1: Corporate Donkey|move: Tailwind
|move|p2b: Blur|Astral Barrage|p1b: Nacho Libre|[spread] p1a,p1b
|-resisted|p1b: Nacho Libre
|-damage|p1a: After The Storm|44/100
|-damage|p1b: Nacho Libre|70/100
|
|upkeep
|turn|2
|inactive|Corporate Donkey has 30 seconds left.
|inactive|shadowslashing has 30 seconds left.
|
|t:|1750749423
|switch|p1a: Gelato|Kyurem-White, L50, shiny|100/100
|-ability|p1a: Gelato|Turboblaze
|-terastallize|p2b: Blur|Fairy
|move|p2b: Blur|Astral Barrage|p1b: Nacho Libre|[spread] p1a,p1b
|-resisted|p1b: Nacho Libre
|-damage|p1a: Gelato|69/100
|-damage|p1b: Nacho Libre|47/100
|move|p1b: Nacho Libre|Knock Off|p2b: Blur
|-resisted|p2b: Blur
|-damage|p2b: Blur|76/100
|-enditem|p2b: Blur|Choice Scarf|[from] move: Knock Off|[of] p1b: Nacho Libre
|move|p2a: Flex|Knock Off|p1a: Gelato
|-damage|p1a: Gelato|41/100
|-enditem|p1a: Gelato|Assault Vest|[from] move: Knock Off|[of] p2a: Flex
|
|upkeep
|turn|3
|inactive|Corporate Donkey has 30 seconds left.
|inactive|shadowslashing has 30 seconds left.
|
|t:|1750749449
|move|p1a: Gelato|Blizzard|p2a: Flex|[spread] p2a
|-miss|p1a: Gelato|p2b: Blur
|-resisted|p2a: Flex
|-damage|p2a: Flex|71/100
|move|p2b: Blur|Draining Kiss|p1a: Gelato
|-supereffective|p1a: Gelato
|-damage|p1a: Gelato|0 fnt
|-heal|p2b: Blur|100/100|[from] drain|[of] p1a: Gelato
|faint|p1a: Gelato
|-ability|p2b: Blur|Grim Neigh|boost
|-boost|p2b: Blur|spa|1
|move|p1b: Nacho Libre|Flare Blitz|p2b: Blur
|-damage|p2b: Blur|40/100
|-damage|p1b: Nacho Libre|29/100|[from] Recoil
|move|p2a: Flex|Parting Shot|p1b: Nacho Libre
|-unboost|p1b: Nacho Libre|atk|1
|-unboost|p1b: Nacho Libre|spa|1
|
|t:|1750749467
|switch|p2a: Ram|Zacian-Crowned, L50|100/100|[from] Parting Shot
|-ability|p2a: Ram|Intrepid Sword|boost
|-boost|p2a: Ram|atk|1
|
|upkeep
|
|t:|1750749470
|switch|p1a: Mjolnir|Miraidon, L50|100/100
|-activate|p1a: Mjolnir|ability: Hadron Engine
|turn|4
|
|t:|1750749493
|switch|p1b: After The Storm|Tornadus, L50, M, shiny|44/100
|-terastallize|p1a: Mjolnir|Electric
|move|p1a: Mjolnir|Volt Switch|p2b: Blur
|-damage|p2b: Blur|0 fnt
|faint|p2b: Blur
|
|t:|1750749499
|switch|p1a: Nacho Libre|Incineroar, L50, M|29/100|[from] Volt Switch
|-ability|p1a: Nacho Libre|Intimidate|boost
|-unboost|p2a: Ram|atk|1
|move|p2a: Ram|Play Rough|p1a: Nacho Libre
|-damage|p1a: Nacho Libre|0 fnt
|faint|p1a: Nacho Libre
|
|-sideend|p1: Corporate Donkey|move: Tailwind
|upkeep
|
|t:|1750749522
|switch|p2b: Shimmer|Frosmoth, L50, M|100/100
|switch|p1a: Mjolnir|Miraidon, L50, tera:Electric|100/100
|-activate|p1a: Mjolnir|ability: Hadron Engine
|turn|5
|inactive|shadowslashing has 30 seconds left.
|inactive|shadowslashing has 20 seconds left.
|
|t:|1750749557
|move|p1b: After The Storm|Taunt|p2b: Shimmer
|-start|p2b: Shimmer|move: Taunt
|move|p1a: Mjolnir|Electro Drift|p2a: Ram
|-damage|p2a: Ram|0 fnt
|faint|p2a: Ram
|move|p2b: Shimmer|Ice Beam|p1b: After The Storm
|-supereffective|p1b: After The Storm
|-damage|p1b: After The Storm|0 fnt
|faint|p1b: After The Storm
|
|-fieldend|move: Electric Terrain
|upkeep
|
|t:|1750749568
|switch|p2a: Flex|Incineroar, L50, F|71/100
|turn|6
|
|t:|1750749577
|move|p2a: Flex|Fake Out|p1a: Mjolnir
|-damage|p1a: Mjolnir|89/100
|cant|p1a: Mjolnir|flinch
|move|p2b: Shimmer|Ice Beam|p1a: Mjolnir
|-damage|p1a: Mjolnir|62/100
|
|upkeep
|turn|7
|c|☆Corporate Donkey|gg
|
|t:|1750749592
|move|p1a: Mjolnir|Electro Drift|p2b: Shimmer
|-damage|p2b: Shimmer|63/100
|move|p2b: Shimmer|Ice Beam|p1a: Mjolnir
|-damage|p1a: Mjolnir|33/100
|move|p2a: Flex|Knock Off|p1a: Mjolnir
|-damage|p1a: Mjolnir|0 fnt
|-enditem|p1a: Mjolnir|Choice Scarf|[from] move: Knock Off|[of] p2a: Flex
|faint|p1a: Mjolnir
|
|win|shadowslashing
|raw|Corporate Donkey's rating: 1150 &rarr; <strong>1120</strong><br />(-30 for losing)
|raw|shadowslashing's rating: 1083 &rarr; <strong>1116</strong><br />(+33 for winning)
|c|☆shadowslashing|gg
|l|☆Corporate Donkey
|player|p1|
|l|☆shadowslashing
|player|p2|
