|j|☆IWannaBeTheGoat
|j|☆Lavacat412
|t:|1750815199
|gametype|doubles
|player|p1|IWannaBeTheGoat|aromalady|1124
|player|p2|Lavacat412|102|1113
|teamsize|p1|6
|teamsize|p2|6
|gen|9
|tier|[Gen 9] VGC 2025 Reg I
|rated|
|rule|Species Clause: Limit one of each Pokémon
|rule|Item Clause: Limit 1 of each item
|clearpoke
|poke|p1|Groudon, L50|
|poke|p1|Lunala, L50|
|poke|p1|Raging Bolt, L50|
|poke|p1|Incineroar, L50, M|
|poke|p1|Iron Valiant, L50|
|poke|p1|Ogerpon-Hearthflame, L50, F|
|poke|p2|Miraidon, L50|
|poke|p2|Iron Bundle, L50|
|poke|p2|Farigiraf, L50, F|
|poke|p2|Ho-Oh, L50|
|poke|p2|Iron Hands, L50|
|poke|p2|Incineroar, L50, F|
|teampreview|4
|inactive|Battle timer is ON: inactive players will automatically lose when time's up. (requested by IWannaBeTheGoat)
|inactive|Lavacat412 has 60 seconds left.
|
|t:|1750815250
|start
|switch|p1a: Iron Valiant|Iron Valiant, L50, shiny|100/100
|switch|p1b: Lunala|Lunala, L50, shiny|100/100
|switch|p2a: Miraidon|Miraidon, L50|100/100
|switch|p2b: Iron Bundle|Iron Bundle, L50|100/100
|-fieldstart|move: Electric Terrain|[from] ability: Hadron Engine|[of] p2a: Miraidon
|-activate|p2b: Iron Bundle|ability: Quark Drive
|-start|p2b: Iron Bundle|quarkdrivespe
|-activate|p1a: Iron Valiant|ability: Quark Drive
|-start|p1a: Iron Valiant|quarkdrivespe
|turn|1
|inactive|IWannaBeTheGoat has 30 seconds left.
|inactive|IWannaBeTheGoat has 20 seconds left.
|
|t:|1750815287
|move|p2b: Iron Bundle|Icy Wind|p1a: Iron Valiant|[spread] p1a,p1b
|-damage|p1a: Iron Valiant|76/100
|-damage|p1b: Lunala|95/100
|-unboost|p1a: Iron Valiant|spe|1
|-unboost|p1b: Lunala|spe|1
|move|p2a: Miraidon|Volt Switch|p1b: Lunala
|-damage|p1b: Lunala|39/100
|
|t:|1750815303
|switch|p2a: Ho-Oh|Ho-Oh, L50|100/100|[from] Volt Switch
|move|p1a: Iron Valiant|Icy Wind|p2a: Ho-Oh|[spread] p2a,p2b
|-crit|p2a: Ho-Oh
|-resisted|p2b: Iron Bundle
|-damage|p2a: Ho-Oh|91/100
|-damage|p2b: Iron Bundle|96/100
|-unboost|p2b: Iron Bundle|spe|1
|move|p1b: Lunala|Trick Room|p1b: Lunala
|-fieldstart|move: Trick Room|[of] p1b: Lunala
|
|upkeep
|turn|2
|inactive|IWannaBeTheGoat has 30 seconds left.
|inactive|Lavacat412 has 30 seconds left.
|inactive|Lavacat412 has 20 seconds left.
|
|t:|1750815342
|-end|p1a: Iron Valiant|Quark Drive|[silent]
|switch|p1a: Incineroar|Incineroar, L50, M|100/100
|-ability|p1a: Incineroar|Intimidate|boost
|-fail|p2a: Ho-Oh|unboost|[from] item: Clear Amulet|[of] p2a: Ho-Oh
|-unboost|p2b: Iron Bundle|atk|1
|move|p1b: Lunala|Moongeist Beam|p2a: Ho-Oh
|-damage|p2a: Ho-Oh|56/100
|move|p2a: Ho-Oh|Brave Bird|p1b: Lunala
|-damage|p1b: Lunala|0 fnt
|faint|p1b: Lunala
|-damage|p2a: Ho-Oh|42/100|[from] Recoil
|move|p2b: Iron Bundle|Encore||[still]
|-fail|p2b: Iron Bundle
|
|upkeep
|
|t:|1750815358
|switch|p1b: Groudon|Groudon, L50|100/100
|-weather|SunnyDay|[from] ability: Drought|[of] p1b: Groudon
|turn|3
|inactive|IWannaBeTheGoat has 30 seconds left.
|inactive|Lavacat412 has 30 seconds left.
|
|t:|1750815385
|move|p1a: Incineroar|Fake Out|p2a: Ho-Oh
|-damage|p2a: Ho-Oh|33/100
|move|p1b: Groudon|Heat Crash|p2b: Iron Bundle
|-damage|p2b: Iron Bundle|9/100
|cant|p2a: Ho-Oh|flinch
|move|p2b: Iron Bundle|Freeze-Dry|p1b: Groudon
|-supereffective|p1b: Groudon
|-damage|p1b: Groudon|43/100
|
|-weather|SunnyDay|[upkeep]
|upkeep
|turn|4
|inactive|Lavacat412 has 30 seconds left.
|
|t:|1750815420
|move|p1a: Incineroar|Knock Off|p2a: Ho-Oh
|-damage|p2a: Ho-Oh|3/100
|-enditem|p2a: Ho-Oh|Clear Amulet|[from] move: Knock Off|[of] p1a: Incineroar
|move|p1b: Groudon|Heat Crash|p2b: Iron Bundle
|-damage|p2b: Iron Bundle|0 fnt
|faint|p2b: Iron Bundle
|-end|p2b: Iron Bundle|Quark Drive|[silent]
|move|p2a: Ho-Oh|Brave Bird|p1b: Groudon
|-damage|p1b: Groudon|3/100
|-damage|p2a: Ho-Oh|0 fnt|[from] Recoil
|faint|p2a: Ho-Oh
|
|-weather|SunnyDay|[upkeep]
|upkeep
|
|t:|1750815432
|switch|p2a: Iron Hands|Iron Hands, L50|100/100
|switch|p2b: Miraidon|Miraidon, L50|100/100
|-activate|p2b: Miraidon|ability: Hadron Engine
|-activate|p2a: Iron Hands|ability: Quark Drive
|-start|p2a: Iron Hands|quarkdriveatk
|turn|5
|
|t:|1750815446
|move|p2a: Iron Hands|Fake Out|p1b: Groudon
|-damage|p1b: Groudon|0 fnt
|faint|p1b: Groudon
|move|p1a: Incineroar|Will-O-Wisp|p2a: Iron Hands
|-status|p2a: Iron Hands|brn
|move|p2b: Miraidon|Electro Drift|p1a: Incineroar
|-damage|p1a: Incineroar|0 fnt
|-damage|p2b: Miraidon|84/100|[from] item: Rocky Helmet|[of] p1a: Incineroar
|faint|p1a: Incineroar
|
|-weather|SunnyDay|[upkeep]
|-damage|p2a: Iron Hands|94/100 brn|[from] brn
|-fieldend|move: Trick Room
|-fieldend|move: Electric Terrain
|-end|p2a: Iron Hands|Quark Drive
|upkeep
|-message|IWannaBeTheGoat forfeited.
|
|win|Lavacat412
|raw|IWannaBeTheGoat's rating: 1124 &rarr; <strong>1098</strong><br />(-26 for losing)
|raw|Lavacat412's rating: 1113 &rarr; <strong>1139</strong><br />(+26 for winning)
|l|☆IWannaBeTheGoat
|player|p1|
