|j|☆Kakarona
|j|☆KogaAF1219
|t:|1750714268
|gametype|doubles
|player|p1|Kakarona|1|1377
|player|p2|KogaAF1219|koga|1380
|teamsize|p1|6
|teamsize|p2|6
|gen|9
|tier|[Gen 9] VGC 2025 Reg I
|rated|
|rule|Species Clause: Limit one of each Pokémon
|rule|Item Clause: Limit 1 of each item
|clearpoke
|poke|p1|Wo-Chien, L50|
|poke|p1|Miraidon, L50|
|poke|p1|Incineroar, L50, F|
|poke|p1|Kyogre, L50|
|poke|p1|Landorus, L50, M|
|poke|p1|Archaludon, L50, M|
|poke|p2|Indeedee, L50, M|
|poke|p2|Illumise, L50, F|
|poke|p2|Kyogre, L50|
|poke|p2|Urshifu-*, L50, F|
|poke|p2|Calyrex-Shadow, L50|
|poke|p2|Gastrodon, L50, M|
|teampreview|4
|inactive|Battle timer is ON: inactive players will automatically lose when time's up. (requested by Kakarona)
|inactive|KogaAF1219 has 60 seconds left.
|inactive|KogaAF1219 has 30 seconds left.
|inactive|KogaAF1219 has 20 seconds left.
|
|t:|1750714340
|start
|switch|p1a: Archaludon|Archaludon, L50, M|100/100
|switch|p1b: Wo-Chien|Wo-Chien, L50|100/100
|switch|p2a: Kyogre|Kyogre, L50|100/100
|switch|p2b: Gastrodon|Gastrodon, L50, M|100/100
|-weather|RainDance|[from] ability: Drizzle|[of] p2a: Kyogre
|-ability|p1b: Wo-Chien|Tablets of Ruin
|turn|1
|inactive|Kakarona has 30 seconds left.
|inactive|KogaAF1219 has 30 seconds left.
|inactive|Kakarona has 20 seconds left.
|
|t:|1750714384
|switch|p2b: Calyrex|Calyrex-Shadow, L50|100/100
|-ability|p2b: Calyrex|As One
|-ability|p2b: Calyrex|Unnerve
|move|p2a: Kyogre|Water Spout|p1a: Archaludon|[spread] p1a,p1b
|-resisted|p1a: Archaludon
|-resisted|p1b: Wo-Chien
|-crit|p1b: Wo-Chien
|-damage|p1a: Archaludon|73/100
|-damage|p1b: Wo-Chien|61/100
|-ability|p1a: Archaludon|Stamina|boost
|-boost|p1a: Archaludon|def|1
|move|p1a: Archaludon|Snarl|p2a: Kyogre|[spread] p2a,p2b
|-supereffective|p2b: Calyrex
|-damage|p2a: Kyogre|92/100
|-damage|p2b: Calyrex|50/100
|-unboost|p2a: Kyogre|spa|1
|-unboost|p2b: Calyrex|spa|1
|move|p1b: Wo-Chien|Snarl|p2b: Calyrex|[spread] p2a,p2b
|-supereffective|p2b: Calyrex
|-damage|p2a: Kyogre|82/100
|-damage|p2b: Calyrex|0 fnt
|-unboost|p2a: Kyogre|spa|1
|faint|p2b: Calyrex
|
|-weather|RainDance|[upkeep]
|-heal|p1b: Wo-Chien|68/100|[from] item: Leftovers
|upkeep
|
|t:|1750714400
|switch|p2b: Urshifu|Urshifu, L50, F|100/100
|turn|2
|
|t:|1750714421
|-terastallize|p1a: Archaludon|Grass
|move|p2a: Kyogre|Water Spout|p1b: Wo-Chien|[spread] p1a,p1b
|-resisted|p1a: Archaludon
|-resisted|p1b: Wo-Chien
|-damage|p1a: Archaludon|60/100
|-damage|p1b: Wo-Chien|57/100
|-ability|p1a: Archaludon|Stamina|boost
|-boost|p1a: Archaludon|def|1
|move|p2b: Urshifu|Drain Punch|p1a: Archaludon
|-damage|p1a: Archaludon|48/100
|-ability|p1a: Archaludon|Stamina|boost
|-boost|p1a: Archaludon|def|1
|move|p1a: Archaludon|Body Press|p2b: Urshifu
|-supereffective|p2b: Urshifu
|-damage|p2b: Urshifu|25/100
|move|p1b: Wo-Chien|Pollen Puff|p1a: Archaludon
|-heal|p1a: Archaludon|98/100
|
|-weather|RainDance|[upkeep]
|-heal|p1b: Wo-Chien|63/100|[from] item: Leftovers
|upkeep
|turn|3
|
|t:|1750714442
|switch|p2b: Gastrodon|Gastrodon, L50, M|100/100
|move|p2a: Kyogre|Water Spout|p1a: Archaludon|[spread] p1a,p1b
|-resisted|p1a: Archaludon
|-resisted|p1b: Wo-Chien
|-damage|p1a: Archaludon|86/100
|-damage|p1b: Wo-Chien|50/100
|-ability|p1a: Archaludon|Stamina|boost
|-boost|p1a: Archaludon|def|1
|move|p1a: Archaludon|Body Press|p2b: Gastrodon
|-damage|p2b: Gastrodon|55/100
|move|p1b: Wo-Chien|Leech Seed|p2a: Kyogre
|-start|p2a: Kyogre|move: Leech Seed
|
|-weather|RainDance|[upkeep]
|-heal|p1b: Wo-Chien|57/100|[from] item: Leftovers
|-heal|p2b: Gastrodon|61/100|[from] item: Leftovers
|-damage|p2a: Kyogre|70/100|[from] Leech Seed|[of] p1b: Wo-Chien
|-heal|p1b: Wo-Chien|68/100|[silent]
|upkeep
|turn|4
|
|t:|1750714461
|switch|p2a: Urshifu|Urshifu, L50, F|25/100
|-terastallize|p2b: Gastrodon|Ghost
|move|p1a: Archaludon|Body Press|p2b: Gastrodon
|-immune|p2b: Gastrodon
|move|p1b: Wo-Chien|Leech Seed|p2b: Gastrodon
|-start|p2b: Gastrodon|move: Leech Seed
|move|p2b: Gastrodon|Yawn|p1a: Archaludon
|-start|p1a: Archaludon|move: Yawn|[of] p2b: Gastrodon
|
|-weather|RainDance|[upkeep]
|-heal|p1b: Wo-Chien|74/100|[from] item: Leftovers
|-heal|p2b: Gastrodon|67/100|[from] item: Leftovers
|-damage|p2b: Gastrodon|54/100|[from] Leech Seed|[of] p1b: Wo-Chien
|-heal|p1b: Wo-Chien|88/100|[silent]
|upkeep
|turn|5
|l|☆KogaAF1219
|inactive|KogaAF1219 disconnected and has a minute to reconnect!
|player|p2|
|inactive|KogaAF1219 has 30 seconds left.
|inactive|KogaAF1219 has 20 seconds left.
|inactive|KogaAF1219 has 15 seconds left.
|inactive|KogaAF1219 has 10 seconds left.
|inactive|KogaAF1219 has 5 seconds left.
|-message|KogaAF1219 lost due to inactivity.
|
|win|Kakarona
|raw|Kakarona's rating: 1377 &rarr; <strong>1397</strong><br />(+20 for winning)
|raw|KogaAF1219's rating: 1380 &rarr; <strong>1360</strong><br />(-20 for losing)
|l|☆Kakarona
|player|p1|
|j|☆KogaAF1219
|player|p2|KogaAF1219|koga|
|l|☆KogaAF1219
|player|p2|
