|j|‽Barrelfish
|j|☆clownedtocrowned
|t:|1750880478
|gametype|doubles
|player|p1|Barrelfish|li|1471
|player|p2|clownedtocrowned|grimsley-gen7|1566
|teamsize|p1|6
|teamsize|p2|6
|gen|9
|tier|[Gen 9] VGC 2025 Reg I
|rated|
|rule|Species Clause: Limit one of each Pokémon
|rule|Item Clause: Limit 1 of each item
|clearpoke
|poke|p1|Zamazenta-*, L50|
|poke|p1|Calyrex-Shadow, L50|
|poke|p1|Tornadus, L50, M|
|poke|p1|Rillaboom, L50, F|
|poke|p1|Smeargle, L50, M|
|poke|p1|Raging Bolt, L50|
|poke|p2|Lunala, L50|
|poke|p2|Zacian-*, L50|
|poke|p2|Indeedee-F, L50, F|
|poke|p2|Regidrago, L50|
|poke|p2|Tornadus, L50, M|
|poke|p2|Gallade, L50, M|
|teampreview|4
Barrelfish has agreed to open team sheets.
|
|t:|1750880514
|start
|switch|p1a: Smeargle|Smeargle, L50, M|100/100
|switch|p1b: Calyrex|Calyrex-Shadow, L50|100/100
|switch|p2a: Regidrago|Regidrago, L50|100/100
|switch|p2b: Indeedee|Indeedee-F, L50, F|100/100
|-ability|p1b: Calyrex|As One
|-ability|p1b: Calyrex|Unnerve
|-fieldstart|move: Psychic Terrain|[from] ability: Psychic Surge|[of] p2b: Indeedee
|turn|1
|
|t:|1750880550
|move|p1b: Calyrex|Protect|p1b: Calyrex
|-singleturn|p1b: Calyrex|Protect
|move|p2a: Regidrago|Protect|p2a: Regidrago
|-singleturn|p2a: Regidrago|Protect
|move|p1a: Smeargle|Spore|p2b: Indeedee
|-activate|p2b: Indeedee|item: Safety Goggles|Spore
|move|p2b: Indeedee|Trick Room|p2b: Indeedee
|-fieldstart|move: Trick Room|[of] p2b: Indeedee
|
|-ability|p1a: Smeargle|Moody|boost
|-boost|p1a: Smeargle|spe|2
|-unboost|p1a: Smeargle|spa|1
|upkeep
|turn|2
|
|t:|1750880576
|move|p2b: Indeedee|Follow Me|p2b: Indeedee
|-singleturn|p2b: Indeedee|move: Follow Me
|move|p1a: Smeargle|Follow Me|p1a: Smeargle
|-singleturn|p1a: Smeargle|move: Follow Me
|move|p2a: Regidrago|Dragon Energy|p1b: Calyrex|[spread] p1a,p1b
|-enditem|p1a: Smeargle|Focus Sash
|-damage|p1a: Smeargle|1/100
|-damage|p1b: Calyrex|2/100
|-damage|p2a: Regidrago|91/100|[from] item: Life Orb
|move|p1b: Calyrex|Astral Barrage|p2b: Indeedee|[spread] p2a
|-immune|p2b: Indeedee
|-damage|p2a: Regidrago|9/100
|-damage|p1b: Calyrex|0 fnt|[from] item: Life Orb
|faint|p1b: Calyrex
|
|-ability|p1a: Smeargle|Moody|boost
|-boost|p1a: Smeargle|spd|2
|-unboost|p1a: Smeargle|spe|1
|upkeep
|
|t:|1750880593
|switch|p1b: Rillaboom|Rillaboom, L50, F|100/100
|-fieldstart|move: Grassy Terrain|[from] ability: Grassy Surge|[of] p1b: Rillaboom
|turn|3
|
|t:|1750880608
|switch|p1a: Zamazenta|Zamazenta-Crowned, L50|100/100
|-ability|p1a: Zamazenta|Dauntless Shield|boost
|-boost|p1a: Zamazenta|def|1
|move|p2a: Regidrago|Protect|p2a: Regidrago
|-singleturn|p2a: Regidrago|Protect
|move|p1b: Rillaboom|Fake Out|p2a: Regidrago
|-activate|p2a: Regidrago|move: Protect
|move|p2b: Indeedee|Alluring Voice|p1a: Zamazenta
|-damage|p1a: Zamazenta|88/100
|-start|p1a: Zamazenta|confusion
|
|-heal|p2a: Regidrago|15/100|[from] Grassy Terrain
|-heal|p1a: Zamazenta|94/100|[from] Grassy Terrain
|upkeep
|turn|4
|
|t:|1750880642
|-activate|p1a: Zamazenta|confusion
|move|p1a: Zamazenta|Wide Guard|p1a: Zamazenta
|-singleturn|p1a: Zamazenta|Wide Guard
|move|p2b: Indeedee|Follow Me|p2b: Indeedee
|-singleturn|p2b: Indeedee|move: Follow Me
|move|p1b: Rillaboom|U-turn|p2b: Indeedee
|-supereffective|p2b: Indeedee
|-crit|p2b: Indeedee
|-damage|p2b: Indeedee|35/100
|
|t:|1750880651
|switch|p1b: Smeargle|Smeargle, L50, M|1/100|[from] U-turn
|move|p2a: Regidrago|Earth Power|p1a: Zamazenta
|-supereffective|p1a: Zamazenta
|-damage|p1a: Zamazenta|39/100
|-damage|p2a: Regidrago|6/100|[from] item: Life Orb
|
|-heal|p2b: Indeedee|41/100|[from] Grassy Terrain
|-heal|p2a: Regidrago|12/100|[from] Grassy Terrain
|-heal|p1b: Smeargle|7/100|[from] Grassy Terrain
|-heal|p1a: Zamazenta|45/100|[from] Grassy Terrain
|-ability|p1b: Smeargle|Moody|boost
|-boost|p1b: Smeargle|spd|2
|-unboost|p1b: Smeargle|spa|1
|upkeep
|turn|5
|
|t:|1750880693
|switch|p2b: Lunala|Lunala, L50, shiny|100/100
|-terastallize|p1a: Zamazenta|Grass
|move|p2a: Regidrago|Protect|p2a: Regidrago
|-singleturn|p2a: Regidrago|Protect
|move|p1b: Smeargle|Fake Out|p2a: Regidrago
|-activate|p2a: Regidrago|move: Protect
|-activate|p1a: Zamazenta|confusion
|move|p1a: Zamazenta|Body Press|p2b: Lunala
|-immune|p2b: Lunala
|
|-heal|p2a: Regidrago|18/100|[from] Grassy Terrain
|-heal|p1b: Smeargle|13/100|[from] Grassy Terrain
|-heal|p1a: Zamazenta|51/100|[from] Grassy Terrain
|-fieldend|move: Trick Room
|-ability|p1b: Smeargle|Moody|boost
|-boost|p1b: Smeargle|spd|2
|-unboost|p1b: Smeargle|def|1
|upkeep
|turn|6
|
|t:|1750880727
|switch|p2b: Indeedee|Indeedee-F, L50, F|41/100
|-fieldstart|move: Psychic Terrain|[from] ability: Psychic Surge|[of] p2b: Indeedee
|-activate|p1a: Zamazenta|confusion
|move|p1a: Zamazenta|Heavy Slam|p2b: Indeedee
|-damage|p2b: Indeedee|0 fnt
|faint|p2b: Indeedee
|move|p1b: Smeargle|Spore|p2a: Regidrago
|-status|p2a: Regidrago|slp|[from] move: Spore
|cant|p2a: Regidrago|slp
|
|-ability|p1b: Smeargle|Moody|boost
|-boost|p1b: Smeargle|atk|2
|-unboost|p1b: Smeargle|def|1
|upkeep
|
|t:|1750880741
|switch|p2b: Zacian|Zacian-Crowned, L50, shiny|100/100
|-ability|p2b: Zacian|Intrepid Sword|boost
|-boost|p2b: Zacian|atk|1
|turn|7
|
|t:|1750880763
|-activate|p1a: Zamazenta|confusion
|-damage|p1a: Zamazenta|47/100|[from] confusion
|move|p2b: Zacian|Behemoth Blade|p1b: Smeargle
|-crit|p1b: Smeargle
|-damage|p1b: Smeargle|0 fnt
|faint|p1b: Smeargle
|cant|p2a: Regidrago|slp
|
|upkeep
|
|t:|1750880767
|switch|p1b: Rillaboom|Rillaboom, L50, F|100/100
|-fieldstart|move: Grassy Terrain|[from] ability: Grassy Surge|[of] p1b: Rillaboom
|turn|8
|
|t:|1750880787
|move|p2b: Zacian|Protect|p2b: Zacian
|-singleturn|p2b: Zacian|Protect
|-curestatus|p2a: Regidrago|slp|[msg]
|move|p2a: Regidrago|Protect|p2a: Regidrago
|-singleturn|p2a: Regidrago|Protect
|-end|p1a: Zamazenta|confusion
|move|p1a: Zamazenta|Body Press|p2b: Zacian
|-activate|p2b: Zacian|move: Protect
|move|p1b: Rillaboom|Wood Hammer|p2a: Regidrago
|-activate|p2a: Regidrago|move: Protect
|
|-heal|p1a: Zamazenta|53/100|[from] Grassy Terrain
|-heal|p2a: Regidrago|24/100|[from] Grassy Terrain
|upkeep
|turn|9
|
|t:|1750880803
|move|p2b: Zacian|Behemoth Blade|p1a: Zamazenta
|-damage|p1a: Zamazenta|19/100
|move|p1a: Zamazenta|Body Press|p2a: Regidrago
|-damage|p2a: Regidrago|0 fnt
|faint|p2a: Regidrago
|move|p1b: Rillaboom|Wood Hammer|p2b: Zacian
|-resisted|p2b: Zacian
|-damage|p2b: Zacian|70/100
|-damage|p1b: Rillaboom|92/100|[from] Recoil
|
|-heal|p2b: Zacian|76/100|[from] Grassy Terrain
|-heal|p1a: Zamazenta|25/100|[from] Grassy Terrain
|-heal|p1b: Rillaboom|98/100|[from] Grassy Terrain
|upkeep
|
|t:|1750880808
|switch|p2a: Lunala|Lunala, L50, shiny|100/100
|turn|10
|
|t:|1750880820
|move|p2b: Zacian|Behemoth Blade|p1b: Rillaboom
|-damage|p1b: Rillaboom|27/100
|move|p1a: Zamazenta|Heavy Slam|p2a: Lunala
|-damage|p2a: Lunala|80/100
|move|p2a: Lunala|Moongeist Beam|p1a: Zamazenta
|-crit|p1a: Zamazenta
|-damage|p1a: Zamazenta|0 fnt
|faint|p1a: Zamazenta
|move|p1b: Rillaboom|Wood Hammer|p2a: Lunala
|-damage|p2a: Lunala|25/100
|-damage|p1b: Rillaboom|5/100|[from] Recoil
|
|-heal|p2b: Zacian|82/100|[from] Grassy Terrain
|-heal|p2a: Lunala|32/100|[from] Grassy Terrain
|-heal|p1b: Rillaboom|11/100|[from] Grassy Terrain
|upkeep
|turn|11
|
|t:|1750880836
|-terastallize|p2a: Lunala|Fire
|move|p2b: Zacian|Behemoth Blade|p1b: Rillaboom
|-damage|p1b: Rillaboom|0 fnt
|faint|p1b: Rillaboom
|
|win|clownedtocrowned
|raw|Barrelfish's rating: 1471 &rarr; <strong>1456</strong><br />(-15 for losing)
|raw|clownedtocrowned's rating: 1566 &rarr; <strong>1581</strong><br />(+15 for winning)
