|j|☆Crying for Rain
|j|☆suc vat vk
|t:|1750737760
|gametype|doubles
|player|p1|Crying for Rain|rocketgruntf|1484
|player|p2|suc vat vk|kimonogirl|1539
|teamsize|p1|6
|teamsize|p2|6
|gen|9
|tier|[Gen 9] VGC 2025 Reg I
|rated|
|rule|Species Clause: Limit one of each Pokémon
|rule|Item Clause: Limit 1 of each item
|clearpoke
|poke|p1|Miraidon, L50|
|poke|p1|Zamazenta-*, L50|
|poke|p1|Chien-Pao, L50|
|poke|p1|Grimmsnarl, L50, M|
|poke|p1|Volcarona, L50, F|
|poke|p1|Iron Hands, L50|
|poke|p2|Terapagos, L50, M|
|poke|p2|Koraidon, L50|
|poke|p2|Volcarona, L50, F|
|poke|p2|Incineroar, L50, M|
|poke|p2|Sableye, L50, M|
|poke|p2|Smeargle, L50, M|
|teampreview|4
|inactive|Battle timer is ON: inactive players will automatically lose when time's up. (requested by suc vat vk)
|
|t:|1750737782
|start
|switch|p1a: Miraidon|Miraidon, L50|100/100
|switch|p1b: Grimmsnarl|Grimmsnarl, L50, M, shiny|100/100
|switch|p2a: Smeargle|Smeargle, L50, M, shiny|100/100
|switch|p2b: Terapagos|Terapagos, L50, M|100/100
|-activate|p2b: Terapagos|ability: Tera Shift
|detailschange|p2b: Terapagos|Terapagos-Terastal, L50, M
|-heal|p2b: Terapagos|100/100|[silent]
|-fieldstart|move: Electric Terrain|[from] ability: Hadron Engine|[of] p1a: Miraidon
|turn|1
|
|t:|1750737801
|move|p2a: Smeargle|Fake Out|p1a: Miraidon
|-damage|p1a: Miraidon|96/100
|move|p1b: Grimmsnarl|Light Screen|p1b: Grimmsnarl
|-sidestart|p1: Crying for Rain|move: Light Screen
|cant|p1a: Miraidon|flinch
|move|p2b: Terapagos|Calm Mind|p2b: Terapagos
|-boost|p2b: Terapagos|spa|1
|-boost|p2b: Terapagos|spd|1
|
|-ability|p2a: Smeargle|Moody|boost
|-boost|p2a: Smeargle|atk|2
|-unboost|p2a: Smeargle|def|1
|upkeep
|turn|2
|inactive|suc vat vk has 30 seconds left.
|
|t:|1750737827
|move|p1a: Miraidon|Volt Switch|p2a: Smeargle
|-enditem|p2a: Smeargle|Focus Sash
|-damage|p2a: Smeargle|1/100
|
|t:|1750737831
|switch|p1a: Zamazenta|Zamazenta-Crowned, L50, shiny|100/100|[from] Volt Switch
|-ability|p1a: Zamazenta|Dauntless Shield|boost
|-boost|p1a: Zamazenta|def|1
|move|p2a: Smeargle|Decorate|p2b: Terapagos
|-boost|p2b: Terapagos|atk|2
|-boost|p2b: Terapagos|spa|2
|move|p2b: Terapagos|Calm Mind|p2b: Terapagos
|-boost|p2b: Terapagos|spa|1
|-boost|p2b: Terapagos|spd|1
|move|p1b: Grimmsnarl|Spirit Break|p2a: Smeargle
|-damage|p2a: Smeargle|0 fnt
|faint|p2a: Smeargle
|
|upkeep
|
|t:|1750737838
|switch|p2a: Sableye|Sableye, L50, M, shiny|100/100
|turn|3
|inactive|Crying for Rain has 30 seconds left.
|
|t:|1750737864
|move|p2b: Terapagos|Protect|p2b: Terapagos
|-singleturn|p2b: Terapagos|Protect
|move|p1a: Zamazenta|Wide Guard|p1a: Zamazenta
|-singleturn|p1a: Zamazenta|Wide Guard
|move|p1b: Grimmsnarl|Thunder Wave|p2b: Terapagos
|-activate|p2b: Terapagos|move: Protect
|move|p2a: Sableye|Will-O-Wisp|p1a: Zamazenta
|-status|p1a: Zamazenta|brn
|
|-damage|p1a: Zamazenta|94/100 brn|[from] brn
|upkeep
|turn|4
|
|t:|1750737885
|move|p1b: Grimmsnarl|Thunder Wave|p2b: Terapagos
|-status|p2b: Terapagos|par
|move|p2a: Sableye|Encore|p1a: Zamazenta
|-start|p1a: Zamazenta|Encore
|move|p1a: Zamazenta|Wide Guard|p1a: Zamazenta
|-singleturn|p1a: Zamazenta|Wide Guard
|move|p2b: Terapagos|Calm Mind|p2b: Terapagos
|-boost|p2b: Terapagos|spa|1
|-boost|p2b: Terapagos|spd|1
|
|-damage|p1a: Zamazenta|88/100 brn|[from] brn
|upkeep
|turn|5
|
|t:|1750737907
|move|p1a: Zamazenta|Wide Guard|p1a: Zamazenta
|-singleturn|p1a: Zamazenta|Wide Guard
|move|p2a: Sableye|Disable|p1a: Zamazenta
|-start|p1a: Zamazenta|Disable|Wide Guard
|move|p1b: Grimmsnarl|Spirit Break|p2a: Sableye
|-supereffective|p2a: Sableye
|-damage|p2a: Sableye|28/100
|-unboost|p2a: Sableye|spa|1
|-enditem|p2a: Sableye|Sitrus Berry|[eat]
|-heal|p2a: Sableye|53/100|[from] item: Sitrus Berry
|move|p2b: Terapagos|Calm Mind|p2b: Terapagos
|-boost|p2b: Terapagos|spa|1
|-boost|p2b: Terapagos|spd|1
|
|-damage|p1a: Zamazenta|82/100 brn|[from] brn
|-fieldend|move: Electric Terrain
|upkeep
|turn|6
|inactive|suc vat vk has 30 seconds left.
|inactive|suc vat vk has 20 seconds left.
|inactive|suc vat vk has 15 seconds left.
|
|t:|1750737948
|switch|p2a: Koraidon|Koraidon, L50|100/100
|-weather|SunnyDay|[from] ability: Orichalcum Pulse|[of] p2a: Koraidon
|-activate|p2a: Koraidon|Orichalcum Pulse|[source]
|-activate|p1a: Zamazenta|move: Struggle
|move|p1a: Zamazenta|Struggle|p2a: Koraidon
|-damage|p2a: Koraidon|94/100
|-damage|p1a: Zamazenta|57/100 brn|[from] recoil
|move|p1b: Grimmsnarl|Spirit Break|p2a: Koraidon
|-supereffective|p2a: Koraidon
|-damage|p2a: Koraidon|0 fnt
|faint|p2a: Koraidon
|cant|p2b: Terapagos|par
|
|-weather|SunnyDay|[upkeep]
|-damage|p1a: Zamazenta|51/100 brn|[from] brn
|-end|p1a: Zamazenta|Encore
|upkeep
|
|t:|1750737951
|switch|p2a: Sableye|Sableye, L50, M, shiny|53/100
|turn|7
|
|t:|1750737975
|-terastallize|p2b: Terapagos|Stellar
|detailschange|p2b: Terapagos|Terapagos-Stellar, L50, M, tera:Stellar
|-heal|p2b: Terapagos|100/100 par|[silent]
|-ability|p2b: Terapagos|Teraform Zero
|-weather|none
|move|p2a: Sableye|Encore||[still]
|-fail|p2a: Sableye
|move|p1a: Zamazenta|Body Press|p2b: Terapagos
|-supereffective|p2b: Terapagos
|-damage|p2b: Terapagos|67/100 par
|move|p1b: Grimmsnarl|Spirit Break|p2a: Sableye
|-supereffective|p2a: Sableye
|-damage|p2a: Sableye|0 fnt
|faint|p2a: Sableye
|move|p2b: Terapagos|Earth Power|p1b: Grimmsnarl
|-damage|p1b: Grimmsnarl|8/100
|
|-heal|p2b: Terapagos|74/100 par|[from] item: Leftovers
|-damage|p1a: Zamazenta|45/100 brn|[from] brn
|upkeep
|turn|8
|
|t:|1750737999
|move|p1a: Zamazenta|Body Press|p2b: Terapagos
|-supereffective|p2b: Terapagos
|-damage|p2b: Terapagos|43/100 par
|move|p1b: Grimmsnarl|Spirit Break|p2b: Terapagos
|-damage|p2b: Terapagos|29/100 par
|-unboost|p2b: Terapagos|spa|1
|cant|p2b: Terapagos|par
|
|-heal|p2b: Terapagos|36/100 par|[from] item: Leftovers
|-damage|p1a: Zamazenta|38/100 brn|[from] brn
|-sideend|p1: Crying for Rain|move: Light Screen
|upkeep
|turn|9
|
|t:|1750738015
|move|p1b: Grimmsnarl|Light Screen|p1b: Grimmsnarl
|-sidestart|p1: Crying for Rain|move: Light Screen
|move|p1a: Zamazenta|Body Press|p2b: Terapagos
|-supereffective|p2b: Terapagos
|-damage|p2b: Terapagos|0 fnt
|faint|p2b: Terapagos
|detailschange|p2: Terapagos|Terapagos, L50, M|[silent]
|
|win|Crying for Rain
|raw|Crying for Rain's rating: 1484 &rarr; <strong>1508</strong><br />(+24 for winning)
|raw|suc vat vk's rating: 1561 &rarr; <strong>1537</strong><br />(-24 for losing)
|l|☆suc vat vk
|player|p2|
|l|☆Crying for Rain
|player|p1|
