|j|☆Rathanegren
|j|☆Torrmentor20
|t:|1750826371
|gametype|doubles
|player|p1|Rathanegren|clerkf|1160
|player|p2|Torrmentor20|benga|1157
|teamsize|p1|6
|teamsize|p2|6
|gen|9
|tier|[Gen 9] VGC 2025 Reg I
|rated|
|rule|Species Clause: Limit one of each Pokémon
|rule|Item Clause: Limit 1 of each item
|clearpoke
|poke|p1|Miraidon, L50|
|poke|p1|Iron Valiant, L50|
|poke|p1|Lunala, L50|
|poke|p1|Gholdengo, L50|
|poke|p1|Iron Hands, L50|
|poke|p1|Chien-Pao, L50|
|poke|p2|Corviknight, L50, M|
|poke|p2|Enamorus-Therian, L50, F|
|poke|p2|Dragonite, L50, M|
|poke|p2|Slowking-Galar, L50, M|
|poke|p2|Calyrex-Ice, L50|
|poke|p2|Giratina, L50|
|teampreview|4
|inactive|Battle timer is ON: inactive players will automatically lose when time's up. (requested by Torrmentor20)
|inactive|Rathanegren has 60 seconds left.
|inactive|Rathanegren has 30 seconds left.
|
|t:|1750826436
|start
|switch|p1a: Iron Valiant|Iron Valiant, L50, shiny|100/100
|switch|p1b: Chien-Pao|Chien-Pao, L50|100/100
|switch|p2a: Slowking|Slowking-Galar, L50, M|100/100
|switch|p2b: Calyrex|Calyrex-Ice, L50|100/100
|-ability|p2b: Calyrex|As One
|-ability|p2b: Calyrex|Unnerve
|-ability|p1b: Chien-Pao|Sword of Ruin
|turn|1
|inactive|Rathanegren has 30 seconds left.
|inactive|Torrmentor20 has 30 seconds left.
|inactive|Rathanegren has 20 seconds left.
|inactive|Rathanegren has 15 seconds left.
|
|t:|1750826476
|-terastallize|p2a: Slowking|Poison
|move|p1a: Iron Valiant|Wide Guard|p1a: Iron Valiant
|-singleturn|p1a: Iron Valiant|Wide Guard
|move|p1b: Chien-Pao|Crunch|p2a: Slowking
|-damage|p2a: Slowking|44/100
|-unboost|p2a: Slowking|def|1
|-enditem|p2a: Slowking|Sitrus Berry|[eat]
|-heal|p2a: Slowking|68/100|[from] item: Sitrus Berry
|move|p2b: Calyrex|Glacial Lance|p1b: Chien-Pao|[spread] 
|-activate|p1a: Iron Valiant|move: Wide Guard
|-activate|p1b: Chien-Pao|move: Wide Guard
|move|p2a: Slowking|Trick Room|p2a: Slowking
|-fieldstart|move: Trick Room|[of] p2a: Slowking
|
|upkeep
|turn|2
|inactive|Rathanegren has 30 seconds left.
|inactive|Torrmentor20 has 30 seconds left.
|inactive|Rathanegren has 20 seconds left.
|inactive|Rathanegren has 15 seconds left.
|
|t:|1750826518
|switch|p2a: Enamorus|Enamorus-Therian, L50, F|100/100
|-end|p1a: Iron Valiant|Quark Drive|[silent]
|switch|p1a: Lunala|Lunala, L50|100/100
|move|p1b: Chien-Pao|Sucker Punch|p2b: Calyrex
|-supereffective|p2b: Calyrex
|-damage|p2b: Calyrex|45/100
|move|p2b: Calyrex|High Horsepower|p1a: Lunala
|-damage|p1a: Lunala|80/100
|
|upkeep
|turn|3
|inactive|Rathanegren has 30 seconds left.
|
|t:|1750826545
|move|p1a: Lunala|Wide Guard|p1a: Lunala
|-singleturn|p1a: Lunala|Wide Guard
|move|p2b: Calyrex|Glacial Lance|p1a: Lunala|[spread] 
|-activate|p1a: Lunala|move: Wide Guard
|-activate|p1b: Chien-Pao|move: Wide Guard
|move|p2a: Enamorus|Springtide Storm|p1b: Chien-Pao|[spread] 
|-activate|p1a: Lunala|move: Wide Guard
|-activate|p1b: Chien-Pao|move: Wide Guard
|move|p1b: Chien-Pao|Icicle Crash|p2a: Enamorus
|-supereffective|p2a: Enamorus
|-damage|p2a: Enamorus|0 fnt
|faint|p2a: Enamorus
|
|upkeep
|
|t:|1750826560
|switch|p2a: Giratina|Giratina, L50, shiny|100/100
|-ability|p2a: Giratina|Pressure
|turn|4
|inactive|Rathanegren has 30 seconds left.
|
|t:|1750826590
|switch|p2b: Slowking|Slowking-Galar, L50, M, tera:Poison|100/100
|-terastallize|p1a: Lunala|Fairy
|move|p1b: Chien-Pao|Sucker Punch||[still]
|-fail|p1b: Chien-Pao
|move|p2a: Giratina|Substitute|p2a: Giratina
|-start|p2a: Giratina|Substitute
|-damage|p2a: Giratina|76/100
|move|p1a: Lunala|Moongeist Beam|p2a: Giratina
|-supereffective|p2a: Giratina
|-end|p2a: Giratina|Substitute
|
|upkeep
|turn|5
|inactive|Rathanegren has 30 seconds left.
|inactive|Torrmentor20 has 30 seconds left.
|inactive|Rathanegren has 20 seconds left.
|
|t:|1750826626
|move|p2b: Slowking|Calm Mind|p2b: Slowking
|-boost|p2b: Slowking|spa|1
|-boost|p2b: Slowking|spd|1
|move|p2a: Giratina|Shadow Force||[still]
|-prepare|p2a: Giratina|Shadow Force
|move|p1a: Lunala|Psychic|p2b: Slowking
|-supereffective|p2b: Slowking
|-damage|p2b: Slowking|43/100
|move|p1b: Chien-Pao|Crunch|p2a: Giratina|[miss]
|-miss|p1b: Chien-Pao|p2a: Giratina
|
|-fieldend|move: Trick Room
|upkeep
|turn|6
|inactive|Rathanegren has 30 seconds left.
|inactive|Torrmentor20 has 30 seconds left.
|inactive|Rathanegren has 20 seconds left.
|inactive|Rathanegren has 15 seconds left.
|
|t:|1750826666
|move|p1b: Chien-Pao|Protect|p1b: Chien-Pao
|-singleturn|p1b: Chien-Pao|Protect
|move|p1a: Lunala|Psychic|p2b: Slowking
|-supereffective|p2b: Slowking
|-damage|p2b: Slowking|0 fnt
|faint|p2b: Slowking
|move|p2a: Giratina|Shadow Force|p1a: Lunala|[from] lockedmove
|-damage|p1a: Lunala|18/100
|
|upkeep
|
|t:|1750826679
|switch|p2b: Calyrex|Calyrex-Ice, L50|45/100
|-ability|p2b: Calyrex|As One
|-ability|p2b: Calyrex|Unnerve
|turn|7
|
|t:|1750826698
|move|p1b: Chien-Pao|Crunch|p2b: Calyrex
|-supereffective|p2b: Calyrex
|-damage|p2b: Calyrex|0 fnt
|faint|p2b: Calyrex
|move|p1a: Lunala|Moongeist Beam|p2a: Giratina
|-supereffective|p2a: Giratina
|-damage|p2a: Giratina|12/100
|move|p2a: Giratina|Substitute|p2a: Giratina
|-fail|p2a: Giratina|move: Substitute|[weak]
|
|upkeep
|turn|8
|-message|Torrmentor20 forfeited.
|
|win|Rathanegren
|raw|Rathanegren's rating: 1160 &rarr; <strong>1185</strong><br />(+25 for winning)
|raw|Torrmentor20's rating: 1157 &rarr; <strong>1132</strong><br />(-25 for losing)
|l|☆Torrmentor20
|player|p2|
