|j|☆Bloobrry
|j|☆Raymario Pokenic
|t:|1750774027
|gametype|doubles
|player|p1|Bloobrry|170|1149
|player|p2|Raymario Pokenic|265|1101
|teamsize|p1|6
|teamsize|p2|6
|gen|9
|tier|[Gen 9] VGC 2025 Reg I
|rated|
|rule|Species Clause: Limit one of each Pokémon
|rule|Item Clause: Limit 1 of each item
|clearpoke
|poke|p1|Sceptile, L50, F|
|poke|p1|Tornadus, L50, M|
|poke|p1|Iron Valiant, L50|
|poke|p1|Miraidon, L50|
|poke|p1|Ho-Oh, L50|
|poke|p1|Landorus-Therian, L50, M|
|poke|p2|Miraidon, L50|
|poke|p2|Zacian-*, L50|
|poke|p2|Mandibuzz, L50, F|
|poke|p2|Scrafty, L50, M|
|poke|p2|Farigiraf, L50, M|
|poke|p2|Sylveon, L50, F|
|teampreview|4
|inactive|Battle timer is ON: inactive players will automatically lose when time's up. (requested by Bloobrry)
|inactive|Raymario Pokenic has 60 seconds left.
|
|t:|1750774075
|start
|switch|p1a: Ho-Oh|Ho-Oh, L50|100/100
|switch|p1b: Landorus|Landorus-Therian, L50, M|100/100
|switch|p2a: Miraidon|Miraidon, L50|100/100
|switch|p2b: Scrafty|Scrafty, L50, M, shiny|100/100
|-fieldstart|move: Electric Terrain|[from] ability: Hadron Engine|[of] p2a: Miraidon
|-ability|p1b: Landorus|Intimidate|boost
|-unboost|p2a: Miraidon|atk|1
|-unboost|p2b: Scrafty|atk|1
|-ability|p2b: Scrafty|Intimidate|boost
|-fail|p1a: Ho-Oh|unboost|[from] item: Clear Amulet|[of] p1a: Ho-Oh
|-unboost|p1b: Landorus|atk|1
|turn|1
|inactive|Raymario Pokenic has 30 seconds left.
|
|t:|1750774107
|-terastallize|p2a: Miraidon|Electric
|move|p2b: Scrafty|Fake Out|p1b: Landorus
|-damage|p1b: Landorus|92/100
|move|p2a: Miraidon|Volt Switch|p1a: Ho-Oh
|-supereffective|p1a: Ho-Oh
|-damage|p1a: Ho-Oh|0 fnt
|faint|p1a: Ho-Oh
|
|t:|1750774115
|switch|p2a: Mandibuzz|Mandibuzz, L50, F, shiny|100/100|[from] Volt Switch
|cant|p1b: Landorus|flinch
|
|upkeep
|
|t:|1750774120
|switch|p1a: Miraidon|Miraidon, L50|100/100
|-activate|p1a: Miraidon|ability: Hadron Engine
|turn|2
|
|t:|1750774145
|switch|p2a: Miraidon|Miraidon, L50, tera:Electric|100/100
|-activate|p2a: Miraidon|ability: Hadron Engine
|move|p1a: Miraidon|Dazzling Gleam|p2b: Scrafty|[spread] p2a,p2b
|-supereffective|p2b: Scrafty
|-damage|p2a: Miraidon|62/100
|-damage|p2b: Scrafty|0 fnt
|faint|p2b: Scrafty
|move|p1b: Landorus|Rock Slide|p2a: Miraidon
|-damage|p2a: Miraidon|36/100
|
|upkeep
|
|t:|1750774156
|switch|p2b: Zacian|Zacian-Crowned, L50, shiny|100/100
|-ability|p2b: Zacian|Intrepid Sword|boost
|-boost|p2b: Zacian|atk|1
|turn|3
|inactive|Bloobrry has 30 seconds left.
|
|t:|1750774183
|switch|p1b: Tornadus|Tornadus, L50, M|100/100
|move|p1a: Miraidon|Dazzling Gleam|p2b: Zacian|[spread] p2a,p2b
|-resisted|p2b: Zacian
|-damage|p2a: Miraidon|0 fnt
|-damage|p2b: Zacian|83/100
|faint|p2a: Miraidon
|move|p2b: Zacian|Play Rough|p1a: Miraidon
|-supereffective|p1a: Miraidon
|-damage|p1a: Miraidon|0 fnt
|faint|p1a: Miraidon
|
|upkeep
|
|t:|1750774193
|switch|p1a: Landorus|Landorus-Therian, L50, M|92/100
|switch|p2a: Mandibuzz|Mandibuzz, L50, F, shiny|100/100
|-ability|p1a: Landorus|Intimidate|boost
|-unboost|p2a: Mandibuzz|atk|1
|-unboost|p2b: Zacian|atk|1
|turn|4
|
|t:|1750774210
|move|p2b: Zacian|Protect|p2b: Zacian
|-singleturn|p2b: Zacian|Protect
|move|p1b: Tornadus|Tailwind|p1b: Tornadus
|-sidestart|p1: Bloobrry|move: Tailwind
|move|p1a: Landorus|Stomping Tantrum|p2b: Zacian
|-activate|p2b: Zacian|move: Protect
|move|p2a: Mandibuzz|Tailwind|p2a: Mandibuzz
|-sidestart|p2: Raymario Pokenic|move: Tailwind
|
|upkeep
|turn|5
|
|t:|1750774226
|move|p2b: Zacian|Play Rough|p1a: Landorus
|-damage|p1a: Landorus|33/100
|move|p1b: Tornadus|Bleakwind Storm|p2a: Mandibuzz|[spread] p2a,p2b
|-resisted|p2b: Zacian
|-damage|p2a: Mandibuzz|74/100
|-damage|p2b: Zacian|72/100
|-unboost|p2a: Mandibuzz|spe|1
|move|p1a: Landorus|Stomping Tantrum|p2b: Zacian
|-supereffective|p2b: Zacian
|-damage|p2b: Zacian|0 fnt
|faint|p2b: Zacian
|move|p2a: Mandibuzz|Brave Bird|p1a: Landorus
|-damage|p1a: Landorus|13/100
|-damage|p2a: Mandibuzz|69/100|[from] Recoil
|
|-heal|p2a: Mandibuzz|75/100|[from] item: Leftovers
|-fieldend|move: Electric Terrain
|upkeep
|turn|6
|
|t:|1750774244
|move|p1b: Tornadus|Bleakwind Storm|p2a: Mandibuzz|[miss]
|-miss|p1b: Tornadus|p2a: Mandibuzz
|move|p1a: Landorus|Stomping Tantrum|p2a: Mandibuzz
|-immune|p2a: Mandibuzz
|move|p2a: Mandibuzz|Brave Bird|p1a: Landorus
|-damage|p1a: Landorus|0 fnt
|faint|p1a: Landorus
|-damage|p2a: Mandibuzz|71/100|[from] Recoil
|
|-heal|p2a: Mandibuzz|77/100|[from] item: Leftovers
|upkeep
|turn|7
|
|t:|1750774257
|move|p1b: Tornadus|Bleakwind Storm|p2a: Mandibuzz
|-damage|p2a: Mandibuzz|42/100
|move|p2a: Mandibuzz|Brave Bird|p1b: Tornadus
|-damage|p1b: Tornadus|79/100
|-damage|p2a: Mandibuzz|36/100|[from] Recoil
|
|-heal|p2a: Mandibuzz|42/100|[from] item: Leftovers
|-sideend|p2: Raymario Pokenic|move: Tailwind
|-sideend|p1: Bloobrry|move: Tailwind
|upkeep
|turn|8
|
|t:|1750774263
|move|p1b: Tornadus|Bleakwind Storm|p2a: Mandibuzz|[miss]
|-miss|p1b: Tornadus|p2a: Mandibuzz
|move|p2a: Mandibuzz|Roost|p2a: Mandibuzz
|-heal|p2a: Mandibuzz|93/100
|-singleturn|p2a: Mandibuzz|move: Roost
|
|-heal|p2a: Mandibuzz|99/100|[from] item: Leftovers
|upkeep
|turn|9
|
|t:|1750774272
|move|p1b: Tornadus|Bleakwind Storm|p2a: Mandibuzz
|-damage|p2a: Mandibuzz|61/100
|move|p2a: Mandibuzz|Brave Bird|p1b: Tornadus
|-damage|p1b: Tornadus|57/100
|-damage|p2a: Mandibuzz|55/100|[from] Recoil
|
|-heal|p2a: Mandibuzz|61/100|[from] item: Leftovers
|upkeep
|turn|10
|
|t:|1750774279
|move|p1b: Tornadus|Bleakwind Storm|p2a: Mandibuzz|[miss]
|-miss|p1b: Tornadus|p2a: Mandibuzz
|move|p2a: Mandibuzz|Roost|p2a: Mandibuzz
|-heal|p2a: Mandibuzz|100/100
|-singleturn|p2a: Mandibuzz|move: Roost
|
|upkeep
|turn|11
|
|t:|1750774282
|move|p1b: Tornadus|Bleakwind Storm|p2a: Mandibuzz
|-damage|p2a: Mandibuzz|66/100
|move|p2a: Mandibuzz|Brave Bird|p1b: Tornadus
|-damage|p1b: Tornadus|39/100
|-damage|p2a: Mandibuzz|61/100|[from] Recoil
|
|-heal|p2a: Mandibuzz|67/100|[from] item: Leftovers
|upkeep
|turn|12
|
|t:|1750774297
|move|p1b: Tornadus|Bleakwind Storm|p2a: Mandibuzz|[miss]
|-miss|p1b: Tornadus|p2a: Mandibuzz
|move|p2a: Mandibuzz|Roost|p2a: Mandibuzz
|-heal|p2a: Mandibuzz|100/100
|-singleturn|p2a: Mandibuzz|move: Roost
|
|upkeep
|turn|13
|
|t:|1750774303
|move|p1b: Tornadus|Bleakwind Storm|p2a: Mandibuzz
|-damage|p2a: Mandibuzz|65/100
|-unboost|p2a: Mandibuzz|spe|1
|move|p2a: Mandibuzz|Brave Bird|p1b: Tornadus
|-damage|p1b: Tornadus|19/100
|-damage|p2a: Mandibuzz|60/100|[from] Recoil
|
|-heal|p2a: Mandibuzz|66/100|[from] item: Leftovers
|upkeep
|turn|14
|
|t:|1750774312
|move|p1b: Tornadus|Bleakwind Storm|p2a: Mandibuzz
|-damage|p2a: Mandibuzz|29/100
|-unboost|p2a: Mandibuzz|spe|1
|move|p2a: Mandibuzz|Brave Bird|p1b: Tornadus
|-damage|p1b: Tornadus|0 fnt
|faint|p1b: Tornadus
|-damage|p2a: Mandibuzz|24/100|[from] Recoil
|
|win|Raymario Pokenic
|raw|Bloobrry's rating: 1149 &rarr; <strong>1121</strong><br />(-28 for losing)
|raw|Raymario Pokenic's rating: 1101 &rarr; <strong>1129</strong><br />(+28 for winning)
|l|☆Bloobrry
|player|p1|
|c|☆Raymario Pokenic|MANDIBUUUUUZZZZZ
|l|☆Raymario Pokenic
|player|p2|
