|j|☆AmaneB
|j|☆La Firma VGC
|t:|1750709142
|gametype|doubles
|player|p1|AmaneB|brock|1392
|player|p2|La Firma VGC|shadowtriad|1489
|teamsize|p1|4
|teamsize|p2|6
|gen|9
|tier|[Gen 9] VGC 2025 Reg I
|rated|
|rule|Species Clause: Limit one of each Pokémon
|rule|Item Clause: Limit 1 of each item
|clearpoke
|poke|p1|Rayquaza, L50|
|poke|p1|Chien-Pao, L50|
|poke|p1|Tinkaton, L50, F|
|poke|p1|Eternatus, L50|
|poke|p2|Calyrex-Ice, L50|
|poke|p2|Incineroar, L50, F|
|poke|p2|Rillaboom, L50, F|
|poke|p2|Thundurus, L50, M|
|poke|p2|Kyogre, L50|
|poke|p2|Farigiraf, L50, F|
|teampreview|4
|inactive|Battle timer is ON: inactive players will automatically lose when time's up. (requested by AmaneB)
|inactive|La Firma VGC has 60 seconds left.
|
|t:|1750709203
|start
|switch|p1a: Rayquaza|Rayquaza, L50, shiny|100/100
|switch|p1b: Tinkaton|Tinkaton, L50, F|100/100
|switch|p2a: Incineroar|Incineroar, L50, F|100/100
|switch|p2b: Kyogre|Kyogre, L50|100/100
|-weather|RainDance|[from] ability: Drizzle|[of] p2b: Kyogre
|-ability|p1a: Rayquaza|Air Lock
|-ability|p1b: Tinkaton|Mold Breaker
|-ability|p2a: Incineroar|Intimidate|boost
|-fail|p1a: Rayquaza|unboost|[from] item: Clear Amulet|[of] p1a: Rayquaza
|-unboost|p1b: Tinkaton|atk|1
|turn|1
|inactive|La Firma VGC has 30 seconds left.
|
|t:|1750709236
|switch|p2b: Farigiraf|Farigiraf, L50, F|100/100
|move|p1b: Tinkaton|Fake Out|p2b: Farigiraf
|-damage|p2b: Farigiraf|96/100
|move|p1a: Rayquaza|Swords Dance|p1a: Rayquaza
|-boost|p1a: Rayquaza|atk|2
|move|p2a: Incineroar|Will-O-Wisp|p1a: Rayquaza
|-status|p1a: Rayquaza|brn
|
|-weather|RainDance|[upkeep]
|-damage|p1a: Rayquaza|94/100 brn|[from] brn
|upkeep
|turn|2
|
|t:|1750709257
|switch|p1a: Eternatus|Eternatus, L50|100/100
|-ability|p1a: Eternatus|Pressure
|move|p1b: Tinkaton|Knock Off|p2b: Farigiraf
|-supereffective|p2b: Farigiraf
|-damage|p2b: Farigiraf|74/100
|-enditem|p2b: Farigiraf|Sitrus Berry|[from] move: Knock Off|[of] p1b: Tinkaton
|move|p2a: Incineroar|Knock Off|p1a: Eternatus
|-damage|p1a: Eternatus|70/100
|-enditem|p1a: Eternatus|Power Herb|[from] move: Knock Off|[of] p2a: Incineroar
|move|p2b: Farigiraf|Foul Play|p1a: Eternatus
|-damage|p1a: Eternatus|57/100
|
|-weather|RainDance|[upkeep]
|upkeep
|turn|3
|
|t:|1750709282
|-terastallize|p1a: Eternatus|Poison
|move|p1b: Tinkaton|Helping Hand|p1a: Eternatus
|-singleturn|p1a: Eternatus|Helping Hand|[of] p1b: Tinkaton
|move|p1a: Eternatus|Sludge Wave|p2a: Incineroar|[spread] p2a,p2b
|-immune|p1b: Tinkaton
|-damage|p2a: Incineroar|8/100
|-damage|p2b: Farigiraf|0 fnt
|faint|p2b: Farigiraf
|move|p2a: Incineroar|Parting Shot|p1a: Eternatus
|-unboost|p1a: Eternatus|atk|1
|-unboost|p1a: Eternatus|spa|1
|
|t:|1750709294
|switch|p2a: Kyogre|Kyogre, L50|100/100|[from] Parting Shot
|
|-weather|RainDance|[upkeep]
|upkeep
|
|t:|1750709300
|switch|p2b: Incineroar|Incineroar, L50, F|8/100
|-ability|p2b: Incineroar|Intimidate|boost
|-unboost|p1a: Eternatus|atk|1
|-unboost|p1b: Tinkaton|atk|1
|turn|4
|
|t:|1750709309
|switch|p1a: Rayquaza|Rayquaza, L50, shiny|94/100 brn
|-ability|p1a: Rayquaza|Air Lock
|move|p2b: Incineroar|Fake Out|p1b: Tinkaton
|-resisted|p1b: Tinkaton
|-damage|p1b: Tinkaton|95/100
|move|p2a: Kyogre|Water Spout|p1b: Tinkaton|[spread] p1a,p1b
|-resisted|p1a: Rayquaza
|-crit|p1a: Rayquaza
|-damage|p1a: Rayquaza|48/100 brn
|-damage|p1b: Tinkaton|48/100
|cant|p1b: Tinkaton|flinch
|
|-weather|RainDance|[upkeep]
|-damage|p1a: Rayquaza|41/100 brn|[from] brn
|upkeep
|turn|5
|inactive|La Firma VGC has 30 seconds left.
|
|t:|1750709338
|switch|p2a: Calyrex|Calyrex-Ice, L50|100/100
|-ability|p2a: Calyrex|As One
|-ability|p2a: Calyrex|Unnerve
|move|p1a: Rayquaza|Dragon Ascent|p2a: Calyrex
|-damage|p2a: Calyrex|78/100
|-unboost|p1a: Rayquaza|def|1
|-unboost|p1a: Rayquaza|spd|1
|move|p1b: Tinkaton|Knock Off|p2a: Calyrex
|-supereffective|p2a: Calyrex
|-damage|p2a: Calyrex|65/100
|-enditem|p2a: Calyrex|Leftovers|[from] move: Knock Off|[of] p1b: Tinkaton
|move|p2b: Incineroar|Parting Shot|p1a: Rayquaza
|-fail|p1a: Rayquaza|unboost|[from] item: Clear Amulet|[of] p1a: Rayquaza
|
|-weather|none
|-damage|p1a: Rayquaza|35/100 brn|[from] brn
|upkeep
|turn|6
|inactive|AmaneB has 30 seconds left.
|inactive|La Firma VGC has 30 seconds left.
|
|t:|1750709367
|-terastallize|p2a: Calyrex|Water
|move|p1a: Rayquaza|Dragon Ascent|p2a: Calyrex
|-damage|p2a: Calyrex|41/100
|-unboost|p1a: Rayquaza|def|1
|-unboost|p1a: Rayquaza|spd|1
|move|p1b: Tinkaton|Gigaton Hammer|p2a: Calyrex
|-resisted|p2a: Calyrex
|-damage|p2a: Calyrex|32/100
|move|p2b: Incineroar|Will-O-Wisp|p1b: Tinkaton
|-status|p1b: Tinkaton|brn
|move|p2a: Calyrex|Glacial Lance|p1a: Rayquaza|[spread] p1a,p1b
|-supereffective|p1a: Rayquaza
|-resisted|p1b: Tinkaton
|-damage|p1a: Rayquaza|0 fnt
|-damage|p1b: Tinkaton|22/100 brn
|faint|p1a: Rayquaza
|-ability|p2a: Calyrex|Chilling Neigh|boost
|-boost|p2a: Calyrex|atk|1
|
|-damage|p1b: Tinkaton|17/100 brn|[from] brn
|upkeep
|
|t:|1750709386
|switch|p1a: Eternatus|Eternatus, L50, tera:Poison|57/100
|-ability|p1a: Eternatus|Pressure
|turn|7
|
|t:|1750709401
|move|p1b: Tinkaton|Helping Hand|p1a: Eternatus
|-singleturn|p1a: Eternatus|Helping Hand|[of] p1b: Tinkaton
|move|p1a: Eternatus|Sludge Wave|p2b: Incineroar|[spread] p2a,p2b
|-immune|p1b: Tinkaton
|-damage|p2a: Calyrex|0 fnt
|-damage|p2b: Incineroar|0 fnt
|faint|p2a: Calyrex
|faint|p2b: Incineroar
|
|-damage|p1b: Tinkaton|11/100 brn|[from] brn
|upkeep
|
|t:|1750709413
|switch|p2b: Kyogre|Kyogre, L50|100/100
|-weather|RainDance|[from] ability: Drizzle|[of] p2b: Kyogre
|turn|8
|
|t:|1750709427
|move|p1a: Eternatus|Protect|p1a: Eternatus
|-singleturn|p1a: Eternatus|Protect
|move|p2b: Kyogre|Water Spout|p1a: Eternatus|[spread] p1b
|-activate|p1a: Eternatus|move: Protect
|-damage|p1b: Tinkaton|0 fnt
|faint|p1b: Tinkaton
|
|-weather|RainDance|[upkeep]
|upkeep
|
|t:|1750709435
|switch|p1b: Chien-Pao|Chien-Pao, L50|100/100
|-ability|p1b: Chien-Pao|Sword of Ruin
|turn|9
|
|t:|1750709444
|move|p1b: Chien-Pao|Sucker Punch|p2b: Kyogre
|-damage|p2b: Kyogre|50/100
|move|p2b: Kyogre|Water Spout|p1a: Eternatus|[spread] p1a,p1b
|-damage|p1a: Eternatus|16/100
|-damage|p1b: Chien-Pao|22/100
|move|p1a: Eternatus|Sludge Wave|p2b: Kyogre|[spread] p1b,p2b
|-damage|p1b: Chien-Pao|0 fnt
|-damage|p2b: Kyogre|6/100
|faint|p1b: Chien-Pao
|
|-weather|RainDance|[upkeep]
|upkeep
|turn|10
|
|t:|1750709455
|move|p1a: Eternatus|Protect|p1a: Eternatus
|-singleturn|p1a: Eternatus|Protect
|move|p2b: Kyogre|Water Spout|p1a: Eternatus
|-activate|p1a: Eternatus|move: Protect
|
|-weather|RainDance|[upkeep]
|upkeep
|turn|11
|
|t:|1750709462
|move|p2b: Kyogre|Water Spout|p1a: Eternatus
|-damage|p1a: Eternatus|9/100
|move|p1a: Eternatus|Sludge Wave|p2b: Kyogre
|-damage|p2b: Kyogre|0 fnt
|faint|p2b: Kyogre
|
|win|AmaneB
|raw|AmaneB's rating: 1392 &rarr; <strong>1417</strong><br />(+25 for winning)
|raw|La Firma VGC's rating: 1489 &rarr; <strong>1464</strong><br />(-25 for losing)
|l|☆La Firma VGC
|player|p2|
