|j|☆DonBozzo
|j|☆Hydracrew
|t:|1750863998
|gametype|doubles
|player|p1|DonBozzo|2|1120
|player|p2|Hydracrew|170|1177
|teamsize|p1|6
|teamsize|p2|6
|gen|9
|tier|[Gen 9] VGC 2025 Reg I
|rated|
|rule|Species Clause: Limit one of each Pokémon
|rule|Item Clause: Limit 1 of each item
|clearpoke
|poke|p1|Dondozo, L50, M|
|poke|p1|Tatsugiri, L50, M|
|poke|p1|Miraidon, L50|
|poke|p1|Cresselia, L50, F|
|poke|p1|Ursaluna-Bloodmoon, L50, M|
|poke|p1|Grimmsnarl, L50, M|
|poke|p2|Gothitelle, L50, M|
|poke|p2|Ditto, L50|
|poke|p2|Azumarill, L50, M|
|poke|p2|Talonflame, L50, F|
|poke|p2|Zacian-*, L50|
|poke|p2|Kyogre, L50|
|teampreview|4
|inactive|Battle timer is ON: inactive players will automatically lose when time's up. (requested by Hydracrew)
|
|t:|1750864016
|start
|switch|p1a: Grimmsnarl|Grimmsnarl, L50, M|100/100
|switch|p1b: Miraidon|Miraidon, L50|100/100
|switch|p2a: Azumarill|Azumarill, L50, M|100/100
|switch|p2b: Kyogre|Kyogre, L50|100/100
|-fieldstart|move: Electric Terrain|[from] ability: Hadron Engine|[of] p1b: Miraidon
|-weather|RainDance|[from] ability: Drizzle|[of] p2b: Kyogre
|turn|1
|inactive|DonBozzo has 30 seconds left.
|inactive|DonBozzo has 20 seconds left.
|inactive|DonBozzo has 15 seconds left.
|
|t:|1750864057
|switch|p2a: Ditto|Ditto, L50|100/100
|-transform|p2a: Ditto|p1b: Miraidon|[from] ability: Imposter
|-activate|p2a: Ditto|ability: Hadron Engine
|-terastallize|p2b: Kyogre|Grass
|move|p1a: Grimmsnarl|Thunder Wave|p2b: Kyogre
|-status|p2b: Kyogre|par
|move|p1b: Miraidon|Electro Drift|p2b: Kyogre
|-resisted|p2b: Kyogre
|-damage|p2b: Kyogre|72/100 par
|move|p2b: Kyogre|Origin Pulse|p1b: Miraidon|[spread] p1a,p1b
|-resisted|p1b: Miraidon
|-damage|p1a: Grimmsnarl|29/100
|-damage|p1b: Miraidon|76/100
|
|-weather|RainDance|[upkeep]
|upkeep
|turn|2
|
|t:|1750864079
|move|p1a: Grimmsnarl|Light Screen|p1a: Grimmsnarl
|-sidestart|p1: DonBozzo|move: Light Screen
|move|p1b: Miraidon|Electro Drift|p2a: Ditto
|-resisted|p2a: Ditto
|-damage|p2a: Ditto|70/100
|move|p2a: Ditto|Dazzling Gleam|p1b: Miraidon|[spread] p1a,p1b
|-supereffective|p1a: Grimmsnarl
|-supereffective|p1b: Miraidon
|-damage|p1a: Grimmsnarl|0 fnt
|-damage|p1b: Miraidon|50/100
|faint|p1a: Grimmsnarl
|cant|p2b: Kyogre|par
|
|-weather|RainDance|[upkeep]
|upkeep
|
|t:|1750864088
|switch|p1a: Dondozo|Dondozo, L50, M|100/100
|turn|3
|
|t:|1750864101
|switch|p1b: Tatsugiri|Tatsugiri, L50, M|100/100
|-activate|p1b: Tatsugiri|ability: Commander|[of] p1a: Dondozo
|-boost|p1a: Dondozo|atk|2
|-boost|p1a: Dondozo|spa|2
|-boost|p1a: Dondozo|spe|2
|-boost|p1a: Dondozo|def|2
|-boost|p1a: Dondozo|spd|2
|-terastallize|p1a: Dondozo|Fire
|move|p1a: Dondozo|Order Up|p2a: Ditto
|-supereffective|p2a: Ditto
|-damage|p2a: Ditto|0 fnt
|faint|p2a: Ditto
|-boost|p1a: Dondozo|atk|1
|cant|p2b: Kyogre|par
|
|-weather|RainDance|[upkeep]
|upkeep
|
|t:|1750864113
|switch|p2a: Azumarill|Azumarill, L50, M|100/100
|turn|4
|
|t:|1750864121
|move|p1a: Dondozo|Tera Blast|p2b: Kyogre|[anim] Tera Blast Fire
|-supereffective|p2b: Kyogre
|-damage|p2b: Kyogre|0 fnt
|faint|p2b: Kyogre
|move|p2a: Azumarill|Liquidation|p1a: Dondozo
|-supereffective|p1a: Dondozo
|-damage|p1a: Dondozo|16/100
|
|-weather|RainDance|[upkeep]
|upkeep
|
|t:|1750864132
|switch|p2b: Zacian|Zacian-Crowned, L50|100/100
|-ability|p2b: Zacian|Intrepid Sword|boost
|-boost|p2b: Zacian|atk|1
|turn|5
|
|t:|1750864135
|move|p2b: Zacian|Protect|p2b: Zacian
|-singleturn|p2b: Zacian|Protect
|move|p1a: Dondozo|Tera Blast|p2b: Zacian|[anim] Tera Blast Fire
|-activate|p2b: Zacian|move: Protect
|move|p2a: Azumarill|Liquidation|p1a: Dondozo
|-supereffective|p1a: Dondozo
|-damage|p1a: Dondozo|0 fnt
|faint|p1a: Dondozo
|
|-weather|none
|-fieldend|move: Electric Terrain
|upkeep
|
|t:|1750864137
|switch|p1a: Miraidon|Miraidon, L50|50/100
|-fieldstart|move: Electric Terrain|[from] ability: Hadron Engine|[of] p1a: Miraidon
|turn|6
|
|t:|1750864149
|move|p1b: Tatsugiri|Hydro Pump|p2b: Zacian
|-damage|p2b: Zacian|56/100
|move|p2b: Zacian|Play Rough|p1a: Miraidon
|-supereffective|p1a: Miraidon
|-damage|p1a: Miraidon|0 fnt
|faint|p1a: Miraidon
|move|p2a: Azumarill|Liquidation|p1b: Tatsugiri
|-resisted|p1b: Tatsugiri
|-crit|p1b: Tatsugiri
|-damage|p1b: Tatsugiri|44/100
|-unboost|p1b: Tatsugiri|def|1
|
|upkeep
|turn|7
|-message|DonBozzo forfeited.
|
|win|Hydracrew
|raw|DonBozzo's rating: 1120 &rarr; <strong>1099</strong><br />(-21 for losing)
|raw|Hydracrew's rating: 1177 &rarr; <strong>1198</strong><br />(+21 for winning)
|l|☆DonBozzo
|player|p1|
|l|☆Hydracrew
|player|p2|
