|j|☆djd54
|j|☆MidnightGalaxy1525
|t:|1750871773
|gametype|doubles
|player|p1|djd54|1|1304
|player|p2|MidnightGalaxy1525|hilda-wonderlauncher|1345
|teamsize|p1|6
|teamsize|p2|6
|gen|9
|tier|[Gen 9] VGC 2025 Reg I
|rated|
|rule|Species Clause: Limit one of each Pokémon
|rule|Item Clause: Limit 1 of each item
|clearpoke
|poke|p1|Reshiram, L50|
|poke|p1|Groudon, L50|
|poke|p1|Roaring Moon, L50|
|poke|p1|Walking Wake, L50|
|poke|p1|Rillaboom, L50, M|
|poke|p1|Gholdengo, L50|
|poke|p2|Miraidon, L50|
|poke|p2|Calyrex-Ice, L50|
|poke|p2|Ting-Lu, L50|
|poke|p2|Grimmsnarl, L50, M|
|poke|p2|Conkeldurr, L50, M|
|poke|p2|Sinistcha, L50|
|teampreview|4
|
|t:|1750871802
|start
|switch|p1a: Roaring Moon|Roaring Moon, L50|100/100
|switch|p1b: Groudon|Groudon, L50, shiny|100/100
|switch|p2a: Grimmsnarl|Grimmsnarl, L50, M|100/100
|switch|p2b: Miraidon|Miraidon, L50|100/100
|-fieldstart|move: Electric Terrain|[from] ability: Hadron Engine|[of] p2b: Miraidon
|-weather|SunnyDay|[from] ability: Drought|[of] p1b: Groudon
|-activate|p1a: Roaring Moon|ability: Protosynthesis
|-start|p1a: Roaring Moon|protosynthesisspe
|turn|1
|
|t:|1750871829
|move|p1a: Roaring Moon|Tailwind|p1a: Roaring Moon
|-sidestart|p1: djd54|move: Tailwind
|move|p2b: Miraidon|Volt Switch|p1a: Roaring Moon
|-resisted|p1a: Roaring Moon
|-damage|p1a: Roaring Moon|69/100
|
|t:|1750871835
|switch|p2b: Conkeldurr|Conkeldurr, L50, M|100/100|[from] Volt Switch
|move|p1b: Groudon|Precipice Blades|p2b: Conkeldurr|[spread] p2a,p2b
|-damage|p2a: Grimmsnarl|32/100
|-damage|p2b: Conkeldurr|49/100
|move|p2a: Grimmsnarl|Spirit Break|p1a: Roaring Moon
|-supereffective|p1a: Roaring Moon
|-damage|p1a: Roaring Moon|0 fnt
|faint|p1a: Roaring Moon
|-end|p1a: Roaring Moon|Protosynthesis|[silent]
|
|-weather|SunnyDay|[upkeep]
|upkeep
|
|t:|1750871848
|switch|p1a: Reshiram|Reshiram, L50, shiny|100/100
|-ability|p1a: Reshiram|Turboblaze
|turn|2
|
|t:|1750871859
|-terastallize|p1a: Reshiram|Fire
|move|p2b: Conkeldurr|Wide Guard|p2b: Conkeldurr
|-singleturn|p2b: Conkeldurr|Wide Guard
|move|p2a: Grimmsnarl|Parting Shot|p1a: Reshiram
|-unboost|p1a: Reshiram|atk|1
|-unboost|p1a: Reshiram|spa|1
|
|t:|1750871867
|switch|p2a: Ting-Lu|Ting-Lu, L50|100/100|[from] Parting Shot
|-ability|p2a: Ting-Lu|Vessel of Ruin
|move|p1a: Reshiram|Heat Wave|p2a: Ting-Lu|[spread] 
|-activate|p2a: Ting-Lu|move: Wide Guard
|-activate|p2b: Conkeldurr|move: Wide Guard
|move|p1b: Groudon|Precipice Blades|p2b: Conkeldurr|[spread] 
|-activate|p2a: Ting-Lu|move: Wide Guard
|-activate|p2b: Conkeldurr|move: Wide Guard
|
|-weather|SunnyDay|[upkeep]
|upkeep
|turn|3
|
|t:|1750871884
|switch|p1a: Rillaboom|Rillaboom, L50, M|100/100
|-fieldstart|move: Grassy Terrain|[from] ability: Grassy Surge|[of] p1a: Rillaboom
|-enditem|p1a: Rillaboom|Grassy Seed
|-boost|p1a: Rillaboom|def|1|[from] item: Grassy Seed
|move|p1b: Groudon|Heat Crash|p2b: Conkeldurr
|-damage|p2b: Conkeldurr|0 fnt
|faint|p2b: Conkeldurr
|move|p2a: Ting-Lu|Stomping Tantrum|p1a: Rillaboom
|-resisted|p1a: Rillaboom
|-damage|p1a: Rillaboom|91/100
|
|-weather|SunnyDay|[upkeep]
|-heal|p1a: Rillaboom|97/100|[from] Grassy Terrain
|upkeep
|
|t:|1750871894
|switch|p2b: Miraidon|Miraidon, L50|100/100
|-fieldstart|move: Electric Terrain|[from] ability: Hadron Engine|[of] p2b: Miraidon
|turn|4
|
|t:|1750871915
|switch|p2b: Grimmsnarl|Grimmsnarl, L50, M|32/100
|move|p1a: Rillaboom|Fake Out|p2b: Grimmsnarl
|-damage|p2b: Grimmsnarl|17/100
|move|p1b: Groudon|Precipice Blades|p2b: Grimmsnarl|[spread] p2a,p2b
|-damage|p2a: Ting-Lu|74/100
|-damage|p2b: Grimmsnarl|0 fnt
|faint|p2b: Grimmsnarl
|move|p2a: Ting-Lu|Ruination|p1a: Rillaboom
|-damage|p1a: Rillaboom|49/100
|
|-weather|SunnyDay|[upkeep]
|-sideend|p1: djd54|move: Tailwind
|upkeep
|
|t:|1750871924
|switch|p2b: Miraidon|Miraidon, L50|100/100
|-activate|p2b: Miraidon|ability: Hadron Engine
|turn|5
|
|t:|1750871934
|-terastallize|p2b: Miraidon|Electric
|move|p2b: Miraidon|Electro Drift|p1a: Rillaboom
|-resisted|p1a: Rillaboom
|-crit|p1a: Rillaboom
|-damage|p1a: Rillaboom|0 fnt
|faint|p1a: Rillaboom
|move|p1b: Groudon|Precipice Blades|p2b: Miraidon|[spread] p2a,p2b
|-supereffective|p2b: Miraidon
|-damage|p2a: Ting-Lu|49/100
|-damage|p2b: Miraidon|0 fnt
|faint|p2b: Miraidon
|move|p2a: Ting-Lu|Ruination|p1b: Groudon
|-damage|p1b: Groudon|51/100
|
|-weather|none
|upkeep
|
|t:|1750871949
|switch|p1a: Reshiram|Reshiram, L50, shiny, tera:Fire|100/100
|-ability|p1a: Reshiram|Turboblaze
|turn|6
|
|t:|1750871955
|move|p1a: Reshiram|Fusion Flare|p2a: Ting-Lu
|-damage|p2a: Ting-Lu|0 fnt
|faint|p2a: Ting-Lu
|
|win|djd54
|raw|djd54's rating: 1304 &rarr; <strong>1326</strong><br />(+22 for winning)
|raw|MidnightGalaxy1525's rating: 1345 &rarr; <strong>1323</strong><br />(-22 for losing)
|l|☆MidnightGalaxy1525
|player|p2|
|l|☆djd54
|player|p1|
