|j|☆pitermax
|j|☆thander11
|t:|1750797039
|gametype|doubles
|player|p1|pitermax|marley|
|player|p2|thander11|ethan|
|teamsize|p1|6
|teamsize|p2|6
|gen|9
|tier|[Gen 9] VGC 2025 Reg I
|rule|Species Clause: Limit one of each Pokémon
|rule|Item Clause: Limit 1 of each item
|clearpoke
|poke|p1|Glimmora, L50, F|
|poke|p1|Toxapex, L50, F|
|poke|p1|Amoonguss, L50, F|
|poke|p1|Iron Moth, L50|
|poke|p1|Toxtricity-Low-Key, L50, M|
|poke|p1|Grafaiai, L50, F|
|poke|p2|Flutter Mane, L50|
|poke|p2|Gengar, L50, M|
|poke|p2|Dragapult, L50, M|
|poke|p2|Annihilape, L50, M|
|poke|p2|Sableye, L50, M|
|poke|p2|Ceruledge, L50, M|
|teampreview|4
pitermax has agreed to open team sheets.
|j| okkito
|j| MultiZapdos
thander11 has agreed to open team sheets.
|showteam|p1|Glimmora||FocusSash|ToxicDebris|StealthRock,MortalSpin,PowerGem,EarthPower|||F|||50|,,,,,Rock]Toxapex||BlackSludge|Regenerator|Recover,BanefulBunker,Haze,ToxicSpikes|||F|||50|,,,,,Water]Amoonguss||RockyHelmet|Regenerator|Spore,GigaDrain,SludgeBomb,ClearSmog|||F|||50|,,,,,Water]Iron Moth||BoosterEnergy|QuarkDrive|Flamethrower,SludgeWave,EnergyBall,Substitute||||||50|,,,,,Fire]Toxtricity-Low-Key||ChoiceSpecs|PunkRock|Overdrive,Boomburst,SludgeWave,VoltSwitch|||M|||50|,,,,,Electric]Grafaiai||Leftovers|Prankster|KnockOff,Encore,Taunt,PartingShot|||F|||50|,,,,,Poison
|showteam|p2|Flutter Mane||BoosterEnergy|Protosynthesis|ShadowBall,Moonblast,Protect,Substitute||||||50|,,,,,Fairy]Gengar||FocusSash|CursedBody|ShadowBall,SludgeBomb,IcyWind,Taunt|||M|||50|,,,,,Grass]Dragapult||ChoiceBand|ClearBody|PhantomForce,DragonDarts,Uturn,SuckerPunch|||M|||50|,,,,,Ghost]Annihilape||Leftovers|Defiant|RageFist,DrainPunch,BulkUp,Protect|||M|||50|,,,,,Water]Sableye||MentalHerb|Prankster|Quash,WillOWisp,Taunt,Trick|||M|||50|,,,,,Ghost]Ceruledge||WeaknessPolicy|FlashFire|BitterBlade,ShadowSneak,Protect,SwordsDance|||M|||50|,,,,,Grass
|j| alexeido
|
|t:|1750797147
|start
|switch|p1a: Glimmora|Glimmora, L50, F, shiny|100/100
|switch|p1b: Toxapex|Toxapex, L50, F|100/100
|switch|p2a: Annihilape|Annihilape, L50, M, shiny|100/100
|switch|p2b: Dragapult|Dragapult, L50, M, shiny|100/100
|turn|1
|
|t:|1750797201
|move|p2b: Dragapult|Dragon Darts|p1a: Glimmora
|-damage|p1a: Glimmora|58/100
|-activate|p1a: Glimmora|ability: Toxic Debris
|-sidestart|p2: thander11|move: Toxic Spikes
|-anim|p2b: Dragapult|Dragon Darts|p1b: Toxapex
|-damage|p1b: Toxapex|79/100
|move|p1a: Glimmora|Stealth Rock|p2a: Annihilape
|-sidestart|p2: thander11|move: Stealth Rock
|move|p2a: Annihilape|Bulk Up|p2a: Annihilape
|-boost|p2a: Annihilape|atk|1
|-boost|p2a: Annihilape|def|1
|move|p1b: Toxapex|Toxic Spikes|p2b: Dragapult
|-sidestart|p2: thander11|move: Toxic Spikes
|
|-heal|p1b: Toxapex|85/100|[from] item: Black Sludge
|upkeep
|turn|2
|
|t:|1750797232
|move|p2b: Dragapult|Dragon Darts|p1a: Glimmora
|-damage|p1a: Glimmora|14/100
|-anim|p2b: Dragapult|Dragon Darts|p1b: Toxapex
|-damage|p1b: Toxapex|63/100
|move|p1a: Glimmora|Earth Power|p2b: Dragapult
|-damage|p2b: Dragapult|59/100
|move|p2a: Annihilape|Bulk Up|p2a: Annihilape
|-boost|p2a: Annihilape|atk|1
|-boost|p2a: Annihilape|def|1
|move|p1b: Toxapex|Haze|p1b: Toxapex
|-clearallboost
|
|-heal|p1b: Toxapex|69/100|[from] item: Black Sludge
|upkeep
|turn|3
|
|t:|1750797277
|move|p2b: Dragapult|Dragon Darts|p1a: Glimmora
|-damage|p1a: Glimmora|0 fnt
|-anim|p2b: Dragapult|Dragon Darts|p1b: Toxapex
|-damage|p1b: Toxapex|45/100
|faint|p1a: Glimmora
|move|p2a: Annihilape|Rage Fist|p1b: Toxapex
|-crit|p1b: Toxapex
|-damage|p1b: Toxapex|22/100
|move|p1b: Toxapex|Recover|p1b: Toxapex
|-heal|p1b: Toxapex|72/100
|
|-heal|p1b: Toxapex|78/100|[from] item: Black Sludge
|upkeep
|
|t:|1750797291
|switch|p1a: Iron Moth|Iron Moth, L50|100/100
|-enditem|p1a: Iron Moth|Booster Energy
|-activate|p1a: Iron Moth|ability: Quark Drive|[fromitem]
|-start|p1a: Iron Moth|quarkdrivespa
|turn|4
|
|t:|1750797330
|move|p2b: Dragapult|Dragon Darts|p1a: Iron Moth
|-damage|p1a: Iron Moth|40/100
|-anim|p2b: Dragapult|Dragon Darts|p1b: Toxapex
|-damage|p1b: Toxapex|53/100
|move|p1a: Iron Moth|Substitute|p1a: Iron Moth
|-start|p1a: Iron Moth|Substitute
|-damage|p1a: Iron Moth|16/100
|move|p2a: Annihilape|Bulk Up|p2a: Annihilape
|-boost|p2a: Annihilape|atk|1
|-boost|p2a: Annihilape|def|1
|move|p1b: Toxapex|Recover|p1b: Toxapex
|-heal|p1b: Toxapex|100/100
|
|upkeep
|turn|5
|
|t:|1750797358
|move|p2a: Annihilape|Protect|p2a: Annihilape
|-singleturn|p2a: Annihilape|Protect
|move|p2b: Dragapult|Dragon Darts|p1a: Iron Moth
|-end|p1a: Iron Moth|Substitute
|-anim|p2b: Dragapult|Dragon Darts|p1b: Toxapex
|-damage|p1b: Toxapex|79/100
|move|p1a: Iron Moth|Sludge Wave|p2a: Annihilape|[spread] p1b,p2b
|-activate|p2a: Annihilape|move: Protect
|-resisted|p1b: Toxapex
|-resisted|p2b: Dragapult
|-damage|p1b: Toxapex|57/100
|-damage|p2b: Dragapult|26/100
|move|p1b: Toxapex|Haze|p1b: Toxapex
|-clearallboost
|
|-heal|p1b: Toxapex|62/100|[from] item: Black Sludge
|upkeep
|turn|6
|
|t:|1750797395
|-end|p1a: Iron Moth|Quark Drive|[silent]
|switch|p1a: Grafaiai|Grafaiai, L50, F|100/100
|move|p1b: Toxapex|Baneful Bunker|p1b: Toxapex
|-singleturn|p1b: Toxapex|move: Protect
|move|p2b: Dragapult|Dragon Darts|p1a: Grafaiai
|-damage|p1a: Grafaiai|43/100
|-anim|p2b: Dragapult|Dragon Darts|p1a: Grafaiai
|-damage|p1a: Grafaiai|0 fnt
|faint|p1a: Grafaiai
|move|p2a: Annihilape|Bulk Up|p2a: Annihilape
|-boost|p2a: Annihilape|atk|1
|-boost|p2a: Annihilape|def|1
|
|-heal|p1b: Toxapex|68/100|[from] item: Black Sludge
|upkeep
|
|t:|1750797408
|switch|p1a: Iron Moth|Iron Moth, L50|16/100
|turn|7
|
|t:|1750797432
|move|p2b: Dragapult|Dragon Darts|p1b: Toxapex
|-damage|p1b: Toxapex|45/100
|-anim|p2b: Dragapult|Dragon Darts|p1a: Iron Moth
|-damage|p1a: Iron Moth|0 fnt
|faint|p1a: Iron Moth
|-end|p1a: Iron Moth|Quark Drive|[silent]
|move|p2a: Annihilape|Rage Fist|p1b: Toxapex
|-damage|p1b: Toxapex|23/100
|move|p1b: Toxapex|Haze|p1b: Toxapex
|-clearallboost
|
|-heal|p1b: Toxapex|29/100|[from] item: Black Sludge
|upkeep
|turn|8
|
|t:|1750797448
|move|p2b: Dragapult|Dragon Darts|p1b: Toxapex
|-damage|p1b: Toxapex|4/100
|-anim|p2b: Dragapult|Dragon Darts|p1b: Toxapex
|-damage|p1b: Toxapex|0 fnt
|faint|p1b: Toxapex
|
|win|thander11
