|j|☆Luh_simoes-04
|j|☆Redhoundoom
|t:|1750811764
|gametype|doubles
|player|p1|Luh_simoes-04|drayden|1470
|player|p2|Redhoundoom|102|1404
|teamsize|p1|6
|teamsize|p2|6
|gen|9
|tier|[Gen 9] VGC 2025 Reg I
|rated|
|rule|Species Clause: Limit one of each Pokémon
|rule|Item Clause: Limit 1 of each item
|clearpoke
|poke|p1|Indeedee-F, L50, F|
|poke|p1|Calyrex-Ice, L50|
|poke|p1|Lunala, L50|
|poke|p1|Urshifu-*, L50, M|
|poke|p1|Rillaboom, L50, M|
|poke|p1|Landorus, L50, M|
|poke|p2|Rillaboom, L50, F|
|poke|p2|Zamazenta-*, L50|
|poke|p2|Urshifu-*, L50, M|
|poke|p2|Ho-Oh, L50|
|poke|p2|Flutter Mane, L50|
|poke|p2|Raging Bolt, L50|
|teampreview|4
|inactive|Battle timer is ON: inactive players will automatically lose when time's up. (requested by Luh_simoes-04)
|inactive|Redhoundoom also wants the timer to be on.
|
|t:|1750811788
|start
|switch|p1a: Indeedee|Indeedee-F, L50, F|100/100
|switch|p1b: Lunala|Lunala, L50|100/100
|switch|p2a: Zamazenta|Zamazenta-Crowned, L50|100/100
|switch|p2b: Urshifu|Urshifu-Rapid-Strike, L50, M|100/100
|-ability|p2a: Zamazenta|Dauntless Shield|boost
|-boost|p2a: Zamazenta|def|1
|-fieldstart|move: Psychic Terrain|[from] ability: Psychic Surge|[of] p1a: Indeedee
|turn|1
|inactive|Redhoundoom has 30 seconds left.
|
|t:|1750811814
|-terastallize|p2b: Urshifu|Water
|move|p1a: Indeedee|Follow Me|p1a: Indeedee
|-singleturn|p1a: Indeedee|move: Follow Me
|move|p2b: Urshifu|Surging Strikes|p1a: Indeedee
|-crit|p1a: Indeedee
|-damage|p1a: Indeedee|73/100
|-crit|p1a: Indeedee
|-damage|p1a: Indeedee|49/100
|-crit|p1a: Indeedee
|-damage|p1a: Indeedee|24/100
|-hitcount|p1a: Indeedee|3
|move|p2a: Zamazenta|Body Press|p1a: Indeedee
|-damage|p1a: Indeedee|0 fnt
|faint|p1a: Indeedee
|move|p1b: Lunala|Trick Room|p1b: Lunala
|-fieldstart|move: Trick Room|[of] p1b: Lunala
|
|upkeep
|
|t:|1750811832
|switch|p1a: Landorus|Landorus, L50, M|100/100
|turn|2
|inactive|Redhoundoom has 30 seconds left.
|inactive|Redhoundoom has 20 seconds left.
|
|t:|1750811872
|switch|p2a: Rillaboom|Rillaboom, L50, F|100/100
|-fieldstart|move: Grassy Terrain|[from] ability: Grassy Surge|[of] p2a: Rillaboom
|-terastallize|p1a: Landorus|Poison
|move|p2b: Urshifu|Protect|p2b: Urshifu
|-singleturn|p2b: Urshifu|Protect
|move|p1b: Lunala|Meteor Beam||[still]
|-prepare|p1b: Lunala|Meteor Beam
|-boost|p1b: Lunala|spa|1
|-enditem|p1b: Lunala|Power Herb
|-anim|p1b: Lunala|Meteor Beam|p2b: Urshifu
|-activate|p2b: Urshifu|move: Protect
|move|p1a: Landorus|Sludge Bomb|p2b: Urshifu
|-activate|p2b: Urshifu|move: Protect
|
|upkeep
|turn|3
|inactive|Redhoundoom has 30 seconds left.
|
|t:|1750811900
|switch|p1a: Calyrex|Calyrex-Ice, L50|100/100
|-ability|p1a: Calyrex|As One
|-ability|p1a: Calyrex|Unnerve
|switch|p2a: Zamazenta|Zamazenta-Crowned, L50|100/100
|move|p1b: Lunala|Moongeist Beam|p2b: Urshifu
|-crit|p2b: Urshifu
|-enditem|p2b: Urshifu|Focus Sash
|-damage|p2b: Urshifu|1/100
|move|p2b: Urshifu|Surging Strikes|p1b: Lunala
|-crit|p1b: Lunala
|-damage|p1b: Lunala|90/100
|-crit|p1b: Lunala
|-damage|p1b: Lunala|68/100
|-crit|p1b: Lunala
|-damage|p1b: Lunala|47/100
|-hitcount|p1b: Lunala|3
|
|-heal|p1b: Lunala|54/100|[from] Grassy Terrain
|-heal|p2b: Urshifu|7/100|[from] Grassy Terrain
|upkeep
|turn|4
|inactive|Redhoundoom has 30 seconds left.
|
|t:|1750811931
|move|p2b: Urshifu|Protect|p2b: Urshifu
|-singleturn|p2b: Urshifu|Protect
|move|p1a: Calyrex|Close Combat|p2a: Zamazenta
|-supereffective|p2a: Zamazenta
|-damage|p2a: Zamazenta|14/100
|-unboost|p1a: Calyrex|def|1
|-unboost|p1a: Calyrex|spd|1
|move|p1b: Lunala|Moongeist Beam|p2a: Zamazenta
|-damage|p2a: Zamazenta|0 fnt
|faint|p2a: Zamazenta
|
|-heal|p1b: Lunala|60/100|[from] Grassy Terrain
|-heal|p2b: Urshifu|12/100|[from] Grassy Terrain
|upkeep
|inactive|Redhoundoom has 30 seconds left.
|
|t:|1750811958
|switch|p2a: Rillaboom|Rillaboom, L50, F|100/100
|turn|5
|
|t:|1750811966
|switch|p1a: Landorus|Landorus, L50, M, tera:Poison|100/100
|switch|p2b: Ho-Oh|Ho-Oh, L50|100/100
|move|p2a: Rillaboom|Fake Out|p1a: Landorus
|-damage|p1a: Landorus|87/100
|move|p1b: Lunala|Moongeist Beam|p2b: Ho-Oh
|-damage|p2b: Ho-Oh|48/100
|
|-heal|p1b: Lunala|66/100|[from] Grassy Terrain
|-heal|p1a: Landorus|92/100|[from] Grassy Terrain
|-fieldend|move: Trick Room
|upkeep
|turn|6
|inactive|Redhoundoom has 30 seconds left.
|
|t:|1750811995
|move|p2b: Ho-Oh|Sacred Fire|p1a: Landorus
|-damage|p1a: Landorus|34/100
|move|p2a: Rillaboom|Wood Hammer|p1b: Lunala
|-damage|p1b: Lunala|5/100
|-damage|p2a: Rillaboom|77/100|[from] Recoil
|move|p1a: Landorus|Sludge Bomb|p2a: Rillaboom
|-supereffective|p2a: Rillaboom
|-damage|p2a: Rillaboom|0 fnt
|faint|p2a: Rillaboom
|move|p1b: Lunala|Trick Room|p1b: Lunala
|-fieldstart|move: Trick Room|[of] p1b: Lunala
|
|-heal|p1b: Lunala|11/100|[from] Grassy Terrain
|-heal|p1a: Landorus|40/100|[from] Grassy Terrain
|-fieldend|move: Grassy Terrain
|upkeep
|
|t:|1750812002
|switch|p2a: Urshifu|Urshifu-Rapid-Strike, L50, M, tera:Water|12/100
|turn|7
|inactive|Redhoundoom has 30 seconds left.
|
|t:|1750812031
|move|p2a: Urshifu|Aqua Jet|p1b: Lunala
|-damage|p1b: Lunala|0 fnt
|faint|p1b: Lunala
|move|p1a: Landorus|Sludge Bomb|p2a: Urshifu
|-crit|p2a: Urshifu
|-damage|p2a: Urshifu|0 fnt
|faint|p2a: Urshifu
|move|p2b: Ho-Oh|Sacred Fire|p1a: Landorus
|-damage|p1a: Landorus|0 fnt
|faint|p1a: Landorus
|
|upkeep
|
|t:|1750812035
|switch|p1b: Calyrex|Calyrex-Ice, L50|100/100
|-ability|p1b: Calyrex|As One
|-ability|p1b: Calyrex|Unnerve
|turn|8
|
|t:|1750812043
|move|p2b: Ho-Oh|Protect|p2b: Ho-Oh
|-singleturn|p2b: Ho-Oh|Protect
|move|p1b: Calyrex|Glacial Lance|p2b: Ho-Oh
|-activate|p2b: Ho-Oh|move: Protect
|
|upkeep
|turn|9
|
|t:|1750812054
|move|p1b: Calyrex|Glacial Lance|p2b: Ho-Oh
|-damage|p2b: Ho-Oh|0 fnt
|faint|p2b: Ho-Oh
|
|win|Luh_simoes-04
|raw|Luh_simoes-04's rating: 1470 &rarr; <strong>1486</strong><br />(+16 for winning)
|raw|Redhoundoom's rating: 1404 &rarr; <strong>1388</strong><br />(-16 for losing)
|l|☆Luh_simoes-04
|player|p1|
