|j|☆memel894
|j|☆cordab
|t:|1750772068
|gametype|doubles
|player|p1|memel894|norman|1179
|player|p2|cordab|cynthia|1263
|teamsize|p1|6
|teamsize|p2|6
|gen|9
|tier|[Gen 9] VGC 2025 Reg I
|rated|
|rule|Species Clause: Limit one of each Pokémon
|rule|Item Clause: Limit 1 of each item
|clearpoke
|poke|p1|Pincurchin, L50, M|
|poke|p1|Raging Bolt, L50|
|poke|p1|Koraidon, L50|
|poke|p1|Lunala, L50|
|poke|p1|Bastiodon, L50, M|
|poke|p1|Sableye, L50, M|
|poke|p2|Calyrex-Shadow, L50|
|poke|p2|Chi-Yu, L50|
|poke|p2|Rillaboom, L50, F|
|poke|p2|Koraidon, L50|
|poke|p2|Flutter Mane, L50|
|poke|p2|Farigiraf, L50, F|
|teampreview|4
|inactive|Battle timer is ON: inactive players will automatically lose when time's up. (requested by memel894)
|
|t:|1750772098
|start
|switch|p1a: Pincurchin|Pincurchin, L50, M|100/100
|switch|p1b: Raging Bolt|Raging Bolt, L50|100/100
|switch|p2a: Chi-Yu|Chi-Yu, L50|100/100
|switch|p2b: Flutter Mane|Flutter Mane, L50|100/100
|-ability|p2a: Chi-Yu|Beads of Ruin
|-fieldstart|move: Electric Terrain|[from] ability: Electric Surge|[of] p1a: Pincurchin
|turn|1
|inactive|memel894 has 30 seconds left.
|
|t:|1750772126
|-terastallize|p1b: Raging Bolt|Fairy
|move|p2a: Chi-Yu|Snarl|p1b: Raging Bolt|[spread] p1a,p1b
|-resisted|p1b: Raging Bolt
|-damage|p1a: Pincurchin|70/100
|-damage|p1b: Raging Bolt|89/100
|-unboost|p1a: Pincurchin|spa|1
|-unboost|p1b: Raging Bolt|spa|1
|-enditem|p1a: Pincurchin|Eject Button
|
|t:|1750772135
|switch|p1a: Lunala|Lunala, L50|100/100
|move|p2b: Flutter Mane|Taunt|p1a: Lunala
|-start|p1a: Lunala|move: Taunt
|move|p1b: Raging Bolt|Rising Voltage|p2a: Chi-Yu
|-hint|Rising Voltage's BP doubled on grounded target.
|-damage|p2a: Chi-Yu|29/100
|
|-heal|p1b: Raging Bolt|95/100|[from] item: Leftovers
|upkeep
|turn|2
|
|t:|1750772164
|move|p1b: Raging Bolt|Thunderclap|p2a: Chi-Yu
|-damage|p2a: Chi-Yu|0 fnt
|faint|p2a: Chi-Yu
|move|p2b: Flutter Mane|Dazzling Gleam|p1a: Lunala|[spread] p1a,p1b
|-damage|p1a: Lunala|91/100
|-damage|p1b: Raging Bolt|67/100
|move|p1a: Lunala|Meteor Beam||[still]
|-prepare|p1a: Lunala|Meteor Beam
|-boost|p1a: Lunala|spa|1
|-enditem|p1a: Lunala|Power Herb
|-anim|p1a: Lunala|Meteor Beam|p2b: Flutter Mane
|-damage|p2b: Flutter Mane|26/100
|
|-heal|p1b: Raging Bolt|73/100|[from] item: Leftovers
|upkeep
|
|t:|1750772167
|switch|p2a: Calyrex|Calyrex-Shadow, L50|100/100
|-ability|p2a: Calyrex|As One
|-ability|p2a: Calyrex|Unnerve
|turn|3
|inactive|memel894 has 30 seconds left.
|
|t:|1750772199
|-end|p2b: Flutter Mane|Protosynthesis|[silent]
|switch|p2b: Koraidon|Koraidon, L50|100/100
|-weather|SunnyDay|[from] ability: Orichalcum Pulse|[of] p2b: Koraidon
|-activate|p1b: Raging Bolt|ability: Protosynthesis
|-start|p1b: Raging Bolt|protosynthesisspa
|-activate|p2b: Koraidon|Orichalcum Pulse|[source]
|move|p1b: Raging Bolt|Thunderclap|p2a: Calyrex
|-damage|p2a: Calyrex|60/100
|move|p2a: Calyrex|Astral Barrage|p1a: Lunala|[spread] p1a,p1b
|-supereffective|p1a: Lunala
|-damage|p1a: Lunala|0 fnt
|-damage|p1b: Raging Bolt|29/100
|faint|p1a: Lunala
|-ability|p2a: Calyrex|Grim Neigh|boost
|-boost|p2a: Calyrex|spa|1
|
|-weather|SunnyDay|[upkeep]
|-heal|p1b: Raging Bolt|36/100|[from] item: Leftovers
|upkeep
|
|t:|1750772212
|switch|p1a: Pincurchin|Pincurchin, L50, M|70/100
|turn|4
|
|t:|1750772227
|-terastallize|p2b: Koraidon|Fire
|move|p1b: Raging Bolt|Protect|p1b: Raging Bolt
|-singleturn|p1b: Raging Bolt|Protect
|move|p2a: Calyrex|Astral Barrage|p1a: Pincurchin|[spread] p1a
|-activate|p1b: Raging Bolt|move: Protect
|-damage|p1a: Pincurchin|0 fnt
|faint|p1a: Pincurchin
|-ability|p2a: Calyrex|Grim Neigh|boost
|-boost|p2a: Calyrex|spa|1
|move|p2b: Koraidon|Flame Charge|p1b: Raging Bolt
|-activate|p1b: Raging Bolt|move: Protect
|
|-weather|SunnyDay|[upkeep]
|-heal|p1b: Raging Bolt|42/100|[from] item: Leftovers
|upkeep
|
|t:|1750772237
|switch|p1a: Koraidon|Koraidon, L50|100/100
|-activate|p1a: Koraidon|ability: Orichalcum Pulse
|turn|5
|
|t:|1750772247
|move|p1b: Raging Bolt|Thunderclap|p2a: Calyrex
|-damage|p2a: Calyrex|18/100
|move|p2a: Calyrex|Astral Barrage|p1b: Raging Bolt|[spread] p1a,p1b
|-damage|p1a: Koraidon|6/100
|-damage|p1b: Raging Bolt|0 fnt
|faint|p1b: Raging Bolt
|-end|p1b: Raging Bolt|Protosynthesis|[silent]
|-ability|p2a: Calyrex|Grim Neigh|boost
|-boost|p2a: Calyrex|spa|1
|move|p2b: Koraidon|Close Combat|p1a: Koraidon
|-damage|p1a: Koraidon|0 fnt
|-unboost|p2b: Koraidon|def|1
|-unboost|p2b: Koraidon|spd|1
|faint|p1a: Koraidon
|-damage|p2b: Koraidon|91/100|[from] item: Life Orb
|
|win|cordab
|raw|memel894's rating: 1179 &rarr; <strong>1160</strong><br />(-19 for losing)
|raw|cordab's rating: 1263 &rarr; <strong>1282</strong><br />(+19 for winning)
|l|☆memel894
|player|p1|
|l|☆cordab
|player|p2|
