|j|☆Paikuro
|j|☆klkir
|t:|1750875291
|gametype|doubles
|player|p1|Paikuro|1|1095
|player|p2|klkir|unknown|1113
|teamsize|p1|6
|teamsize|p2|6
|gen|9
|tier|[Gen 9] VGC 2025 Reg I
|rated|
|rule|Species Clause: Limit one of each Pokémon
|rule|Item Clause: Limit 1 of each item
|clearpoke
|poke|p1|Incineroar, L50, M|
|poke|p1|Glimmora, L50, F|
|poke|p1|Toxapex, L50, F|
|poke|p1|Calyrex-Shadow, L50|
|poke|p1|Blissey, L50, F|
|poke|p1|Lunala, L50|
|poke|p2|Calyrex-Shadow, L50|
|poke|p2|Terapagos, L50, M|
|poke|p2|Incineroar, L50, M|
|poke|p2|Ogerpon-Cornerstone, L50, F|
|poke|p2|Rillaboom, L50, F|
|poke|p2|Amoonguss, L50, F|
|teampreview|4
|inactive|Battle timer is ON: inactive players will automatically lose when time's up. (requested by klkir)
|
|t:|1750875315
|start
|switch|p1a: Lunala|Lunala, L50|100/100
|switch|p1b: Incineroar|Incineroar, L50, M|100/100
|switch|p2a: Incineroar|Incineroar, L50, M, shiny|100/100
|switch|p2b: Amoonguss|Amoonguss, L50, F|100/100
|-ability|p1b: Incineroar|Intimidate|boost
|-unboost|p2a: Incineroar|atk|1
|-unboost|p2b: Amoonguss|atk|1
|-ability|p2a: Incineroar|Intimidate|boost
|-unboost|p1a: Lunala|atk|1
|-unboost|p1b: Incineroar|atk|1
|turn|1
|
|t:|1750875337
|move|p2a: Incineroar|Fake Out|p1b: Incineroar
|-damage|p1b: Incineroar|93/100
|-enditem|p1b: Incineroar|Eject Button
|
|t:|1750875343
|switch|p1b: Toxapex|Toxapex, L50, F|100/100
|move|p1a: Lunala|Meteor Beam||[still]
|-prepare|p1a: Lunala|Meteor Beam
|-boost|p1a: Lunala|spa|1
|-enditem|p1a: Lunala|Power Herb
|-anim|p1a: Lunala|Meteor Beam|p2a: Incineroar
|-supereffective|p2a: Incineroar
|-damage|p2a: Incineroar|0 fnt
|faint|p2a: Incineroar
|move|p2b: Amoonguss|Spore|p1a: Lunala
|-status|p1a: Lunala|slp|[from] move: Spore
|
|upkeep
|
|t:|1750875354
|switch|p2a: Rillaboom|Rillaboom, L50, F|100/100
|-fieldstart|move: Grassy Terrain|[from] ability: Grassy Surge|[of] p2a: Rillaboom
|turn|2
|inactive|klkir has 30 seconds left.
|
|t:|1750875386
|switch|p1a: Incineroar|Incineroar, L50, M|93/100
|-ability|p1a: Incineroar|Intimidate|boost
|-unboost|p2a: Rillaboom|atk|1
|-unboost|p2b: Amoonguss|atk|1
|move|p2a: Rillaboom|Fake Out|p1b: Toxapex
|-damage|p1b: Toxapex|95/100
|cant|p1b: Toxapex|flinch
|move|p2b: Amoonguss|Spore|p1b: Toxapex
|-status|p1b: Toxapex|slp|[from] move: Spore
|
|-heal|p1a: Incineroar|99/100|[from] Grassy Terrain
|-heal|p1b: Toxapex|100/100 slp|[from] Grassy Terrain
|upkeep
|turn|3
|inactive|Paikuro has 30 seconds left.
|
|t:|1750875418
|switch|p2a: Terapagos|Terapagos, L50, M|100/100
|-activate|p2a: Terapagos|ability: Tera Shift
|detailschange|p2a: Terapagos|Terapagos-Terastal, L50, M
|-heal|p2a: Terapagos|100/100|[silent]
|move|p2b: Amoonguss|Protect|p2b: Amoonguss
|-singleturn|p2b: Amoonguss|Protect
|move|p1a: Incineroar|Flare Blitz|p2b: Amoonguss
|-activate|p2b: Amoonguss|move: Protect
|cant|p1b: Toxapex|slp
|
|-heal|p1a: Incineroar|100/100|[from] Grassy Terrain
|upkeep
|turn|4
|inactive|klkir has 30 seconds left.
|
|t:|1750875445
|move|p2a: Terapagos|Calm Mind|p2a: Terapagos
|-boost|p2a: Terapagos|spa|1
|-boost|p2a: Terapagos|spd|1
|move|p1a: Incineroar|Flare Blitz|p2b: Amoonguss
|-supereffective|p2b: Amoonguss
|-damage|p2b: Amoonguss|0 fnt
|-damage|p1a: Incineroar|84/100|[from] item: Rocky Helmet|[of] p2b: Amoonguss
|faint|p2b: Amoonguss
|-damage|p1a: Incineroar|42/100|[from] Recoil
|-curestatus|p1b: Toxapex|slp|[msg]
|move|p1b: Toxapex|Toxic|p2a: Terapagos
|-status|p2a: Terapagos|tox
|
|-heal|p1a: Incineroar|48/100|[from] Grassy Terrain
|-damage|p2a: Terapagos|94/100 tox|[from] psn
|upkeep
|
|t:|1750875458
|switch|p2b: Rillaboom|Rillaboom, L50, F|100/100
|turn|5
|
|t:|1750875477
|switch|p1a: Blissey|Blissey, L50, F|100/100
|-terastallize|p2a: Terapagos|Stellar
|detailschange|p2a: Terapagos|Terapagos-Stellar, L50, M, tera:Stellar
|-heal|p2a: Terapagos|96/100 tox|[silent]
|-ability|p2a: Terapagos|Teraform Zero
|-fieldend|move: Grassy Terrain
|move|p1b: Toxapex|Baneful Bunker|p1b: Toxapex
|-singleturn|p1b: Toxapex|move: Protect
|move|p2b: Rillaboom|Fake Out|p1a: Blissey
|-damage|p1a: Blissey|89/100
|move|p2a: Terapagos|Tera Starstorm|p1a: Blissey|[spread] p1a
|-activate|p1b: Toxapex|move: Protect
|-damage|p1a: Blissey|70/100
|
|-heal|p2a: Terapagos|100/100 tox|[from] item: Leftovers
|-heal|p1a: Blissey|76/100|[from] item: Leftovers
|-damage|p2a: Terapagos|88/100 tox|[from] psn
|upkeep
|turn|6
|inactive|Paikuro has 30 seconds left.
|
|t:|1750875503
|move|p1a: Blissey|Protect|p1a: Blissey
|-singleturn|p1a: Blissey|Protect
|move|p2a: Terapagos|Calm Mind|p2a: Terapagos
|-boost|p2a: Terapagos|spa|1
|-boost|p2a: Terapagos|spd|1
|move|p2b: Rillaboom|Wood Hammer|p1b: Toxapex
|-damage|p1b: Toxapex|64/100
|-damage|p2b: Rillaboom|91/100|[from] Recoil
|move|p1b: Toxapex|Toxic|p2b: Rillaboom
|-status|p2b: Rillaboom|tox
|
|-heal|p2a: Terapagos|94/100 tox|[from] item: Leftovers
|-heal|p1a: Blissey|82/100|[from] item: Leftovers
|-heal|p1b: Toxapex|69/100|[from] item: Black Sludge
|-damage|p2a: Terapagos|76/100 tox|[from] psn
|-damage|p2b: Rillaboom|86/100 tox|[from] psn
|upkeep
|turn|7
|inactive|Paikuro has 30 seconds left.
|inactive|klkir has 30 seconds left.
|inactive|Paikuro has 20 seconds left.
|
|t:|1750875541
|move|p2a: Terapagos|Tera Starstorm|p1a: Blissey|[spread] p1a,p1b
|-damage|p1a: Blissey|53/100
|-damage|p1b: Toxapex|12/100
|move|p2b: Rillaboom|Wood Hammer|p1b: Toxapex
|-damage|p1b: Toxapex|0 fnt
|faint|p1b: Toxapex
|-damage|p2b: Rillaboom|83/100 tox|[from] Recoil
|move|p1a: Blissey|Soft-Boiled|p1a: Blissey
|-heal|p1a: Blissey|100/100
|
|-heal|p2a: Terapagos|82/100 tox|[from] item: Leftovers
|-damage|p2a: Terapagos|57/100 tox|[from] psn
|-damage|p2b: Rillaboom|71/100 tox|[from] psn
|upkeep
|inactive|Paikuro has 30 seconds left.
|
|t:|1750875568
|switch|p1b: Incineroar|Incineroar, L50, M|48/100
|-ability|p1b: Incineroar|Intimidate|boost
|-unboost|p2a: Terapagos|atk|1
|-unboost|p2b: Rillaboom|atk|1
|turn|8
|
|t:|1750875581
|move|p1b: Incineroar|Fake Out|p2a: Terapagos
|-damage|p2a: Terapagos|50/100 tox
|cant|p2a: Terapagos|flinch
|move|p2b: Rillaboom|Wood Hammer|p1a: Blissey
|-damage|p1a: Blissey|69/100
|-damage|p2b: Rillaboom|53/100 tox|[from] Recoil
|move|p1a: Blissey|Shadow Ball|p2b: Rillaboom
|-damage|p2b: Rillaboom|43/100 tox
|
|-heal|p2a: Terapagos|56/100 tox|[from] item: Leftovers
|-heal|p1a: Blissey|75/100|[from] item: Leftovers
|-damage|p2a: Terapagos|25/100 tox|[from] psn
|-damage|p2b: Rillaboom|25/100 tox|[from] psn
|upkeep
|turn|9
|inactive|Paikuro has 30 seconds left.
|
|t:|1750875607
|move|p1a: Blissey|Protect|p1a: Blissey
|-singleturn|p1a: Blissey|Protect
|move|p2a: Terapagos|Tera Starstorm|p1b: Incineroar|[spread] p1b
|-activate|p1a: Blissey|move: Protect
|-crit|p1b: Incineroar
|-damage|p1b: Incineroar|0 fnt
|faint|p1b: Incineroar
|move|p2b: Rillaboom|Wood Hammer|p1a: Blissey
|-activate|p1a: Blissey|move: Protect
|
|-heal|p2a: Terapagos|31/100 tox|[from] item: Leftovers
|-heal|p1a: Blissey|81/100|[from] item: Leftovers
|-damage|p2a: Terapagos|0 fnt|[from] psn
|faint|p2a: Terapagos
|detailschange|p2: Terapagos|Terapagos, L50, M|[silent]
|-damage|p2b: Rillaboom|2/100 tox|[from] psn
|upkeep
|
|t:|1750875622
|switch|p1b: Lunala|Lunala, L50|100/100 slp
|turn|10
|
|t:|1750875628
|move|p2b: Rillaboom|Wood Hammer|p1a: Blissey
|-damage|p1a: Blissey|49/100
|-damage|p2b: Rillaboom|0 fnt|[from] Recoil
|faint|p2b: Rillaboom
|
|win|Paikuro
|raw|Paikuro's rating: 1095 &rarr; <strong>1122</strong><br />(+27 for winning)
|raw|klkir's rating: 1113 &rarr; <strong>1087</strong><br />(-26 for losing)
|l|☆Paikuro
|player|p1|
