|j|☆SupaJello
|j|☆Landovoir
|t:|1750868996
|gametype|doubles
|player|p1|SupaJello|hilbert|
|player|p2|Landovoir|rosa|
|teamsize|p1|6
|teamsize|p2|6
|gen|9
|tier|[Gen 9] VGC 2025 Reg I
|rated|Tournament battle
|rule|Species Clause: Limit one of each Pokémon
|rule|Item Clause: Limit 1 of each item
|raw|<div class="infobox"><details class="readmore" open><summary><strong>2 custom rules:</strong></summary> Force Open Team Sheets, !Open Team Sheets</details></div>
|clearpoke
|poke|p1|Koraidon, L50|
|poke|p1|Ho-Oh, L50|
|poke|p1|Raging Bolt, L50|
|poke|p1|Brute Bonnet, L50|
|poke|p1|Incineroar, L50, F|
|poke|p1|Flutter Mane, L50|
|poke|p2|Koraidon, L50|
|poke|p2|Terapagos, L50, M|
|poke|p2|Flutter Mane, L50|
|poke|p2|Rillaboom, L50, M|
|poke|p2|Incineroar, L50, F|
|poke|p2|Volcarona, L50, F|
|teampreview|4
|showteam|p1|Koraidon||LifeOrb|OrichalcumPulse|CloseCombat,FlareBlitz,FlameCharge,Protect||||||50|,,,,,Fire]Ho-Oh||Leftovers|Regenerator|Tailwind,BraveBird,SacredFire,Protect||||||50|,,,,,Grass]Raging Bolt||AssaultVest|Protosynthesis|Thunderbolt,Thunderclap,DracoMeteor,Snarl||||||50|,,,,,Electric]Brute Bonnet||RockyHelmet|Protosynthesis|SuckerPunch,RagePowder,Spore,SeedBomb||||||50|,,,,,Water]Incineroar||SafetyGoggles|Intimidate|FlareBlitz,FakeOut,PartingShot,KnockOff|||F|||50|,,,,,Ghost]Flutter Mane||FocusSash|Protosynthesis|Moonblast,IcyWind,ShadowBall,Protect||||||50|,,,,,Fairy
|showteam|p2|Koraidon||LifeOrb|OrichalcumPulse|CloseCombat,FlareBlitz,FlameCharge,Protect||||||50|,,,,,Fire]Terapagos||Leftovers|TeraShift|TeraStarstorm,CalmMind,EarthPower,Protect|||M|||50|,,,,,Stellar]Flutter Mane||FocusSash|Protosynthesis|Moonblast,ShadowBall,IcyWind,Protect||||||50|,,,,,Stellar]Rillaboom||AssaultVest|GrassySurge|GrassyGlide,WoodHammer,FakeOut,Uturn|||M|||50|,,,,,Poison]Incineroar||SafetyGoggles|Intimidate|KnockOff,FakeOut,Taunt,Uturn|||F|||50|,,,,,Ghost]Volcarona||RockyHelmet|FlameBody|StruggleBug,Overheat,RagePowder,MorningSun|||F|||50|,,,,,Grass
|inactive|Battle timer is ON: inactive players will automatically lose when time's up. (requested by SupaJello)
|inactive|Landovoir also wants the timer to be on.
|j| koyotavgc
|c|☆Landovoir|glhf
|c|☆SupaJello|u2
|inactive|SupaJello has 60 seconds left.
|inactive|Landovoir has 60 seconds left.
|j| practicesemijrlman
|j| Hy3llo
|inactive|Landovoir has 30 seconds left.
|inactive|Landovoir has 20 seconds left.
|inactive|Landovoir has 15 seconds left.
|inactive|Landovoir has 10 seconds left.
|
|t:|1750869081
|start
|switch|p1a: Ho-Oh|Ho-Oh, L50|100/100
|switch|p1b: Incineroar|Incineroar, L50, F|100/100
|switch|p2a: Koraidon|Koraidon, L50|100/100
|switch|p2b: Incineroar|Incineroar, L50, F|100/100
|-weather|SunnyDay|[from] ability: Orichalcum Pulse|[of] p2a: Koraidon
|-activate|p2a: Koraidon|Orichalcum Pulse|[source]
|-ability|p2b: Incineroar|Intimidate|boost
|-unboost|p1a: Ho-Oh|atk|1
|-unboost|p1b: Incineroar|atk|1
|-ability|p1b: Incineroar|Intimidate|boost
|-unboost|p2a: Koraidon|atk|1
|-unboost|p2b: Incineroar|atk|1
|turn|1
|j| imstuckat1300
|
|t:|1750869099
|switch|p2a: Terapagos|Terapagos, L50, M|100/100
|-activate|p2a: Terapagos|ability: Tera Shift
|detailschange|p2a: Terapagos|Terapagos-Terastal, L50, M
|-heal|p2a: Terapagos|100/100|[silent]
|move|p1b: Incineroar|Fake Out|p2a: Terapagos
|-activate|p2a: Terapagos|ability: Tera Shell
|-resisted|p2a: Terapagos
|-damage|p2a: Terapagos|98/100
|move|p1a: Ho-Oh|Tailwind|p1a: Ho-Oh
|-sidestart|p1: SupaJello|move: Tailwind
|move|p2b: Incineroar|Knock Off|p1a: Ho-Oh
|-damage|p1a: Ho-Oh|75/100
|-enditem|p1a: Ho-Oh|Leftovers|[from] move: Knock Off|[of] p2b: Incineroar
|
|-weather|SunnyDay|[upkeep]
|-heal|p2a: Terapagos|100/100|[from] item: Leftovers
|upkeep
|turn|2
|l| imstuckat1300
|inactive|SupaJello has 30 seconds left.
|inactive|Landovoir has 30 seconds left.
|inactive|SupaJello has 20 seconds left.
|
|t:|1750869135
|switch|p1a: Koraidon|Koraidon, L50|100/100
|-activate|p1a: Koraidon|ability: Orichalcum Pulse
|move|p1b: Incineroar|Knock Off|p2a: Terapagos
|-activate|p2a: Terapagos|ability: Tera Shell
|-resisted|p2a: Terapagos
|-damage|p2a: Terapagos|91/100
|-enditem|p2a: Terapagos|Leftovers|[from] move: Knock Off|[of] p1b: Incineroar
|move|p2a: Terapagos|Calm Mind|p2a: Terapagos
|-boost|p2a: Terapagos|spa|1
|-boost|p2a: Terapagos|spd|1
|move|p2b: Incineroar|U-turn|p1b: Incineroar
|-damage|p1b: Incineroar|90/100
|
|t:|1750869158
|switch|p2b: Koraidon|Koraidon, L50|100/100|[from] U-turn
|-activate|p2b: Koraidon|ability: Orichalcum Pulse
|
|-weather|SunnyDay|[upkeep]
|upkeep
|turn|3
|inactive|Landovoir has 30 seconds left.
|inactive|Landovoir has 20 seconds left.
|j| Jamstiffer
|
|t:|1750869197
|move|p2a: Terapagos|Protect|p2a: Terapagos
|-singleturn|p2a: Terapagos|Protect
|move|p1a: Koraidon|Close Combat|p2b: Koraidon
|-damage|p2b: Koraidon|0 fnt
|-unboost|p1a: Koraidon|def|1
|-unboost|p1a: Koraidon|spd|1
|faint|p2b: Koraidon
|-damage|p1a: Koraidon|91/100|[from] item: Life Orb
|move|p1b: Incineroar|Parting Shot|p2a: Terapagos
|-activate|p2a: Terapagos|move: Protect
|
|-weather|SunnyDay|[upkeep]
|upkeep
|l| Jamstiffer
|
|t:|1750869211
|switch|p2b: Incineroar|Incineroar, L50, F|100/100
|-ability|p2b: Incineroar|Intimidate|boost
|-unboost|p1a: Koraidon|atk|1
|-unboost|p1b: Incineroar|atk|1
|turn|4
|inactive|Landovoir has 30 seconds left.
|
|t:|1750869244
|switch|p1a: Ho-Oh|Ho-Oh, L50|100/100
|move|p1b: Incineroar|Parting Shot|p2a: Terapagos
|-unboost|p2a: Terapagos|atk|1
|-unboost|p2a: Terapagos|spa|1
|
|t:|1750869249
|switch|p1b: Flutter Mane|Flutter Mane, L50|100/100|[from] Parting Shot
|-activate|p1b: Flutter Mane|ability: Protosynthesis
|-start|p1b: Flutter Mane|protosynthesisspe
|move|p2a: Terapagos|Calm Mind|p2a: Terapagos
|-boost|p2a: Terapagos|spa|1
|-boost|p2a: Terapagos|spd|1
|move|p2b: Incineroar|U-turn|p1a: Ho-Oh
|-resisted|p1a: Ho-Oh
|-damage|p1a: Ho-Oh|96/100
|
|t:|1750869258
|switch|p2b: Flutter Mane|Flutter Mane, L50|100/100|[from] U-turn
|-activate|p2b: Flutter Mane|ability: Protosynthesis
|-start|p2b: Flutter Mane|protosynthesisspe
|
|-weather|SunnyDay|[upkeep]
|-sideend|p1: SupaJello|move: Tailwind
|upkeep
|turn|5
|
|t:|1750869278
|-terastallize|p2a: Terapagos|Stellar
|detailschange|p2a: Terapagos|Terapagos-Stellar, L50, M, tera:Stellar
|-heal|p2a: Terapagos|93/100|[silent]
|-ability|p2a: Terapagos|Teraform Zero
|-weather|none
|-end|p1b: Flutter Mane|Protosynthesis
|-end|p2b: Flutter Mane|Protosynthesis
|move|p1b: Flutter Mane|Shadow Ball|p2b: Flutter Mane
|-supereffective|p2b: Flutter Mane
|-damage|p2b: Flutter Mane|9/100
|move|p2b: Flutter Mane|Shadow Ball|p2a: Terapagos
|-immune|p2a: Terapagos
|move|p1a: Ho-Oh|Tailwind|p1a: Ho-Oh
|-sidestart|p1: SupaJello|move: Tailwind
|move|p2a: Terapagos|Tera Starstorm|p1a: Ho-Oh|[spread] p1a,p1b
|-damage|p1a: Ho-Oh|68/100
|-damage|p1b: Flutter Mane|46/100
|
|upkeep
|turn|6
|c|☆Landovoir|misclick lol
|c|☆SupaJello|oof
|inactive|SupaJello has 30 seconds left.
|inactive|Landovoir has 30 seconds left.
|
|t:|1750869309
|move|p2b: Flutter Mane|Protect|p2b: Flutter Mane
|-singleturn|p2b: Flutter Mane|Protect
|move|p1b: Flutter Mane|Moonblast|p2b: Flutter Mane
|-activate|p2b: Flutter Mane|move: Protect
|move|p1a: Ho-Oh|Sacred Fire|p2a: Terapagos|[miss]
|-miss|p1a: Ho-Oh|p2a: Terapagos
|move|p2a: Terapagos|Tera Starstorm|p1b: Flutter Mane|[spread] p1a,p1b
|-damage|p1a: Ho-Oh|40/100
|-damage|p1b: Flutter Mane|0 fnt
|faint|p1b: Flutter Mane
|-end|p1b: Flutter Mane|Protosynthesis|[silent]
|
|upkeep
|
|t:|1750869312
|switch|p1b: Koraidon|Koraidon, L50|91/100
|-weather|SunnyDay|[from] ability: Orichalcum Pulse|[of] p1b: Koraidon
|-activate|p2b: Flutter Mane|ability: Protosynthesis
|-start|p2b: Flutter Mane|protosynthesisspe
|-activate|p1b: Koraidon|Orichalcum Pulse|[source]
|turn|7
|j| TheOneAndoNlyChat
|
|t:|1750869333
|-end|p2b: Flutter Mane|Protosynthesis|[silent]
|switch|p2b: Incineroar|Incineroar, L50, F|100/100
|-ability|p2b: Incineroar|Intimidate|boost
|-unboost|p1a: Ho-Oh|atk|1
|-unboost|p1b: Koraidon|atk|1
|move|p1b: Koraidon|Close Combat|p2a: Terapagos
|-supereffective|p2a: Terapagos
|-damage|p2a: Terapagos|19/100
|-unboost|p1b: Koraidon|def|1
|-unboost|p1b: Koraidon|spd|1
|-damage|p1b: Koraidon|81/100|[from] item: Life Orb
|move|p1a: Ho-Oh|Brave Bird|p2b: Incineroar
|-damage|p2b: Incineroar|72/100
|-damage|p1a: Ho-Oh|30/100|[from] Recoil
|move|p2a: Terapagos|Tera Starstorm|p1b: Koraidon|[spread] p1a,p1b
|-damage|p1a: Ho-Oh|1/100
|-damage|p1b: Koraidon|0 fnt
|faint|p1b: Koraidon
|
|-weather|SunnyDay|[upkeep]
|upkeep
|
|t:|1750869336
|switch|p1b: Incineroar|Incineroar, L50, F|90/100
|-ability|p1b: Incineroar|Intimidate|boost
|-unboost|p2a: Terapagos|atk|1
|-unboost|p2b: Incineroar|atk|1
|turn|8
|inactive|Landovoir has 30 seconds left.
|
|t:|1750869361
|move|p1a: Ho-Oh|Protect|p1a: Ho-Oh
|-singleturn|p1a: Ho-Oh|Protect
|move|p2a: Terapagos|Protect|p2a: Terapagos
|-singleturn|p2a: Terapagos|Protect
|move|p2b: Incineroar|Fake Out|p1a: Ho-Oh
|-activate|p1a: Ho-Oh|move: Protect
|move|p1b: Incineroar|Flare Blitz|p2a: Terapagos
|-activate|p2a: Terapagos|move: Protect
|
|-weather|SunnyDay|[upkeep]
|-sideend|p1: SupaJello|move: Tailwind
|upkeep
|turn|9
|
|t:|1750869371
|move|p1a: Ho-Oh|Tailwind|p1a: Ho-Oh
|-sidestart|p1: SupaJello|move: Tailwind
|move|p1b: Incineroar|Flare Blitz|p2a: Terapagos
|-damage|p2a: Terapagos|0 fnt
|faint|p2a: Terapagos
|detailschange|p2: Terapagos|Terapagos, L50, M|[silent]
|-damage|p1b: Incineroar|82/100|[from] Recoil
|move|p2b: Incineroar|Knock Off|p1a: Ho-Oh
|-damage|p1a: Ho-Oh|0 fnt
|faint|p1a: Ho-Oh
|
|-weather|SunnyDay|[upkeep]
|upkeep
|
|t:|1750869379
|switch|p2a: Flutter Mane|Flutter Mane, L50|9/100
|-activate|p2a: Flutter Mane|ability: Protosynthesis
|-start|p2a: Flutter Mane|protosynthesisspe
|turn|10
|
|t:|1750869387
|move|p2a: Flutter Mane|Protect|p2a: Flutter Mane
|-singleturn|p2a: Flutter Mane|Protect
|move|p1b: Incineroar|Knock Off|p2a: Flutter Mane
|-activate|p2a: Flutter Mane|move: Protect
|move|p2b: Incineroar|Knock Off|p1b: Incineroar
|-resisted|p1b: Incineroar
|-damage|p1b: Incineroar|72/100
|-enditem|p1b: Incineroar|Safety Goggles|[from] move: Knock Off|[of] p2b: Incineroar
|
|-weather|SunnyDay|[upkeep]
|upkeep
|turn|11
|
|t:|1750869404
|move|p2a: Flutter Mane|Moonblast|p1b: Incineroar
|-damage|p1b: Incineroar|23/100
|-unboost|p1b: Incineroar|spa|1
|move|p1b: Incineroar|Knock Off|p2a: Flutter Mane
|-damage|p2a: Flutter Mane|0 fnt
|-enditem|p2a: Flutter Mane|Focus Sash|[from] move: Knock Off|[of] p1b: Incineroar
|faint|p2a: Flutter Mane
|-end|p2a: Flutter Mane|Protosynthesis|[silent]
|move|p2b: Incineroar|U-turn|p1b: Incineroar
|-damage|p1b: Incineroar|12/100
|
|-weather|none
|upkeep
|turn|12
|
|t:|1750869410
|move|p1b: Incineroar|Flare Blitz|p2b: Incineroar
|-resisted|p2b: Incineroar
|-damage|p2b: Incineroar|53/100
|-damage|p1b: Incineroar|5/100|[from] Recoil
|move|p2b: Incineroar|U-turn|p1b: Incineroar
|-crit|p1b: Incineroar
|-damage|p1b: Incineroar|0 fnt
|faint|p1b: Incineroar
|
|win|Landovoir
|n|☆SupaJello|supajello
|n|☆Landovoir|landovoir
|n| koyotavgc|koyotavgc
|n| practicesemijrlman|practicesemijrlman
|n| Hy3llo|hy3llo
|n| TheOneAndoNlyChat|theoneandonlychat
|c|☆SupaJello|gg
|c|☆Landovoir|ggw
|c|☆Landovoir|wp
|c| koyotavgc|Lmao
|l| koyotavgc
|l| Hy3llo
