|j|☆Barika12
|j|☆cauejoaosinho
|t:|1750776615
|gametype|doubles
|player|p1|Barika12|barry|1143
|player|p2|cauejoaosinho|n|1082
|teamsize|p1|6
|teamsize|p2|6
|gen|9
|tier|[Gen 9] VGC 2025 Reg I
|rated|
|rule|Species Clause: Limit one of each Pokémon
|rule|Item Clause: Limit 1 of each item
|clearpoke
|poke|p1|Miraidon, L50|
|poke|p1|Ursaluna, L50, F|
|poke|p1|Calyrex-Ice, L50|
|poke|p1|Incineroar, L50, M|
|poke|p1|Ogerpon-Wellspring, L50, F|
|poke|p1|Gallade, L50, M|
|poke|p2|Regigigas, L50|
|poke|p2|Weezing-Galar, L50, M|
|poke|p2|Hydreigon, L50, F|
|poke|p2|Incineroar, L50, M|
|poke|p2|Muk-Alola, L50, M|
|poke|p2|Palkia-Origin, L50|
|teampreview|4
Barika12 has agreed to open team sheets.
cauejoaosinho has agreed to open team sheets.
|showteam|p1|Miraidon||ChoiceSpecs|HadronEngine|DazzlingGleam,DracoMeteor,VoltSwitch,ElectroDrift||||||50|,,,,,Fairy]Ursaluna||FlameOrb|Guts|Facade,HeadlongRush,Protect,Curse|||F|||50|,,,,,Ground]Calyrex-Ice||LifeOrb|AsOneGlastrier|TrickRoom,GlacialLance,Protect,Psychic||||||50|,,,,,Water]Incineroar||RockyHelmet|Intimidate|KnockOff,PartingShot,FlareBlitz,FakeOut|||M|||50|,,,,,Ghost]Ogerpon-Wellspring||WellspringMask|WaterAbsorb|FollowMe,IvyCudgel,SpikyShield,HelpingHand|||F|||50|,,,,,Water]Gallade||BlackBelt|Steadfast|WideGuard,PsychoCut,CloseCombat,Taunt|||M|||50|,,,,,Steel
|showteam|p2|Regigigas||LifeOrb|SlowStart|DoubleEdge,KnockOff,Earthquake,Protect||||||50|,,,,,Ghost]Weezing-Galar||SafetyGoggles|NeutralizingGas|StrangeSteam,WillOWisp,Protect,Memento|||M|||50|,,,,,Dark]Hydreigon||ChoiceScarf|Levitate|DracoMeteor,Flamethrower,FlashCannon,DarkPulse|||F|||50|,,,,,Fire]Incineroar||AbilityShield|Intimidate|FakeOut,PartingShot,KnockOff,FlareBlitz|||M|||50|,,,,,Ghost]Muk-Alola||AssaultVest|PowerofAlchemy|KnockOff,GunkShot,ShadowSneak,FirePunch|||M|||50|,,,,,Fairy]Palkia-Origin||LustrousGlobe|Pressure|Thunder,HydroPump,SpacialRend,Flamethrower||||||50|,,,,,Ground
|
|t:|1750776691
|start
|switch|p1a: Incineroar|Incineroar, L50, M|100/100
|switch|p1b: Ursaluna|Ursaluna, L50, F|100/100
|switch|p2a: Weezing|Weezing-Galar, L50, M|100/100
|switch|p2b: Incineroar|Incineroar, L50, M, shiny|100/100
|-ability|p2a: Weezing|Neutralizing Gas
|-block|p2b: Incineroar|item: Ability Shield
|-ability|p2b: Incineroar|Intimidate|boost
|-unboost|p1a: Incineroar|atk|1
|-unboost|p1b: Ursaluna|atk|1
|turn|1
|
|t:|1750776709
|move|p1b: Ursaluna|Protect|p1b: Ursaluna
|-singleturn|p1b: Ursaluna|Protect
|move|p2b: Incineroar|Fake Out|p1a: Incineroar
|-damage|p1a: Incineroar|88/100
|-damage|p2b: Incineroar|84/100|[from] item: Rocky Helmet|[of] p1a: Incineroar
|cant|p1a: Incineroar|flinch
|move|p2a: Weezing|Strange Steam|p1b: Ursaluna
|-activate|p1b: Ursaluna|move: Protect
|
|-status|p1b: Ursaluna|brn|[from] item: Flame Orb
|upkeep
|turn|2
|
|t:|1750776738
|switch|p2b: Regigigas|Regigigas, L50|100/100
|switch|p1a: Ogerpon|Ogerpon-Wellspring, L50, F|100/100
|switch|p1b: Miraidon|Miraidon, L50|100/100
|move|p2a: Weezing|Protect||[still]
|-fail|p2a: Weezing
|
|upkeep
|turn|3
|
|t:|1750776759
|move|p1a: Ogerpon|Helping Hand|p1b: Miraidon
|-singleturn|p1b: Miraidon|Helping Hand|[of] p1a: Ogerpon
|move|p1b: Miraidon|Electro Drift|p2b: Regigigas
|-damage|p2b: Regigigas|0 fnt
|faint|p2b: Regigigas
|-end|p2b: Regigigas|Slow Start|[silent]
|move|p2a: Weezing|Strange Steam|p1b: Miraidon
|-supereffective|p1b: Miraidon
|-damage|p1b: Miraidon|46/100
|
|upkeep
|
|t:|1750776771
|switch|p2b: Incineroar|Incineroar, L50, M, shiny|84/100
|-ability|p2b: Incineroar|Intimidate|boost
|-unboost|p1a: Ogerpon|atk|1
|-unboost|p1b: Miraidon|atk|1
|turn|4
|
|t:|1750776784
|switch|p1b: Incineroar|Incineroar, L50, M|88/100
|move|p1a: Ogerpon|Spiky Shield|p1a: Ogerpon
|-singleturn|p1a: Ogerpon|move: Protect
|move|p2b: Incineroar|Fake Out|p1b: Incineroar
|-damage|p1b: Incineroar|76/100
|-damage|p2b: Incineroar|68/100|[from] item: Rocky Helmet|[of] p1b: Incineroar
|move|p2a: Weezing|Strange Steam|p1b: Incineroar
|-damage|p1b: Incineroar|56/100
|
|upkeep
|turn|5
|
|t:|1750776806
|move|p1b: Incineroar|Fake Out|p2a: Weezing
|-damage|p2a: Weezing|92/100
|move|p1a: Ogerpon|Follow Me|p1a: Ogerpon
|-singleturn|p1a: Ogerpon|move: Follow Me
|move|p2b: Incineroar|Parting Shot|p1a: Ogerpon
|-unboost|p1a: Ogerpon|atk|1
|-unboost|p1a: Ogerpon|spa|1
|
|t:|1750776811
|switch|p2b: Palkia|Palkia-Origin, L50|100/100|[from] Parting Shot
|cant|p2a: Weezing|flinch
|
|upkeep
|turn|6
|
|t:|1750776824
|move|p1a: Ogerpon|Helping Hand|p1b: Incineroar
|-singleturn|p1b: Incineroar|Helping Hand|[of] p1a: Ogerpon
|move|p2b: Palkia|Spacial Rend|p1b: Incineroar
|-damage|p1b: Incineroar|0 fnt
|faint|p1b: Incineroar
|move|p2a: Weezing|Strange Steam|p1a: Ogerpon
|-damage|p1a: Ogerpon|73/100
|
|upkeep
|
|t:|1750776834
|switch|p1b: Miraidon|Miraidon, L50|46/100
|turn|7
|
|t:|1750776856
|move|p1a: Ogerpon|Follow Me|p1a: Ogerpon
|-singleturn|p1a: Ogerpon|move: Follow Me
|move|p2b: Palkia|Spacial Rend|p1a: Ogerpon
|-damage|p1a: Ogerpon|4/100
|move|p1b: Miraidon|Electro Drift|p2b: Palkia
|-damage|p2b: Palkia|13/100
|move|p2a: Weezing|Strange Steam|p1a: Ogerpon
|-damage|p1a: Ogerpon|0 fnt
|faint|p1a: Ogerpon
|
|upkeep
|
|t:|1750776867
|switch|p1a: Ursaluna|Ursaluna, L50, F|100/100 brn
|turn|8
|
|t:|1750776886
|-terastallize|p2b: Palkia|Ground
|-terastallize|p1b: Miraidon|Fairy
|move|p2b: Palkia|Hydro Pump|p1b: Miraidon
|-damage|p1b: Miraidon|0 fnt
|faint|p1b: Miraidon
|move|p2a: Weezing|Strange Steam|p1a: Ursaluna
|-crit|p1a: Ursaluna
|-damage|p1a: Ursaluna|65/100 brn
|move|p1a: Ursaluna|Headlong Rush|p2a: Weezing
|-supereffective|p2a: Weezing
|-damage|p2a: Weezing|32/100
|-unboost|p1a: Ursaluna|def|1
|-unboost|p1a: Ursaluna|spd|1
|
|-damage|p1a: Ursaluna|60/100 brn|[from] brn
|upkeep
|turn|9
|
|t:|1750776901
|move|p2a: Weezing|Protect|p2a: Weezing
|-singleturn|p2a: Weezing|Protect
|move|p2b: Palkia|Hydro Pump|p1a: Ursaluna
|-supereffective|p1a: Ursaluna
|-crit|p1a: Ursaluna
|-damage|p1a: Ursaluna|0 fnt
|faint|p1a: Ursaluna
|
|win|cauejoaosinho
|raw|Barika12's rating: 1143 &rarr; <strong>1114</strong><br />(-29 for losing)
|raw|cauejoaosinho's rating: 1082 &rarr; <strong>1115</strong><br />(+33 for winning)
|l|☆cauejoaosinho
|player|p2|
|l|☆Barika12
|player|p1|
