|j|☆lollolollololol
|j|☆Iron Juglius
|t:|1750800120
|gametype|doubles
|player|p1|lollolollololol|170|1110
|player|p2|Iron Juglius|unknownf|1198
|teamsize|p1|4
|teamsize|p2|6
|gen|9
|tier|[Gen 9] VGC 2025 Reg I
|rated|
|rule|Species Clause: Limit one of each Pokémon
|rule|Item Clause: Limit 1 of each item
|clearpoke
|poke|p1|Calyrex-Shadow, L50|
|poke|p1|Clefairy, L50, M|
|poke|p1|Incineroar, L50, F|
|poke|p1|Frosmoth, L50, F|
|poke|p2|Koraidon, L50|
|poke|p2|Flutter Mane, L50|
|poke|p2|Raging Bolt, L50|
|poke|p2|Incineroar, L50, M|
|poke|p2|Brute Bonnet, L50|
|poke|p2|Lunala, L50|
|teampreview|4
|inactive|Battle timer is ON: inactive players will automatically lose when time's up. (requested by Iron Juglius)
Iron Juglius has agreed to open team sheets.
lollolollololol has agreed to open team sheets.
|showteam|p1|Calyrex-Shadow||LifeOrb|AsOneSpectrier|AstralBarrage,DrainingKiss,NastyPlot,Protect||||||50|,,,,,Fairy]Clefairy||Eviolite|FriendGuard|HealPulse,HelpingHand,FollowMe,Protect|||M|||50|,,,,,Grass]Incineroar||SafetyGoggles|Intimidate|FakeOut,KnockOff,FlareBlitz,PartingShot|||F|||50|,,,,,Bug]Frosmoth||FocusSash|ShieldDust|BugBuzz,IcyWind,WideGuard,QuiverDance|||F|||50|,,,,,Ice
|showteam|p2|Koraidon||LifeOrb|OrichalcumPulse|FlareBlitz,FlameCharge,CloseCombat,Protect||||||50|,,,,,Fire]Flutter Mane||FocusSash|Protosynthesis|Moonblast,IcyWind,Protect,ShadowBall||||||50|,,,,,Fairy]Raging Bolt||AssaultVest|Protosynthesis|Thunderbolt,Thunderclap,DracoMeteor,VoltSwitch||||||50|,,,,,Fairy]Incineroar||SafetyGoggles|Intimidate|KnockOff,FlareBlitz,PartingShot,FakeOut|||M|||50|,,,,,Ghost]Brute Bonnet||SitrusBerry|Protosynthesis|Spore,RagePowder,SuckerPunch,Protect||||||50|,,,,,Ghost]Lunala||SpellTag|ShadowShield|MoongeistBeam,Moonblast,WideGuard,Protect||||||50|,,,,,Fairy
|
|t:|1750800140
|start
|switch|p1a: ronaldinho|Calyrex-Shadow, L50|100/100
|switch|p1b: bola|Clefairy, L50, M|100/100
|switch|p2a: Brute Bonnet|Brute Bonnet, L50|100/100
|switch|p2b: Koraidon|Koraidon, L50|100/100
|-ability|p1a: ronaldinho|As One
|-ability|p1a: ronaldinho|Unnerve
|-weather|SunnyDay|[from] ability: Orichalcum Pulse|[of] p2b: Koraidon
|-activate|p2a: Brute Bonnet|ability: Protosynthesis
|-start|p2a: Brute Bonnet|protosynthesisspd
|-activate|p2b: Koraidon|Orichalcum Pulse|[source]
|turn|1
|inactive|lollolollololol has 30 seconds left.
|
|t:|1750800171
|-terastallize|p1a: ronaldinho|Fairy
|move|p1b: bola|Helping Hand|p1a: ronaldinho
|-singleturn|p1a: ronaldinho|Helping Hand|[of] p1b: bola
|move|p2b: Koraidon|Protect|p2b: Koraidon
|-singleturn|p2b: Koraidon|Protect
|move|p1a: ronaldinho|Astral Barrage|p2b: Koraidon|[spread] p2a
|-activate|p2b: Koraidon|move: Protect
|-resisted|p2a: Brute Bonnet
|-damage|p2a: Brute Bonnet|74/100
|-damage|p1a: ronaldinho|91/100|[from] item: Life Orb
|move|p2a: Brute Bonnet|Spore|p1b: bola
|-status|p1b: bola|slp|[from] move: Spore
|
|-weather|SunnyDay|[upkeep]
|upkeep
|turn|2
|inactive|lollolollololol has 30 seconds left.
|
|t:|1750800202
|switch|p1b: here comes|Incineroar, L50, F|100/100
|-ability|p1b: here comes|Intimidate|boost
|-unboost|p2a: Brute Bonnet|atk|1
|-unboost|p2b: Koraidon|atk|1
|move|p1a: ronaldinho|Draining Kiss|p2b: Koraidon
|-supereffective|p2b: Koraidon
|-damage|p2b: Koraidon|0 fnt
|-heal|p1a: ronaldinho|100/100|[from] drain|[of] p2b: Koraidon
|faint|p2b: Koraidon
|-ability|p1a: ronaldinho|Grim Neigh|boost
|-boost|p1a: ronaldinho|spa|1
|-damage|p1a: ronaldinho|91/100|[from] item: Life Orb
|move|p2a: Brute Bonnet|Spore|p1a: ronaldinho
|-status|p1a: ronaldinho|slp|[from] move: Spore
|
|-weather|SunnyDay|[upkeep]
|upkeep
|
|t:|1750800221
|switch|p2b: Flutter Mane|Flutter Mane, L50|100/100
|-activate|p2b: Flutter Mane|ability: Protosynthesis
|-start|p2b: Flutter Mane|protosynthesisspe
|turn|3
|inactive|lollolollololol has 30 seconds left.
|
|t:|1750800253
|move|p2a: Brute Bonnet|Protect|p2a: Brute Bonnet
|-singleturn|p2a: Brute Bonnet|Protect
|move|p2b: Flutter Mane|Moonblast|p1a: ronaldinho
|-damage|p1a: ronaldinho|47/100 slp
|-unboost|p1a: ronaldinho|spa|1
|cant|p1a: ronaldinho|slp
|move|p1b: here comes|Flare Blitz|p2a: Brute Bonnet
|-activate|p2a: Brute Bonnet|move: Protect
|
|-weather|SunnyDay|[upkeep]
|upkeep
|turn|4
|inactive|Iron Juglius has 30 seconds left.
|
|t:|1750800287
|switch|p1a: bola|Clefairy, L50, M|100/100 slp
|-terastallize|p2b: Flutter Mane|Fairy
|move|p2a: Brute Bonnet|Rage Powder|p2a: Brute Bonnet
|-singleturn|p2a: Brute Bonnet|move: Rage Powder
|move|p2b: Flutter Mane|Moonblast|p1a: bola
|-damage|p1a: bola|47/100 slp
|-unboost|p1a: bola|spa|1
|move|p1b: here comes|Flare Blitz|p2a: Brute Bonnet
|-supereffective|p2a: Brute Bonnet
|-damage|p2a: Brute Bonnet|0 fnt
|faint|p2a: Brute Bonnet
|-end|p2a: Brute Bonnet|Protosynthesis|[silent]
|-damage|p1b: here comes|74/100|[from] Recoil
|
|-weather|SunnyDay|[upkeep]
|upkeep
|
|t:|1750800296
|switch|p2a: Lunala|Lunala, L50|100/100
|turn|5
|
|t:|1750800307
|switch|p1b: cloths|Frosmoth, L50, F|100/100
|move|p2a: Lunala|Protect|p2a: Lunala
|-singleturn|p2a: Lunala|Protect
|cant|p1a: bola|slp
|move|p2b: Flutter Mane|Moonblast|p1a: bola
|-damage|p1a: bola|0 fnt
|faint|p1a: bola
|
|-weather|none
|-end|p2b: Flutter Mane|Protosynthesis
|upkeep
|
|t:|1750800321
|switch|p1a: here comes|Incineroar, L50, F|74/100
|-ability|p1a: here comes|Intimidate|boost
|-unboost|p2a: Lunala|atk|1
|-unboost|p2b: Flutter Mane|atk|1
|turn|6
|
|t:|1750800342
|move|p2b: Flutter Mane|Protect|p2b: Flutter Mane
|-singleturn|p2b: Flutter Mane|Protect
|move|p1b: cloths|Wide Guard|p1b: cloths
|-singleturn|p1b: cloths|Wide Guard
|move|p2a: Lunala|Moongeist Beam|p1b: cloths
|-damage|p1b: cloths|29/100
|move|p1a: here comes|Knock Off|p2a: Lunala
|-supereffective|p2a: Lunala
|-damage|p2a: Lunala|43/100
|-enditem|p2a: Lunala|Spell Tag|[from] move: Knock Off|[of] p1a: here comes
|
|upkeep
|turn|7
|inactive|lollolollololol has 30 seconds left.
|inactive|lollolollololol has 20 seconds left.
|inactive|Iron Juglius has 30 seconds left.
|inactive|lollolollololol has 15 seconds left.
|
|t:|1750800383
|move|p2b: Flutter Mane|Moonblast|p1a: here comes
|-damage|p1a: here comes|15/100
|move|p2a: Lunala|Moongeist Beam|p1a: here comes
|-resisted|p1a: here comes
|-damage|p1a: here comes|0 fnt
|faint|p1a: here comes
|move|p1b: cloths|Icy Wind|p2b: Flutter Mane|[spread] p2a,p2b
|-damage|p2a: Lunala|30/100
|-damage|p2b: Flutter Mane|74/100
|-unboost|p2a: Lunala|spe|1
|-unboost|p2b: Flutter Mane|spe|1
|
|upkeep
|
|t:|1750800396
|switch|p1a: ronaldinho|Calyrex-Shadow, L50, tera:Fairy|47/100 slp
|-ability|p1a: ronaldinho|As One
|-ability|p1a: ronaldinho|Unnerve
|turn|8
|
|t:|1750800415
|move|p2a: Lunala|Wide Guard|p2a: Lunala
|-singleturn|p2a: Lunala|Wide Guard
|cant|p1a: ronaldinho|slp
|move|p2b: Flutter Mane|Moonblast|p1a: ronaldinho
|-damage|p1a: ronaldinho|0 fnt
|faint|p1a: ronaldinho
|move|p1b: cloths|Bug Buzz|p2b: Flutter Mane
|-resisted|p2b: Flutter Mane
|-damage|p2b: Flutter Mane|50/100
|
|upkeep
|turn|9
|-message|lollolollololol forfeited.
|
|win|Iron Juglius
|raw|lollolollololol's rating: 1110 &rarr; <strong>1091</strong><br />(-19 for losing)
|raw|Iron Juglius's rating: 1198 &rarr; <strong>1217</strong><br />(+19 for winning)
|l|☆lollolollololol
|player|p1|
|l|☆Iron Juglius
|player|p2|
