|j|☆wuhanyiluanma
|j|☆Fuuravgc
|t:|1750839440
|gametype|doubles
|player|p1|wuhanyiluanma|266|1404
|player|p2|Fuuravgc|1|1415
|teamsize|p1|6
|teamsize|p2|6
|gen|9
|tier|[Gen 9] VGC 2025 Reg I
|rated|
|rule|Species Clause: Limit one of each Pokémon
|rule|Item Clause: Limit 1 of each item
|clearpoke
|poke|p1|Okidogi, L50, M|
|poke|p1|Palkia, L50|
|poke|p1|Lanturn, L50, F|
|poke|p1|Miraidon, L50|
|poke|p1|Grimmsnarl, L50, M|
|poke|p1|Oranguru, L50, F|
|poke|p2|Miraidon, L50|
|poke|p2|Calyrex-Ice, L50|
|poke|p2|Iron Valiant, L50|
|poke|p2|Urshifu-*, L50, M|
|poke|p2|Ogerpon-Hearthflame, L50, F|
|poke|p2|Farigiraf, L50, F|
|teampreview|4
|
|t:|1750839472
|start
|switch|p1a: Grimmsnarl|Grimmsnarl, L50, M|100/100
|switch|p1b: Palkia|Palkia, L50|100/100
|switch|p2a: Miraidon|Miraidon, L50|100/100
|switch|p2b: Iron Valiant|Iron Valiant, L50|100/100
|-fieldstart|move: Electric Terrain|[from] ability: Hadron Engine|[of] p2a: Miraidon
|-activate|p2b: Iron Valiant|ability: Quark Drive
|-start|p2b: Iron Valiant|quarkdrivespe
|turn|1
|
|t:|1750839490
|-terastallize|p2a: Miraidon|Fairy
|move|p1a: Grimmsnarl|Light Screen|p1a: Grimmsnarl
|-sidestart|p1: wuhanyiluanma|move: Light Screen
|move|p2b: Iron Valiant|Spirit Break|p1a: Grimmsnarl
|-supereffective|p1a: Grimmsnarl
|-damage|p1a: Grimmsnarl|20/100
|-unboost|p1a: Grimmsnarl|spa|1
|move|p2a: Miraidon|Dazzling Gleam|p1b: Palkia|[spread] p1a,p1b
|-supereffective|p1a: Grimmsnarl
|-supereffective|p1b: Palkia
|-damage|p1a: Grimmsnarl|0 fnt
|-damage|p1b: Palkia|41/100
|faint|p1a: Grimmsnarl
|move|p1b: Palkia|Spacial Rend|p2a: Miraidon
|-immune|p2a: Miraidon
|
|upkeep
|
|t:|1750839506
|switch|p1a: Miraidon|Miraidon, L50|100/100
|-activate|p1a: Miraidon|ability: Hadron Engine
|turn|2
|
|t:|1750839518
|-terastallize|p1a: Miraidon|Fairy
|move|p2b: Iron Valiant|Spirit Break|p1a: Miraidon
|-damage|p1a: Miraidon|72/100
|move|p2a: Miraidon|Dazzling Gleam|p1b: Palkia|[spread] p1a,p1b
|-supereffective|p1b: Palkia
|-damage|p1a: Miraidon|40/100
|-damage|p1b: Palkia|0 fnt
|faint|p1b: Palkia
|move|p1a: Miraidon|Calm Mind|p1a: Miraidon
|-boost|p1a: Miraidon|spa|1
|-boost|p1a: Miraidon|spd|1
|
|upkeep
|
|t:|1750839531
|switch|p1b: Lanturn|Lanturn, L50, F|100/100
|turn|3
|
|t:|1750839545
|move|p1a: Miraidon|Protect|p1a: Miraidon
|-singleturn|p1a: Miraidon|Protect
|move|p2b: Iron Valiant|Wide Guard|p2b: Iron Valiant
|-singleturn|p2b: Iron Valiant|Wide Guard
|move|p2a: Miraidon|Dazzling Gleam|p1b: Lanturn|[spread] p1b
|-activate|p1a: Miraidon|move: Protect
|-damage|p1b: Lanturn|67/100
|move|p1b: Lanturn|Eerie Impulse|p2a: Miraidon
|-unboost|p2a: Miraidon|spa|2
|
|upkeep
|turn|4
|
|t:|1750839566
|move|p2b: Iron Valiant|Spirit Break|p1a: Miraidon
|-damage|p1a: Miraidon|15/100
|move|p2a: Miraidon|Dazzling Gleam|p1a: Miraidon|[spread] p1a,p1b
|-damage|p1a: Miraidon|4/100
|-damage|p1b: Lanturn|48/100
|-enditem|p1b: Lanturn|Sitrus Berry|[eat]
|-heal|p1b: Lanturn|73/100|[from] item: Sitrus Berry
|move|p1a: Miraidon|Parabolic Charge|p2b: Iron Valiant|[spread] p2a,p2b
|-heal|p1b: Lanturn|98/100|[from] ability: Volt Absorb|[of] p1a: Miraidon
|-damage|p2a: Miraidon|51/100
|-heal|p1a: Miraidon|26/100|[from] drain|[of] p2a: Miraidon
|-enditem|p2b: Iron Valiant|Focus Sash
|-damage|p2b: Iron Valiant|1/100
|-heal|p1a: Miraidon|62/100|[from] drain|[of] p2b: Iron Valiant
|move|p1b: Lanturn|Scald|p2b: Iron Valiant
|-damage|p2b: Iron Valiant|0 fnt
|faint|p2b: Iron Valiant
|-end|p2b: Iron Valiant|Quark Drive|[silent]
|
|upkeep
|
|t:|1750839592
|switch|p2b: Farigiraf|Farigiraf, L50, F|100/100
|-enditem|p2b: Farigiraf|Electric Seed
|-boost|p2b: Farigiraf|def|1|[from] item: Electric Seed
|turn|5
|
|t:|1750839607
|move|p2b: Farigiraf|Helping Hand|p2a: Miraidon
|-singleturn|p2a: Miraidon|Helping Hand|[of] p2b: Farigiraf
|move|p2a: Miraidon|Dazzling Gleam|p1a: Miraidon|[spread] p1a,p1b
|-damage|p1a: Miraidon|46/100
|-damage|p1b: Lanturn|74/100
|move|p1a: Miraidon|Parabolic Charge|p2b: Farigiraf|[spread] p2a,p2b
|-heal|p1b: Lanturn|99/100|[from] ability: Volt Absorb|[of] p1a: Miraidon
|-damage|p2a: Miraidon|0 fnt
|-heal|p1a: Miraidon|68/100|[from] drain|[of] p2a: Miraidon
|-damage|p2b: Farigiraf|50/100
|-heal|p1a: Miraidon|96/100|[from] drain|[of] p2b: Farigiraf
|faint|p2a: Miraidon
|move|p1b: Lanturn|Eerie Impulse|p2b: Farigiraf
|-unboost|p2b: Farigiraf|spa|2
|
|-fieldend|move: Electric Terrain
|upkeep
|-message|Fuuravgc forfeited.
|
|win|wuhanyiluanma
|raw|wuhanyiluanma's rating: 1404 &rarr; <strong>1425</strong><br />(+21 for winning)
|raw|Fuuravgc's rating: 1415 &rarr; <strong>1394</strong><br />(-21 for losing)
|l|☆Fuuravgc
|player|p2|
