|j|☆Zordor
|j|☆superpowerpoke
|t:|1750862294
|gametype|doubles
|player|p1|Zordor|pilot|1592
|player|p2|superpowerpoke|265|1597
|teamsize|p1|6
|teamsize|p2|6
|gen|9
|tier|[Gen 9] VGC 2025 Reg I
|rated|
|rule|Species Clause: Limit one of each Pokémon
|rule|Item Clause: Limit 1 of each item
|clearpoke
|poke|p1|Entei, L50|
|poke|p1|Walking Wake, L50|
|poke|p1|Groudon, L50|
|poke|p1|Zacian-*, L50|
|poke|p1|Tornadus, L50, M|
|poke|p1|Primarina, L50, F|
|poke|p2|Kyogre, L50|
|poke|p2|Calyrex-Ice, L50|
|poke|p2|Incineroar, L50, F|
|poke|p2|Iron Jugulis, L50|
|poke|p2|Raichu, L50, M|
|poke|p2|Gastrodon, L50, F|
|teampreview|4
|j| Therazer456
superpowerpoke rejected open team sheets.
|
|t:|1750862353
|start
|switch|p1a: Zacian|Zacian-Crowned, L50|100/100
|switch|p1b: Tornadus|Tornadus, L50, M|100/100
|switch|p2a: Gastrodon|Gastrodon, L50, F|100/100
|switch|p2b: Incineroar|Incineroar, L50, F|100/100
|-ability|p1a: Zacian|Intrepid Sword|boost
|-boost|p1a: Zacian|atk|1
|-ability|p2b: Incineroar|Intimidate|boost
|-unboost|p1a: Zacian|atk|1
|-unboost|p1b: Tornadus|atk|1
|turn|1
|
|t:|1750862380
|move|p1a: Zacian|Play Rough|p2a: Gastrodon
|-damage|p2a: Gastrodon|54/100
|move|p1b: Tornadus|Air Slash|p2a: Gastrodon
|-crit|p2a: Gastrodon
|-damage|p2a: Gastrodon|19/100
|move|p2b: Incineroar|Parting Shot|p1b: Tornadus
|-unboost|p1b: Tornadus|atk|1
|-unboost|p1b: Tornadus|spa|1
|
|t:|1750862393
|switch|p2b: Calyrex|Calyrex-Ice, L50|100/100|[from] Parting Shot
|-ability|p2b: Calyrex|As One
|-ability|p2b: Calyrex|Unnerve
|move|p2a: Gastrodon|Earth Power|p1a: Zacian
|-supereffective|p1a: Zacian
|-crit|p1a: Zacian
|-damage|p1a: Zacian|33/100
|
|-heal|p2a: Gastrodon|25/100|[from] item: Leftovers
|upkeep
|turn|2
|
|t:|1750862438
|switch|p1b: Primarina|Primarina, L50, F|100/100
|move|p2a: Gastrodon|Helping Hand|p2b: Calyrex
|-singleturn|p2b: Calyrex|Helping Hand|[of] p2a: Gastrodon
|move|p1a: Zacian|Play Rough|p2a: Gastrodon
|-damage|p2a: Gastrodon|0 fnt
|faint|p2a: Gastrodon
|move|p2b: Calyrex|Glacial Lance|p1a: Zacian|[spread] p1a,p1b
|-resisted|p1a: Zacian
|-resisted|p1b: Primarina
|-damage|p1a: Zacian|0 fnt
|-damage|p1b: Primarina|60/100
|faint|p1a: Zacian
|-ability|p2b: Calyrex|Chilling Neigh|boost
|-boost|p2b: Calyrex|atk|1
|
|upkeep
|
|t:|1750862464
|switch|p1a: Groudon|Groudon, L50|100/100
|switch|p2a: Incineroar|Incineroar, L50, F|100/100
|-weather|SunnyDay|[from] ability: Drought|[of] p1a: Groudon
|-ability|p2a: Incineroar|Intimidate|boost
|-fail|p1a: Groudon|unboost|[from] item: Clear Amulet|[of] p1a: Groudon
|-unboost|p1b: Primarina|atk|1
|turn|3
|
|t:|1750862504
|-terastallize|p1a: Groudon|Fire
|-terastallize|p2a: Incineroar|Water
|move|p2a: Incineroar|Fake Out|p1a: Groudon
|-damage|p1a: Groudon|94/100
|cant|p1a: Groudon|flinch
|move|p1b: Primarina|Moonblast|p2b: Calyrex
|-damage|p2b: Calyrex|69/100
|move|p2b: Calyrex|Trick Room|p2b: Calyrex
|-fieldstart|move: Trick Room|[of] p2b: Calyrex
|
|-weather|SunnyDay|[upkeep]
|upkeep
|turn|4
|
|t:|1750862527
|move|p2a: Incineroar|Knock Off|p1a: Groudon
|-damage|p1a: Groudon|72/100
|-enditem|p1a: Groudon|Clear Amulet|[from] move: Knock Off|[of] p2a: Incineroar
|move|p1b: Primarina|Haze|p1b: Primarina
|-clearallboost
|move|p2b: Calyrex|Glacial Lance|p1a: Groudon|[spread] p1a,p1b
|-resisted|p1a: Groudon
|-resisted|p1b: Primarina
|-damage|p1a: Groudon|53/100
|-damage|p1b: Primarina|35/100
|move|p1a: Groudon|High Horsepower|p2a: Incineroar|[miss]
|-miss|p1a: Groudon|p2a: Incineroar
|
|-weather|SunnyDay|[upkeep]
|upkeep
|turn|5
|
|t:|1750862568
|move|p1b: Primarina|Protect|p1b: Primarina
|-singleturn|p1b: Primarina|Protect
|move|p1a: Groudon|Protect|p1a: Groudon
|-singleturn|p1a: Groudon|Protect
|move|p2a: Incineroar|Knock Off|p1b: Primarina
|-activate|p1b: Primarina|move: Protect
|move|p2b: Calyrex|Glacial Lance|p1a: Groudon|[spread] 
|-activate|p1a: Groudon|move: Protect
|-activate|p1b: Primarina|move: Protect
|
|-weather|SunnyDay|[upkeep]
|upkeep
|turn|6
|
|t:|1750862587
|move|p2a: Incineroar|Knock Off|p1b: Primarina
|-resisted|p1b: Primarina
|-damage|p1b: Primarina|18/100
|-enditem|p1b: Primarina|Safety Goggles|[from] move: Knock Off|[of] p2a: Incineroar
|move|p1b: Primarina|Moonblast|p2b: Calyrex
|-damage|p2b: Calyrex|40/100
|move|p2b: Calyrex|Glacial Lance|p1a: Groudon|[spread] p1a,p1b
|-resisted|p1a: Groudon
|-resisted|p1b: Primarina
|-crit|p1b: Primarina
|-damage|p1a: Groudon|35/100
|-damage|p1b: Primarina|0 fnt
|faint|p1b: Primarina
|-ability|p2b: Calyrex|Chilling Neigh|boost
|-boost|p2b: Calyrex|atk|1
|move|p1a: Groudon|High Horsepower|p2b: Calyrex
|-damage|p2b: Calyrex|10/100
|
|-weather|SunnyDay|[upkeep]
|upkeep
|
|t:|1750862600
|switch|p1b: Tornadus|Tornadus, L50, M|100/100
|turn|7
|
|t:|1750862623
|switch|p2a: Kyogre|Kyogre, L50|100/100
|-weather|RainDance|[from] ability: Drizzle|[of] p2a: Kyogre
|move|p1a: Groudon|Protect|p1a: Groudon
|-singleturn|p1a: Groudon|Protect
|move|p1b: Tornadus|Leer|p2b: Calyrex|[spread] p2a,p2b
|-unboost|p2a: Kyogre|def|1
|-fail|p2b: Calyrex|unboost|[from] item: Clear Amulet|[of] p2b: Calyrex
|move|p2b: Calyrex|Glacial Lance|p1b: Tornadus|[spread] p1b
|-activate|p1a: Groudon|move: Protect
|-supereffective|p1b: Tornadus
|-damage|p1b: Tornadus|0 fnt
|faint|p1b: Tornadus
|-ability|p2b: Calyrex|Chilling Neigh|boost
|-boost|p2b: Calyrex|atk|1
|
|-weather|RainDance|[upkeep]
|-fieldend|move: Trick Room
|upkeep
|turn|8
|
|t:|1750862649
|switch|p2a: Incineroar|Incineroar, L50, F, tera:Water|100/100
|-ability|p2a: Incineroar|Intimidate|boost
|-unboost|p1a: Groudon|atk|1
|move|p1a: Groudon|Rock Slide|p2b: Calyrex|[spread] p2a,p2b
|-crit|p2a: Incineroar
|-supereffective|p2b: Calyrex
|-damage|p2a: Incineroar|75/100
|-damage|p2b: Calyrex|0 fnt
|faint|p2b: Calyrex
|
|-weather|RainDance|[upkeep]
|upkeep
|
|t:|1750862656
|switch|p2b: Kyogre|Kyogre, L50|100/100
|turn|9
|
|t:|1750862662
|move|p1a: Groudon|Protect|p1a: Groudon
|-singleturn|p1a: Groudon|Protect
|move|p2a: Incineroar|Fake Out|p1a: Groudon
|-activate|p1a: Groudon|move: Protect
|move|p2b: Kyogre|Water Spout|p1a: Groudon
|-activate|p1a: Groudon|move: Protect
|
|-weather|RainDance|[upkeep]
|upkeep
|turn|10
|
|t:|1750862668
|move|p1a: Groudon|Rock Slide|p2a: Incineroar|[spread] p2b
|-miss|p1a: Groudon|p2a: Incineroar
|-damage|p2b: Kyogre|87/100
|move|p2b: Kyogre|Water Spout|p1a: Groudon
|-supereffective|p1a: Groudon
|-damage|p1a: Groudon|0 fnt
|faint|p1a: Groudon
|
|win|superpowerpoke
|raw|Zordor's rating: 1592 &rarr; <strong>1572</strong><br />(-20 for losing)
|raw|superpowerpoke's rating: 1597 &rarr; <strong>1617</strong><br />(+20 for winning)
|l|☆Zordor
|player|p1|
|l|☆superpowerpoke
|player|p2|
|l| Therazer456
