|j|☆bambam420
|j|☆Emirnent
|t:|1750771989
|gametype|doubles
|player|p1|bambam420|janitor|1688
|player|p2|Emirnent|265|1803
|teamsize|p1|6
|teamsize|p2|6
|gen|9
|tier|[Gen 9] VGC 2025 Reg I
|rated|
|rule|Species Clause: Limit one of each Pokémon
|rule|Item Clause: Limit 1 of each item
|clearpoke
|poke|p1|Amoonguss, L50, F|
|poke|p1|Calyrex-Ice, L50|
|poke|p1|Kyogre, L50|
|poke|p1|Grimmsnarl, L50, M|
|poke|p1|Flutter Mane, L50|
|poke|p1|Basculegion, L50, M|
|poke|p2|Calyrex-Ice, L50|
|poke|p2|Kyogre, L50|
|poke|p2|Smeargle, L50, F|
|poke|p2|Raging Bolt, L50|
|poke|p2|Tornadus, L50, M|
|poke|p2|Landorus, L50, M|
|teampreview|4
|inactive|Battle timer is ON: inactive players will automatically lose when time's up. (requested by Emirnent)
|inactive|bambam420 has 60 seconds left.
|inactive|Emirnent has 60 seconds left.
|
|t:|1750772051
|start
|switch|p1a: Flutter Mane|Flutter Mane, L50|100/100
|switch|p1b: Kyogre|Kyogre, L50|100/100
|switch|p2a: Calyrex|Calyrex-Ice, L50|100/100
|switch|p2b: Kyogre|Kyogre, L50|100/100
|-ability|p2a: Calyrex|As One
|-ability|p2a: Calyrex|Unnerve
|-weather|RainDance|[from] ability: Drizzle|[of] p2b: Kyogre
|turn|1
|j| surgevgc
|inactive|bambam420 has 30 seconds left.
|inactive|Emirnent has 30 seconds left.
|inactive|bambam420 has 20 seconds left.
|
|t:|1750772090
|move|p2b: Kyogre|Water Spout|p1b: Kyogre|[spread] p1a,p1b
|-resisted|p1b: Kyogre
|-crit|p1b: Kyogre
|-enditem|p1a: Flutter Mane|Focus Sash
|-damage|p1a: Flutter Mane|1/100
|-damage|p1b: Kyogre|44/100
|move|p1a: Flutter Mane|Icy Wind|p2a: Calyrex|[spread] p2a,p2b
|-resisted|p2a: Calyrex
|-resisted|p2b: Kyogre
|-damage|p2a: Calyrex|97/100
|-damage|p2b: Kyogre|95/100
|-unboost|p2a: Calyrex|spe|1
|-unboost|p2b: Kyogre|spe|1
|move|p1b: Kyogre|Water Spout|p2b: Kyogre|[spread] p2a,p2b
|-resisted|p2b: Kyogre
|-damage|p2a: Calyrex|73/100
|-damage|p2b: Kyogre|73/100
|move|p2a: Calyrex|Seed Bomb|p1b: Kyogre
|-supereffective|p1b: Kyogre
|-damage|p1b: Kyogre|0 fnt
|faint|p1b: Kyogre
|-ability|p2a: Calyrex|Chilling Neigh|boost
|-boost|p2a: Calyrex|atk|1
|
|-weather|RainDance|[upkeep]
|upkeep
|
|t:|1750772110
|switch|p1b: Basculegion|Basculegion, L50, M|100/100
|turn|2
|inactive|Emirnent has 30 seconds left.
|
|t:|1750772143
|-terastallize|p2a: Calyrex|Grass
|move|p1b: Basculegion|Last Respects|p2b: Kyogre
|-damage|p2b: Kyogre|0 fnt
|faint|p2b: Kyogre
|-damage|p1b: Basculegion|91/100|[from] item: Life Orb
|move|p1a: Flutter Mane|Shadow Ball|p2a: Calyrex
|-damage|p2a: Calyrex|52/100
|-unboost|p2a: Calyrex|spd|1
|move|p2a: Calyrex|Seed Bomb|p1b: Basculegion
|-supereffective|p1b: Basculegion
|-damage|p1b: Basculegion|0 fnt
|faint|p1b: Basculegion
|-ability|p2a: Calyrex|Chilling Neigh|boost
|-boost|p2a: Calyrex|atk|1
|
|-weather|RainDance|[upkeep]
|upkeep
|
|t:|1750772159
|switch|p2b: Smeargle|Smeargle, L50, F|100/100
|switch|p1b: Calyrex|Calyrex-Ice, L50|100/100
|-ability|p1b: Calyrex|As One
|-ability|p1b: Calyrex|Unnerve
|turn|3
|
|t:|1750772170
|move|p1b: Calyrex|Protect|p1b: Calyrex
|-singleturn|p1b: Calyrex|Protect
|move|p2b: Smeargle|Fake Out|p1b: Calyrex
|-activate|p1b: Calyrex|move: Protect
|move|p1a: Flutter Mane|Taunt|p2b: Smeargle
|-start|p2b: Smeargle|move: Taunt
|move|p2a: Calyrex|Glacial Lance|p1b: Calyrex|[spread] p1a
|-activate|p1b: Calyrex|move: Protect
|-damage|p1a: Flutter Mane|0 fnt
|faint|p1a: Flutter Mane
|-end|p1a: Flutter Mane|Protosynthesis|[silent]
|-ability|p2a: Calyrex|Chilling Neigh|boost
|-boost|p2a: Calyrex|atk|1
|
|-weather|RainDance|[upkeep]
|-ability|p2b: Smeargle|Moody|boost
|-boost|p2b: Smeargle|atk|2
|-unboost|p2b: Smeargle|spd|1
|upkeep
|turn|4
|inactive|Emirnent has 30 seconds left.
|
|t:|1750772197
|switch|p2b: Raging Bolt|Raging Bolt, L50|100/100
|-enditem|p2b: Raging Bolt|Booster Energy
|-activate|p2b: Raging Bolt|ability: Protosynthesis|[fromitem]
|-start|p2b: Raging Bolt|protosynthesisspa
|move|p2a: Calyrex|Crunch|p1b: Calyrex
|-supereffective|p1b: Calyrex
|-damage|p1b: Calyrex|12/100
|move|p1b: Calyrex|Glacial Lance|p2b: Raging Bolt|[spread] p2a,p2b
|-supereffective|p2a: Calyrex
|-supereffective|p2b: Raging Bolt
|-damage|p2a: Calyrex|0 fnt
|-damage|p2b: Raging Bolt|15/100
|faint|p2a: Calyrex
|-ability|p1b: Calyrex|Chilling Neigh|boost
|-boost|p1b: Calyrex|atk|1
|
|-weather|RainDance|[upkeep]
|-heal|p1b: Calyrex|17/100|[from] item: Leftovers
|upkeep
|
|t:|1750772198
|switch|p2a: Smeargle|Smeargle, L50, F|100/100
|turn|5
|
|t:|1750772209
|move|p1b: Calyrex|Protect|p1b: Calyrex
|-singleturn|p1b: Calyrex|Protect
|move|p2a: Smeargle|Fake Out|p1b: Calyrex
|-activate|p1b: Calyrex|move: Protect
|move|p2b: Raging Bolt|Thunderbolt|p1b: Calyrex
|-activate|p1b: Calyrex|move: Protect
|
|-weather|none
|-heal|p1b: Calyrex|23/100|[from] item: Leftovers
|-ability|p2a: Smeargle|Moody|boost
|-boost|p2a: Smeargle|def|2
|-unboost|p2a: Smeargle|spa|1
|upkeep
|turn|6
|
|t:|1750772219
|-terastallize|p1b: Calyrex|Fairy
|move|p2a: Smeargle|Spore|p1b: Calyrex
|-status|p1b: Calyrex|slp|[from] move: Spore
|move|p2b: Raging Bolt|Thunderbolt|p1b: Calyrex
|-damage|p1b: Calyrex|0 fnt
|faint|p1b: Calyrex
|
|win|Emirnent
|raw|bambam420's rating: 1688 &rarr; <strong>1674</strong><br />(-14 for losing)
|raw|Emirnent's rating: 1803 &rarr; <strong>1817</strong><br />(+14 for winning)
|l|☆Emirnent
|player|p2|
|l| surgevgc
