|j|☆Autistic Person28
|j|☆jomle
|t:|1750771948
|gametype|doubles
|player|p1|Autistic Person28|preschooler|1344
|player|p2|jomle|1|1404
|teamsize|p1|6
|teamsize|p2|6
|gen|9
|tier|[Gen 9] VGC 2025 Reg I
|rated|
|rule|Species Clause: Limit one of each Pokémon
|rule|Item Clause: Limit 1 of each item
|clearpoke
|poke|p1|Comfey, L50, F|
|poke|p1|Lugia, L50|
|poke|p1|Zamazenta-*, L50|
|poke|p1|Incineroar, L50, M|
|poke|p1|Rillaboom, L50, F|
|poke|p1|Raging Bolt, L50|
|poke|p2|Kyogre, L50|
|poke|p2|Zacian-*, L50|
|poke|p2|Tornadus, L50, M|
|poke|p2|Urshifu-*, L50, F|
|poke|p2|Rillaboom, L50, M|
|poke|p2|Incineroar, L50, F|
|teampreview|4
|inactive|Battle timer is ON: inactive players will automatically lose when time's up. (requested by Autistic Person28)
|
|t:|1750771973
|start
|switch|p1a: Lugia|Lugia, L50, shiny|100/100
|switch|p1b: Zamazenta|Zamazenta-Crowned, L50, shiny|100/100
|switch|p2a: Incineroar|Incineroar, L50, F|100/100
|switch|p2b: Zacian|Zacian-Crowned, L50|100/100
|-ability|p2b: Zacian|Intrepid Sword|boost
|-boost|p2b: Zacian|atk|1
|-ability|p1b: Zamazenta|Dauntless Shield|boost
|-boost|p1b: Zamazenta|def|1
|-ability|p2a: Incineroar|Intimidate|boost
|-unboost|p1a: Lugia|atk|1
|-unboost|p1b: Zamazenta|atk|1
|turn|1
|inactive|jomle has 30 seconds left.
|
|t:|1750772000
|-terastallize|p2a: Incineroar|Ghost
|move|p1a: Lugia|Protect|p1a: Lugia
|-singleturn|p1a: Lugia|Protect
|move|p2a: Incineroar|Fake Out|p1a: Lugia
|-activate|p1a: Lugia|move: Protect
|move|p2b: Zacian|Substitute|p2b: Zacian
|-start|p2b: Zacian|Substitute
|-damage|p2b: Zacian|76/100
|move|p1b: Zamazenta|Body Press|p2b: Zacian
|-end|p2b: Zacian|Substitute
|
|upkeep
|turn|2
|inactive|jomle has 30 seconds left.
|
|t:|1750772029
|switch|p1a: Rillaboom|Rillaboom, L50, F|100/100
|-fieldstart|move: Grassy Terrain|[from] ability: Grassy Surge|[of] p1a: Rillaboom
|move|p2b: Zacian|Play Rough|p1a: Rillaboom
|-damage|p1a: Rillaboom|32/100
|move|p1b: Zamazenta|Body Press|p2b: Zacian
|-damage|p2b: Zacian|9/100
|move|p2a: Incineroar|Parting Shot|p1b: Zamazenta
|-unboost|p1b: Zamazenta|atk|1
|-unboost|p1b: Zamazenta|spa|1
|
|t:|1750772043
|switch|p2a: Rillaboom|Rillaboom, L50, M|100/100|[from] Parting Shot
|
|-heal|p2b: Zacian|15/100|[from] Grassy Terrain
|-heal|p1a: Rillaboom|38/100|[from] Grassy Terrain
|upkeep
|turn|3
|
|t:|1750772060
|move|p1a: Rillaboom|Fake Out|p2b: Zacian
|-resisted|p2b: Zacian
|-damage|p2b: Zacian|8/100
|cant|p2b: Zacian|flinch
|move|p1b: Zamazenta|Body Press|p2b: Zacian
|-damage|p2b: Zacian|0 fnt
|faint|p2b: Zacian
|move|p2a: Rillaboom|U-turn|p1a: Rillaboom
|-supereffective|p1a: Rillaboom
|-damage|p1a: Rillaboom|0 fnt
|faint|p1a: Rillaboom
|
|t:|1750772077
|switch|p2a: Kyogre|Kyogre, L50|100/100|[from] U-turn
|-weather|RainDance|[from] ability: Drizzle|[of] p2a: Kyogre
|
|-weather|RainDance|[upkeep]
|upkeep
|
|t:|1750772087
|switch|p2b: Incineroar|Incineroar, L50, F, tera:Ghost|100/100
|switch|p1a: Lugia|Lugia, L50, shiny|100/100
|-ability|p2b: Incineroar|Intimidate|boost
|-unboost|p1a: Lugia|atk|1
|-unboost|p1b: Zamazenta|atk|1
|turn|4
|
|t:|1750772108
|move|p1b: Zamazenta|Protect|p1b: Zamazenta
|-singleturn|p1b: Zamazenta|Protect
|move|p1a: Lugia|Protect|p1a: Lugia
|-singleturn|p1a: Lugia|Protect
|move|p2b: Incineroar|Fake Out|p1b: Zamazenta
|-activate|p1b: Zamazenta|move: Protect
|move|p2a: Kyogre|Thunder|p1a: Lugia
|-activate|p1a: Lugia|move: Protect
|
|-weather|RainDance|[upkeep]
|upkeep
|turn|5
|
|t:|1750772127
|-terastallize|p1a: Lugia|Steel
|move|p1b: Zamazenta|Wide Guard|p1b: Zamazenta
|-singleturn|p1b: Zamazenta|Wide Guard
|move|p2a: Kyogre|Origin Pulse|p1a: Lugia|[spread] 
|-activate|p1a: Lugia|move: Wide Guard
|-activate|p1b: Zamazenta|move: Wide Guard
|move|p1a: Lugia|Calm Mind|p1a: Lugia
|-boost|p1a: Lugia|spa|1
|-boost|p1a: Lugia|spd|1
|move|p2b: Incineroar|Knock Off|p1a: Lugia
|-damage|p1a: Lugia|85/100
|-enditem|p1a: Lugia|Leftovers|[from] move: Knock Off|[of] p2b: Incineroar
|
|-weather|RainDance|[upkeep]
|-heal|p1a: Lugia|91/100|[from] Grassy Terrain
|upkeep
|turn|6
|
|t:|1750772151
|move|p1b: Zamazenta|Wide Guard|p1b: Zamazenta
|-singleturn|p1b: Zamazenta|Wide Guard
|move|p2a: Kyogre|Thunder|p1b: Zamazenta
|-damage|p1b: Zamazenta|73/100
|-status|p1b: Zamazenta|par
|move|p1a: Lugia|Calm Mind|p1a: Lugia
|-boost|p1a: Lugia|spa|1
|-boost|p1a: Lugia|spd|1
|move|p2b: Incineroar|Parting Shot|p1b: Zamazenta
|-unboost|p1b: Zamazenta|atk|1
|-unboost|p1b: Zamazenta|spa|1
|
|t:|1750772162
|switch|p2b: Rillaboom|Rillaboom, L50, M|100/100|[from] Parting Shot
|
|-weather|RainDance|[upkeep]
|-heal|p1a: Lugia|97/100|[from] Grassy Terrain
|-heal|p1b: Zamazenta|79/100 par|[from] Grassy Terrain
|-fieldend|move: Grassy Terrain
|upkeep
|turn|7
|
|t:|1750772178
|move|p2b: Rillaboom|Fake Out|p1b: Zamazenta
|-resisted|p1b: Zamazenta
|-damage|p1b: Zamazenta|76/100 par
|move|p2a: Kyogre|Origin Pulse|p1a: Lugia|[spread] p1b
|-miss|p2a: Kyogre|p1a: Lugia
|-damage|p1b: Zamazenta|14/100 par
|move|p1a: Lugia|Calm Mind|p1a: Lugia
|-boost|p1a: Lugia|spa|1
|-boost|p1a: Lugia|spd|1
|cant|p1b: Zamazenta|flinch
|
|-weather|none
|upkeep
|turn|8
|
|t:|1750772198
|move|p1b: Zamazenta|Wide Guard|p1b: Zamazenta
|-singleturn|p1b: Zamazenta|Wide Guard
|move|p2a: Kyogre|Origin Pulse|p1a: Lugia|[spread] 
|-activate|p1a: Lugia|move: Wide Guard
|-activate|p1b: Zamazenta|move: Wide Guard
|move|p1a: Lugia|Calm Mind|p1a: Lugia
|-boost|p1a: Lugia|spa|1
|-boost|p1a: Lugia|spd|1
|move|p2b: Rillaboom|U-turn|p1b: Zamazenta
|-resisted|p1b: Zamazenta
|-crit|p1b: Zamazenta
|-damage|p1b: Zamazenta|10/100 par
|
|t:|1750772208
|switch|p2b: Incineroar|Incineroar, L50, F, tera:Ghost|100/100|[from] U-turn
|-ability|p2b: Incineroar|Intimidate|boost
|-unboost|p1a: Lugia|atk|1
|-unboost|p1b: Zamazenta|atk|1
|
|upkeep
|turn|9
|
|t:|1750772219
|move|p2a: Kyogre|Protect|p2a: Kyogre
|-singleturn|p2a: Kyogre|Protect
|move|p1a: Lugia|Protect|p1a: Lugia
|-singleturn|p1a: Lugia|Protect
|cant|p1b: Zamazenta|par
|move|p2b: Incineroar|Flare Blitz|p1a: Lugia
|-activate|p1a: Lugia|move: Protect
|
|upkeep
|turn|10
|
|t:|1750772232
|switch|p1b: Comfey|Comfey, L50, F, shiny|100/100
|move|p2a: Kyogre|Origin Pulse|p1a: Lugia|[spread] p1a,p1b
|-damage|p1a: Lugia|86/100
|-damage|p1b: Comfey|42/100
|move|p1a: Lugia|Aeroblast|p2b: Incineroar
|-damage|p2b: Incineroar|0 fnt
|faint|p2b: Incineroar
|
|upkeep
|
|t:|1750772240
|switch|p2b: Rillaboom|Rillaboom, L50, M|100/100
|-fieldstart|move: Grassy Terrain|[from] ability: Grassy Surge|[of] p2b: Rillaboom
|turn|11
|
|t:|1750772256
|move|p1a: Lugia|Protect|p1a: Lugia
|-singleturn|p1a: Lugia|Protect
|move|p1b: Comfey|Protect|p1b: Comfey
|-singleturn|p1b: Comfey|Protect
|move|p2b: Rillaboom|Fake Out|p1a: Lugia
|-activate|p1a: Lugia|move: Protect
|move|p2a: Kyogre|Water Spout|p1b: Comfey|[spread] 
|-activate|p1a: Lugia|move: Protect
|-activate|p1b: Comfey|move: Protect
|
|-heal|p1a: Lugia|93/100|[from] Grassy Terrain
|-heal|p1b: Comfey|47/100|[from] Grassy Terrain
|upkeep
|turn|12
|inactive|Autistic Person28 has 30 seconds left.
|
|t:|1750772282
|move|p1b: Comfey|Synthesis|p1b: Comfey
|-heal|p1b: Comfey|97/100
|move|p2a: Kyogre|Origin Pulse|p1b: Comfey|[spread] p1a
|-miss|p2a: Kyogre|p1b: Comfey
|-damage|p1a: Lugia|82/100
|move|p1a: Lugia|Aeroblast|p2b: Rillaboom
|-supereffective|p2b: Rillaboom
|-damage|p2b: Rillaboom|0 fnt
|faint|p2b: Rillaboom
|
|-heal|p1a: Lugia|88/100|[from] Grassy Terrain
|-heal|p1b: Comfey|100/100|[from] Grassy Terrain
|upkeep
|turn|13
|c|☆Autistic Person28|gg lol
|inactive|jomle has 30 seconds left.
|inactive|jomle has 20 seconds left.
|inactive|jomle has 15 seconds left.
|inactive|jomle has 10 seconds left.
|inactive|jomle has 5 seconds left.
|
|t:|1750772337
|move|p1b: Comfey|Floral Healing|p1a: Lugia
|-heal|p1a: Lugia|100/100
|move|p2a: Kyogre|Water Spout|p1b: Comfey|[spread] p1a,p1b
|-damage|p1a: Lugia|93/100
|-damage|p1b: Comfey|26/100
|move|p1a: Lugia|Aeroblast|p2a: Kyogre
|-damage|p2a: Kyogre|24/100
|
|-heal|p2a: Kyogre|30/100|[from] Grassy Terrain
|-heal|p1a: Lugia|99/100|[from] Grassy Terrain
|-heal|p1b: Comfey|32/100|[from] Grassy Terrain
|upkeep
|turn|14
|
|t:|1750772353
|move|p1a: Lugia|Protect|p1a: Lugia
|-singleturn|p1a: Lugia|Protect
|move|p2a: Kyogre|Thunder|p1a: Lugia
|-activate|p1a: Lugia|move: Protect
|move|p1b: Comfey|Leech Seed|p2a: Kyogre
|-start|p2a: Kyogre|move: Leech Seed
|
|-heal|p2a: Kyogre|36/100|[from] Grassy Terrain
|-heal|p1a: Lugia|100/100|[from] Grassy Terrain
|-heal|p1b: Comfey|38/100|[from] Grassy Terrain
|-damage|p2a: Kyogre|24/100|[from] Leech Seed|[of] p1b: Comfey
|-heal|p1b: Comfey|51/100|[silent]
|upkeep
|turn|15
|-message|jomle forfeited.
|
|win|Autistic Person28
|raw|Autistic Person28's rating: 1344 &rarr; <strong>1367</strong><br />(+23 for winning)
|raw|jomle's rating: 1404 &rarr; <strong>1381</strong><br />(-23 for losing)
|l|☆jomle
|player|p2|
|l|☆Autistic Person28
|player|p1|
|j|☆Autistic Person28
|player|p1|Autistic Person28|preschooler|
