|j|☆bernell00
|j|☆Sir Skiggles
|t:|1750861428
|gametype|doubles
|player|p1|bernell00|veteran|1205
|player|p2|Sir Skiggles|blue|1232
|teamsize|p1|6
|teamsize|p2|6
|gen|9
|tier|[Gen 9] VGC 2025 Reg I
|rated|
|rule|Species Clause: Limit one of each Pokémon
|rule|Item Clause: Limit 1 of each item
|clearpoke
|poke|p1|Miraidon, L50|
|poke|p1|Ogerpon-Cornerstone, L50, F|
|poke|p1|Ho-Oh, L50|
|poke|p1|Suicune, L50|
|poke|p1|Incineroar, L50, M|
|poke|p1|Sylveon, L50, F|
|poke|p2|Zamazenta-*, L50|
|poke|p2|Rillaboom, L50, M|
|poke|p2|Reshiram, L50|
|poke|p2|Tornadus, L50, M|
|poke|p2|Flutter Mane, L50|
|poke|p2|Ting-Lu, L50|
|teampreview|4
|inactive|Battle timer is ON: inactive players will automatically lose when time's up. (requested by bernell00)
|
|t:|1750861479
|start
|switch|p1a: Miraidon|Miraidon, L50|100/100
|switch|p1b: Incineroar|Incineroar, L50, M|100/100
|switch|p2a: The Shield|Zamazenta-Crowned, L50|100/100
|switch|p2b: The Monkey|Rillaboom, L50, M|100/100
|-fieldstart|move: Electric Terrain|[from] ability: Hadron Engine|[of] p1a: Miraidon
|-ability|p2a: The Shield|Dauntless Shield|boost
|-boost|p2a: The Shield|def|1
|-fieldstart|move: Grassy Terrain|[from] ability: Grassy Surge|[of] p2b: The Monkey
|-ability|p1b: Incineroar|Intimidate|boost
|-unboost|p2a: The Shield|atk|1
|-unboost|p2b: The Monkey|atk|1
|turn|1
|inactive|bernell00 has 30 seconds left.
|inactive|bernell00 has 20 seconds left.
|
|t:|1750861516
|-terastallize|p1b: Incineroar|Ghost
|move|p1a: Miraidon|Protect|p1a: Miraidon
|-singleturn|p1a: Miraidon|Protect
|move|p2b: The Monkey|Fake Out|p1a: Miraidon
|-activate|p1a: Miraidon|move: Protect
|move|p2a: The Shield|Iron Defense|p2a: The Shield
|-boost|p2a: The Shield|def|2
|move|p1b: Incineroar|Will-O-Wisp|p2b: The Monkey
|-status|p2b: The Monkey|brn
|
|-damage|p2b: The Monkey|95/100 brn|[from] brn
|upkeep
|turn|2
|inactive|bernell00 has 30 seconds left.
|inactive|Sir Skiggles has 30 seconds left.
|
|t:|1750861549
|move|p1a: Miraidon|Volt Switch|p2a: The Shield
|-damage|p2a: The Shield|68/100
|
|t:|1750861554
|switch|p1a: Ho-Oh|Ho-Oh, L50|100/100|[from] Volt Switch
|move|p2a: The Shield|Body Press|p1a: Ho-Oh
|-resisted|p1a: Ho-Oh
|-damage|p1a: Ho-Oh|36/100
|move|p2b: The Monkey|U-turn|p1b: Incineroar
|-resisted|p1b: Incineroar
|-damage|p1b: Incineroar|97/100
|
|t:|1750861564
|switch|p2b: The Beast|Ting-Lu, L50|100/100|[from] U-turn
|-ability|p2b: The Beast|Vessel of Ruin
|move|p1b: Incineroar|Will-O-Wisp|p2a: The Shield
|-status|p2a: The Shield|brn
|
|-heal|p2a: The Shield|74/100 brn|[from] Grassy Terrain
|-heal|p1b: Incineroar|100/100|[from] Grassy Terrain
|-damage|p2a: The Shield|68/100 brn|[from] brn
|upkeep
|turn|3
|inactive|bernell00 has 30 seconds left.
|
|t:|1750861593
|move|p2a: The Shield|Body Press|p1a: Ho-Oh
|-resisted|p1a: Ho-Oh
|-damage|p1a: Ho-Oh|3/100
|move|p1a: Ho-Oh|Tailwind|p1a: Ho-Oh
|-sidestart|p1: bernell00|move: Tailwind
|move|p1b: Incineroar|Parting Shot|p2a: The Shield
|-unboost|p2a: The Shield|atk|1
|-unboost|p2a: The Shield|spa|1
|inactive|bernell00 has 30 seconds left.
|
|t:|1750861621
|switch|p1b: Miraidon|Miraidon, L50|100/100|[from] Parting Shot
|-fieldstart|move: Electric Terrain|[from] ability: Hadron Engine|[of] p1b: Miraidon
|move|p2b: The Beast|Throat Chop|p1b: Miraidon
|-damage|p1b: Miraidon|69/100
|-start|p1b: Miraidon|Throat Chop|[silent]
|
|-damage|p2a: The Shield|62/100 brn|[from] brn
|upkeep
|turn|4
|inactive|bernell00 has 30 seconds left.
|inactive|Sir Skiggles has 30 seconds left.
|inactive|bernell00 has 20 seconds left.
|inactive|bernell00 has 15 seconds left.
|inactive|Sir Skiggles has 20 seconds left.
|inactive|Sir Skiggles has 15 seconds left.
|
|t:|1750861666
|switch|p1b: Incineroar|Incineroar, L50, M, tera:Ghost|100/100
|-ability|p1b: Incineroar|Intimidate|boost
|-unboost|p2a: The Shield|atk|1
|-unboost|p2b: The Beast|atk|1
|switch|p2b: The Monkey|Rillaboom, L50, M|95/100 brn
|-fieldstart|move: Grassy Terrain|[from] ability: Grassy Surge|[of] p2b: The Monkey
|move|p1a: Ho-Oh|Protect|p1a: Ho-Oh
|-singleturn|p1a: Ho-Oh|Protect
|move|p2a: The Shield|Body Press|p1b: Incineroar
|-immune|p1b: Incineroar
|
|-heal|p2a: The Shield|68/100 brn|[from] Grassy Terrain
|-heal|p2b: The Monkey|100/100 brn|[from] Grassy Terrain
|-damage|p2a: The Shield|62/100 brn|[from] brn
|-damage|p2b: The Monkey|95/100 brn|[from] brn
|upkeep
|turn|5
|inactive|bernell00 has 30 seconds left.
|inactive|bernell00 has 20 seconds left.
|
|t:|1750861704
|switch|p1a: Miraidon|Miraidon, L50|69/100
|-fieldstart|move: Electric Terrain|[from] ability: Hadron Engine|[of] p1a: Miraidon
|move|p2b: The Monkey|Fake Out|p1a: Miraidon
|-damage|p1a: Miraidon|63/100
|move|p2a: The Shield|Iron Defense|p2a: The Shield
|-boost|p2a: The Shield|def|2
|move|p1b: Incineroar|Parting Shot|p2a: The Shield
|-unboost|p2a: The Shield|atk|1
|-unboost|p2a: The Shield|spa|1
|
|t:|1750861718
|switch|p1b: Ho-Oh|Ho-Oh, L50|36/100|[from] Parting Shot
|
|-damage|p2a: The Shield|56/100 brn|[from] brn
|-damage|p2b: The Monkey|89/100 brn|[from] brn
|upkeep
|turn|6
|
|t:|1750861740
|switch|p1b: Incineroar|Incineroar, L50, M, tera:Ghost|100/100
|-ability|p1b: Incineroar|Intimidate|boost
|-unboost|p2a: The Shield|atk|1
|-unboost|p2b: The Monkey|atk|1
|move|p1a: Miraidon|Electro Drift|p2a: The Shield
|-damage|p2a: The Shield|0 fnt
|faint|p2a: The Shield
|move|p2b: The Monkey|U-turn|p1b: Incineroar
|-resisted|p1b: Incineroar
|-damage|p1b: Incineroar|97/100
|
|t:|1750861754
|switch|p2b: The Beast|Ting-Lu, L50|100/100|[from] U-turn
|-ability|p2b: The Beast|Vessel of Ruin
|
|-sideend|p1: bernell00|move: Tailwind
|upkeep
|
|t:|1750861759
|switch|p2a: The Monkey|Rillaboom, L50, M|89/100 brn
|-fieldstart|move: Grassy Terrain|[from] ability: Grassy Surge|[of] p2a: The Monkey
|turn|7
|
|t:|1750861773
|move|p1a: Miraidon|Protect|p1a: Miraidon
|-singleturn|p1a: Miraidon|Protect
|move|p2a: The Monkey|Knock Off|p1a: Miraidon
|-activate|p1a: Miraidon|move: Protect
|move|p1b: Incineroar|Parting Shot|p2a: The Monkey
|-unboost|p2a: The Monkey|atk|1
|-unboost|p2a: The Monkey|spa|1
|
|t:|1750861782
|switch|p1b: Ho-Oh|Ho-Oh, L50|70/100|[from] Parting Shot
|move|p2b: The Beast|Rock Slide|p1b: Ho-Oh|[spread] 
|-activate|p1a: Miraidon|move: Protect
|-miss|p2b: The Beast|p1b: Ho-Oh
|
|-heal|p1a: Miraidon|68/100|[from] Grassy Terrain
|-heal|p2a: The Monkey|95/100 brn|[from] Grassy Terrain
|-damage|p2a: The Monkey|89/100 brn|[from] brn
|upkeep
|turn|8
|
|t:|1750861803
|move|p1b: Ho-Oh|Protect|p1b: Ho-Oh
|-singleturn|p1b: Ho-Oh|Protect
|move|p2a: The Monkey|Grassy Glide|p1a: Miraidon
|-resisted|p1a: Miraidon
|-damage|p1a: Miraidon|62/100
|move|p1a: Miraidon|Volt Switch|p2a: The Monkey
|-resisted|p2a: The Monkey
|-damage|p2a: The Monkey|78/100 brn
|
|t:|1750861823
|switch|p1a: Suicune|Suicune, L50|100/100|[from] Volt Switch
|-ability|p1a: Suicune|Pressure
|move|p2b: The Beast|Rock Slide|p1a: Suicune|[spread] p1a
|-activate|p1b: Ho-Oh|move: Protect
|-damage|p1a: Suicune|89/100
|
|-heal|p2a: The Monkey|84/100 brn|[from] Grassy Terrain
|-heal|p1a: Suicune|95/100|[from] Grassy Terrain
|-damage|p2a: The Monkey|78/100 brn|[from] brn
|upkeep
|turn|9
|
|t:|1750861839
|switch|p1b: Incineroar|Incineroar, L50, M, tera:Ghost|97/100
|-ability|p1b: Incineroar|Intimidate|boost
|-unboost|p2a: The Monkey|atk|1
|-unboost|p2b: The Beast|atk|1
|move|p2a: The Monkey|Grassy Glide|p1a: Suicune
|-supereffective|p1a: Suicune
|-damage|p1a: Suicune|82/100
|move|p1a: Suicune|Snarl|p2a: The Monkey|[spread] p2a,p2b
|-resisted|p2b: The Beast
|-damage|p2a: The Monkey|74/100 brn
|-damage|p2b: The Beast|99/100
|-unboost|p2a: The Monkey|spa|1
|-unboost|p2b: The Beast|spa|1
|move|p2b: The Beast|Rock Slide|p1b: Incineroar|[spread] p1a
|-miss|p2b: The Beast|p1b: Incineroar
|-damage|p1a: Suicune|75/100
|
|-heal|p2a: The Monkey|80/100 brn|[from] Grassy Terrain
|-heal|p1a: Suicune|81/100|[from] Grassy Terrain
|-heal|p1b: Incineroar|100/100|[from] Grassy Terrain
|-heal|p2b: The Beast|100/100|[from] Grassy Terrain
|-damage|p2a: The Monkey|74/100 brn|[from] brn
|upkeep
|turn|10
|inactive|bernell00 has 30 seconds left.
|inactive|Sir Skiggles has 30 seconds left.
|
|t:|1750861872
|move|p2a: The Monkey|U-turn|p1a: Suicune
|-damage|p1a: Suicune|76/100
|
|t:|1750861875
|switch|p2a: The Truth|Reshiram, L50|100/100|[from] U-turn
|-ability|p2a: The Truth|Turboblaze
|move|p1a: Suicune|Snarl|p2a: The Truth|[spread] p2a,p2b
|-resisted|p2b: The Beast
|-damage|p2a: The Truth|95/100
|-damage|p2b: The Beast|99/100
|-unboost|p2a: The Truth|spa|1
|-unboost|p2b: The Beast|spa|1
|move|p1b: Incineroar|Will-O-Wisp|p2b: The Beast
|-status|p2b: The Beast|brn
|move|p2b: The Beast|Ruination|p1b: Incineroar
|-damage|p1b: Incineroar|50/100
|-enditem|p1b: Incineroar|Sitrus Berry|[eat]
|-heal|p1b: Incineroar|75/100|[from] item: Sitrus Berry
|
|-heal|p2a: The Truth|100/100|[from] Grassy Terrain
|-heal|p1a: Suicune|82/100|[from] Grassy Terrain
|-heal|p1b: Incineroar|81/100|[from] Grassy Terrain
|-heal|p2b: The Beast|100/100 brn|[from] Grassy Terrain
|-damage|p2b: The Beast|94/100 brn|[from] brn
|upkeep
|turn|11
|inactive|bernell00 has 30 seconds left.
|
|t:|1750861909
|move|p2a: The Truth|Protect|p2a: The Truth
|-singleturn|p2a: The Truth|Protect
|move|p1a: Suicune|Snarl|p2a: The Truth|[spread] p2b
|-activate|p2a: The Truth|move: Protect
|-resisted|p2b: The Beast
|-damage|p2b: The Beast|92/100 brn
|-unboost|p2b: The Beast|spa|1
|move|p1b: Incineroar|Parting Shot|p2a: The Truth
|-activate|p2a: The Truth|move: Protect
|move|p2b: The Beast|Ruination|p1b: Incineroar
|-damage|p1b: Incineroar|41/100
|
|-heal|p1a: Suicune|87/100|[from] Grassy Terrain
|-heal|p1b: Incineroar|47/100|[from] Grassy Terrain
|-heal|p2b: The Beast|99/100 brn|[from] Grassy Terrain
|-heal|p2b: The Beast|100/100 brn|[from] item: Leftovers
|-damage|p2b: The Beast|94/100 brn|[from] brn
|-fieldend|move: Grassy Terrain
|upkeep
|turn|12
|inactive|Sir Skiggles has 30 seconds left.
|
|t:|1750861937
|switch|p1b: Ho-Oh|Ho-Oh, L50|100/100
|move|p2a: The Truth|Heat Wave|p1b: Ho-Oh|[spread] p1a,p1b
|-resisted|p1a: Suicune
|-resisted|p1b: Ho-Oh
|-damage|p1a: Suicune|80/100
|-damage|p1b: Ho-Oh|91/100
|-damage|p2a: The Truth|91/100|[from] item: Life Orb
|move|p1a: Suicune|Snarl|p2a: The Truth|[spread] p2a,p2b
|-resisted|p2b: The Beast
|-damage|p2a: The Truth|86/100
|-damage|p2b: The Beast|92/100 brn
|-unboost|p2a: The Truth|spa|1
|-unboost|p2b: The Beast|spa|1
|move|p2b: The Beast|Ruination|p1a: Suicune
|-damage|p1a: Suicune|40/100
|
|-heal|p2b: The Beast|99/100 brn|[from] item: Leftovers
|-damage|p2b: The Beast|92/100 brn|[from] brn
|upkeep
|turn|13
|inactive|bernell00 has 30 seconds left.
|inactive|Sir Skiggles has 30 seconds left.
|inactive|bernell00 has 20 seconds left.
|inactive|Sir Skiggles has 20 seconds left.
|inactive|bernell00 has 15 seconds left.
|
|t:|1750861980
|move|p2a: The Truth|Protect|p2a: The Truth
|-singleturn|p2a: The Truth|Protect
|move|p1b: Ho-Oh|Brave Bird|p2b: The Beast
|-damage|p2b: The Beast|58/100 brn
|-damage|p1b: Ho-Oh|75/100|[from] Recoil
|move|p1a: Suicune|Rest|p1a: Suicune
|-status|p1a: Suicune|slp|[from] move: Rest
|-heal|p1a: Suicune|100/100 slp|[silent]
|-enditem|p1a: Suicune|Chesto Berry|[eat]
|-curestatus|p1a: Suicune|slp|[msg]
|move|p2b: The Beast|Rock Slide|p1b: Ho-Oh|[spread] p1a,p1b
|-supereffective|p1b: Ho-Oh
|-damage|p1a: Suicune|97/100
|-damage|p1b: Ho-Oh|55/100
|
|-heal|p2b: The Beast|64/100 brn|[from] item: Leftovers
|-damage|p2b: The Beast|58/100 brn|[from] brn
|upkeep
|turn|14
|inactive|bernell00 has 15 seconds left this turn.
|inactive|bernell00 has 10 seconds left.
|inactive|bernell00 has 5 seconds left.
|-message|bernell00 lost due to inactivity.
|
|win|Sir Skiggles
|raw|bernell00's rating: 1205 &rarr; <strong>1182</strong><br />(-23 for losing)
|raw|Sir Skiggles's rating: 1232 &rarr; <strong>1255</strong><br />(+23 for winning)
|l|☆bernell00
|player|p1|
|n|!Sir Skiggles|sirskiggles
