|j|☆Escatross
|j|☆bananahammuck
|t:|1750714563
|gametype|doubles
|player|p1|Escatross|bugcatcher-gen4dp|1446
|player|p2|bananahammuck|169|1500
|teamsize|p1|6
|teamsize|p2|6
|gen|9
|tier|[Gen 9] VGC 2025 Reg I
|rated|
|rule|Species Clause: Limit one of each Pokémon
|rule|Item Clause: Limit 1 of each item
|clearpoke
|poke|p1|Jumpluff, L50, F|
|poke|p1|Weezing-Galar, L50, M|
|poke|p1|Walking Wake, L50|
|poke|p1|Koraidon, L50|
|poke|p1|Calyrex-Shadow, L50|
|poke|p1|Hatterene, L50, F|
|poke|p2|Calyrex-Ice, L50|
|poke|p2|Miraidon, L50|
|poke|p2|Raichu-Alola, L50, F|
|poke|p2|Volcarona, L50, F|
|poke|p2|Scraggy, L50, F|
|poke|p2|Ogerpon-Cornerstone, L50, F|
|teampreview|4
|inactive|Battle timer is ON: inactive players will automatically lose when time's up. (requested by Escatross)
|inactive|bananahammuck has 60 seconds left.
|
|t:|1750714597
|start
|switch|p1a: Jumpluff|Jumpluff, L50, F|100/100
|switch|p1b: Koraidon|Koraidon, L50|100/100
|switch|p2a: Calyrex|Calyrex-Ice, L50|100/100
|switch|p2b: Scraggy|Scraggy, L50, F|100/100
|-ability|p2a: Calyrex|As One
|-ability|p2a: Calyrex|Unnerve
|-weather|SunnyDay|[from] ability: Orichalcum Pulse|[of] p1b: Koraidon
|-activate|p1b: Koraidon|Orichalcum Pulse|[source]
|-ability|p2b: Scraggy|Intimidate|boost
|-unboost|p1a: Jumpluff|atk|1
|-unboost|p1b: Koraidon|atk|1
|turn|1
|inactive|bananahammuck has 30 seconds left.
|inactive|bananahammuck has 20 seconds left.
|inactive|bananahammuck has 15 seconds left.
|inactive|bananahammuck has 10 seconds left.
|inactive|bananahammuck has 5 seconds left.
|
|t:|1750714649
|switch|p1a: Hatterene|Hatterene, L50, F|100/100
|switch|p2a: Miraidon|Miraidon, L50|100/100
|-fieldstart|move: Electric Terrain|[from] ability: Hadron Engine|[of] p2a: Miraidon
|-terastallize|p1b: Koraidon|Fire
|move|p2b: Scraggy|Fake Out|p1b: Koraidon
|-damage|p1b: Koraidon|93/100
|cant|p1b: Koraidon|flinch
|
|-weather|SunnyDay|[upkeep]
|upkeep
|turn|2
|inactive|bananahammuck has 30 seconds left.
|inactive|bananahammuck has 20 seconds left.
|inactive|bananahammuck has 15 seconds left.
|
|t:|1750714690
|switch|p2b: Calyrex|Calyrex-Ice, L50|100/100
|-ability|p2b: Calyrex|As One
|-ability|p2b: Calyrex|Unnerve
|-terastallize|p2a: Miraidon|Electric
|move|p1b: Koraidon|Scale Shot|p2a: Miraidon
|-damage|p2a: Miraidon|88/100
|-damage|p2a: Miraidon|76/100
|-damage|p2a: Miraidon|62/100
|-damage|p2a: Miraidon|48/100
|-damage|p2a: Miraidon|35/100
|-hitcount|p2a: Miraidon|5
|-unboost|p1b: Koraidon|def|1
|-boost|p1b: Koraidon|spe|1
|move|p2a: Miraidon|Electro Drift|p1b: Koraidon
|-crit|p1b: Koraidon
|-damage|p1b: Koraidon|0 fnt
|faint|p1b: Koraidon
|move|p1a: Hatterene|Dazzling Gleam|p2a: Miraidon|[spread] p2a,p2b
|-damage|p2a: Miraidon|12/100
|-damage|p2b: Calyrex|74/100
|-damage|p1a: Hatterene|91/100|[from] item: Life Orb
|
|-weather|SunnyDay|[upkeep]
|upkeep
|
|t:|1750714711
|switch|p1b: Calyrex|Calyrex-Shadow, L50|100/100
|-ability|p1b: Calyrex|As One
|-ability|p1b: Calyrex|Unnerve
|turn|3
|inactive|bananahammuck has 30 seconds left.
|
|t:|1750714743
|switch|p2a: Scraggy|Scraggy, L50, F|100/100
|-ability|p2a: Scraggy|Intimidate|boost
|-unboost|p1a: Hatterene|atk|1
|-unboost|p1b: Calyrex|atk|1
|move|p2b: Calyrex|Protect|p2b: Calyrex
|-singleturn|p2b: Calyrex|Protect
|move|p1b: Calyrex|Astral Barrage|p2b: Calyrex|[spread] p2a
|-activate|p2b: Calyrex|move: Protect
|-resisted|p2a: Scraggy
|-damage|p2a: Scraggy|73/100
|move|p1a: Hatterene|Dazzling Gleam|p2b: Calyrex|[spread] p2a
|-activate|p2b: Calyrex|move: Protect
|-supereffective|p2a: Scraggy
|-damage|p2a: Scraggy|0 fnt
|faint|p2a: Scraggy
|-damage|p1a: Hatterene|81/100|[from] item: Life Orb
|
|-weather|SunnyDay|[upkeep]
|upkeep
|
|t:|1750714757
|switch|p2a: Raichu|Raichu-Alola, L50, F|100/100
|turn|4
|j| zagmaer
|inactive|Escatross has 30 seconds left.
|
|t:|1750714784
|move|p2a: Raichu|Electroweb|p1a: Hatterene|[spread] p1a,p1b
|-damage|p1a: Hatterene|58/100
|-damage|p1b: Calyrex|78/100
|-unboost|p1a: Hatterene|spe|1
|-unboost|p1b: Calyrex|spe|1
|move|p1b: Calyrex|Astral Barrage|p2b: Calyrex|[spread] p2a,p2b
|-supereffective|p2a: Raichu
|-supereffective|p2b: Calyrex
|-enditem|p2a: Raichu|Focus Sash
|-damage|p2a: Raichu|1/100
|-damage|p2b: Calyrex|4/100
|move|p2b: Calyrex|Glacial Lance|p1b: Calyrex|[spread] p1a,p1b
|-damage|p1a: Hatterene|2/100
|-damage|p1b: Calyrex|3/100
|move|p1a: Hatterene|Dazzling Gleam|p2a: Raichu|[spread] p2a,p2b
|-damage|p2a: Raichu|0 fnt
|-damage|p2b: Calyrex|0 fnt
|faint|p2a: Raichu
|faint|p2b: Calyrex
|-damage|p1a: Hatterene|0 fnt|[from] item: Life Orb
|faint|p1a: Hatterene
|
|-weather|SunnyDay|[upkeep]
|upkeep
|
|t:|1750714807
|switch|p2b: Miraidon|Miraidon, L50, tera:Electric|12/100
|switch|p1a: Jumpluff|Jumpluff, L50, F|100/100
|-activate|p2b: Miraidon|ability: Hadron Engine
|turn|5
|l| zagmaer
|
|t:|1750714816
|move|p1a: Jumpluff|Tailwind|p1a: Jumpluff
|-sidestart|p1: Escatross|move: Tailwind
|move|p1b: Calyrex|Astral Barrage|p2b: Miraidon
|-damage|p2b: Miraidon|0 fnt
|faint|p2b: Miraidon
|
|win|Escatross
|raw|Escatross's rating: 1446 &rarr; <strong>1469</strong><br />(+23 for winning)
|raw|bananahammuck's rating: 1500 &rarr; <strong>1477</strong><br />(-23 for losing)
|l|☆bananahammuck
|player|p2|
|l|☆Escatross
|player|p1|
