|j|☆Lupe_King
|j|☆kunna1
|t:|1750869374
|gametype|doubles
|player|p1|Lupe_King|gentleman-gen4dp|1388
|player|p2|kunna1|1|1447
|teamsize|p1|6
|teamsize|p2|6
|gen|9
|tier|[Gen 9] VGC 2025 Reg I
|rated|
|rule|Species Clause: Limit one of each Pokémon
|rule|Item Clause: Limit 1 of each item
|clearpoke
|poke|p1|Iron Bundle, L50|
|poke|p1|Grimmsnarl, L50, M|
|poke|p1|Miraidon, L50|
|poke|p1|Zacian-*, L50|
|poke|p1|Incineroar, L50, F|
|poke|p1|Sneasler, L50, M|
|poke|p2|Koraidon, L50|
|poke|p2|Scovillain, L50, M|
|poke|p2|Clefairy, L50, F|
|poke|p2|Indeedee-F, L50, F|
|poke|p2|Miraidon, L50|
|poke|p2|Chesnaught, L50, M|
|teampreview|4
|inactive|Battle timer is ON: inactive players will automatically lose when time's up. (requested by kunna1)
Lupe_King rejected open team sheets.
|inactive|Lupe_King has 60 seconds left.
|inactive|kunna1 has 60 seconds left.
|
|t:|1750869426
|start
|switch|p1a: Zacian|Zacian-Crowned, L50|100/100
|switch|p1b: Incineroar|Incineroar, L50, F|100/100
|switch|p2a: Scovillain|Scovillain, L50, M|100/100
|switch|p2b: Miraidon|Miraidon, L50|100/100
|-fieldstart|move: Electric Terrain|[from] ability: Hadron Engine|[of] p2b: Miraidon
|-ability|p1a: Zacian|Intrepid Sword|boost
|-boost|p1a: Zacian|atk|1
|-ability|p1b: Incineroar|Intimidate|boost
|-unboost|p2a: Scovillain|atk|1
|-unboost|p2b: Miraidon|atk|1
|turn|1
|inactive|Lupe_King has 30 seconds left.
|inactive|Lupe_King has 20 seconds left.
|
|t:|1750869462
|move|p1b: Incineroar|Fake Out|p2b: Miraidon
|-crit|p2b: Miraidon
|-damage|p2b: Miraidon|85/100
|cant|p2b: Miraidon|flinch
|move|p1a: Zacian|Behemoth Blade|p2b: Miraidon
|-resisted|p2b: Miraidon
|-damage|p2b: Miraidon|43/100
|move|p2a: Scovillain|Overheat|p1a: Zacian
|-supereffective|p1a: Zacian
|-damage|p1a: Zacian|4/100
|-unboost|p2a: Scovillain|spa|2
|
|upkeep
|turn|2
|inactive|Lupe_King has 30 seconds left.
|inactive|kunna1 has 30 seconds left.
|
|t:|1750869498
|move|p2b: Miraidon|Volt Switch|p1a: Zacian
|-damage|p1a: Zacian|0 fnt
|faint|p1a: Zacian
|
|t:|1750869502
|switch|p2b: Koraidon|Koraidon, L50|100/100|[from] Volt Switch
|-weather|SunnyDay|[from] ability: Orichalcum Pulse|[of] p2b: Koraidon
|-activate|p2b: Koraidon|Orichalcum Pulse|[source]
|move|p2a: Scovillain|Spicy Extract|p2b: Koraidon
|-fail|p2b: Koraidon|unboost|[from] item: Clear Amulet|[of] p2b: Koraidon
|-boost|p2b: Koraidon|atk|2
|move|p1b: Incineroar|Parting Shot|p2a: Scovillain
|-unboost|p2a: Scovillain|atk|1
|-unboost|p2a: Scovillain|spa|1
|
|t:|1750869517
|switch|p1b: Miraidon|Miraidon, L50|100/100|[from] Parting Shot
|-activate|p1b: Miraidon|ability: Hadron Engine
|
|-weather|SunnyDay|[upkeep]
|upkeep
|
|t:|1750869529
|switch|p1a: Sneasler|Sneasler, L50, M|100/100
|-enditem|p1a: Sneasler|Electric Seed
|-boost|p1a: Sneasler|def|1|[from] item: Electric Seed
|turn|3
|
|t:|1750869548
|-terastallize|p1b: Miraidon|Fairy
|move|p2a: Scovillain|Protect|p2a: Scovillain
|-singleturn|p2a: Scovillain|Protect
|move|p2b: Koraidon|Protect|p2b: Koraidon
|-singleturn|p2b: Koraidon|Protect
|move|p1a: Sneasler|Fake Out|p2b: Koraidon
|-activate|p2b: Koraidon|move: Protect
|move|p1b: Miraidon|Dazzling Gleam|p2a: Scovillain|[spread] 
|-activate|p2a: Scovillain|move: Protect
|-activate|p2b: Koraidon|move: Protect
|
|-weather|SunnyDay|[upkeep]
|upkeep
|turn|4
|inactive|Lupe_King has 30 seconds left.
|
|t:|1750869576
|switch|p1b: Incineroar|Incineroar, L50, F|100/100
|-ability|p1b: Incineroar|Intimidate|boost
|-unboost|p2a: Scovillain|atk|1
|-fail|p2b: Koraidon|unboost|[from] item: Clear Amulet|[of] p2b: Koraidon
|-terastallize|p2b: Koraidon|Fire
|move|p1a: Sneasler|Dire Claw|p2a: Scovillain
|-supereffective|p2a: Scovillain
|-enditem|p2a: Scovillain|Focus Sash
|-damage|p2a: Scovillain|1/100
|-status|p2a: Scovillain|psn
|move|p2a: Scovillain|Overheat|p1a: Sneasler
|-damage|p1a: Sneasler|52/100
|-unboost|p2a: Scovillain|spa|2
|move|p2b: Koraidon|Flare Blitz|p1b: Incineroar
|-resisted|p1b: Incineroar
|-damage|p1b: Incineroar|0 fnt
|faint|p1b: Incineroar
|-damage|p2b: Koraidon|63/100|[from] Recoil
|
|-weather|SunnyDay|[upkeep]
|-damage|p2a: Scovillain|0 fnt|[from] psn
|faint|p2a: Scovillain
|upkeep
|
|t:|1750869601
|switch|p2a: Miraidon|Miraidon, L50|43/100
|switch|p1b: Miraidon|Miraidon, L50, tera:Fairy|100/100
|-activate|p2a: Miraidon|ability: Hadron Engine
|-activate|p1b: Miraidon|ability: Hadron Engine
|turn|5
|
|t:|1750869623
|move|p1a: Sneasler|Close Combat|p2b: Koraidon
|-crit|p2b: Koraidon
|-damage|p2b: Koraidon|0 fnt
|-unboost|p1a: Sneasler|def|1
|-unboost|p1a: Sneasler|spd|1
|faint|p2b: Koraidon
|move|p2a: Miraidon|Electro Drift|p1b: Miraidon
|-damage|p1b: Miraidon|3/100
|move|p1b: Miraidon|Dazzling Gleam|p2a: Miraidon
|-supereffective|p2a: Miraidon
|-damage|p2a: Miraidon|0 fnt
|faint|p2a: Miraidon
|
|-weather|SunnyDay|[upkeep]
|-fieldend|move: Electric Terrain
|upkeep
|
|t:|1750869628
|switch|p2b: Chesnaught|Chesnaught, L50, M|100/100
|turn|6
|inactive|kunna1 has 30 seconds left.
|inactive|kunna1 has 20 seconds left.
|inactive|kunna1 has 15 seconds left.
|inactive|kunna1 has 10 seconds left.
|
|t:|1750869674
|move|p2b: Chesnaught|Spiky Shield|p2b: Chesnaught
|-singleturn|p2b: Chesnaught|move: Protect
|move|p1a: Sneasler|Dire Claw|p2b: Chesnaught
|-activate|p2b: Chesnaught|move: Protect
|-damage|p1a: Sneasler|40/100|[from] Spiky Shield|[of] p2b: Chesnaught
|move|p1b: Miraidon|Dazzling Gleam|p2b: Chesnaught
|-activate|p2b: Chesnaught|move: Protect
|
|-weather|none
|upkeep
|turn|7
|
|t:|1750869690
|move|p1a: Sneasler|Dire Claw|p2b: Chesnaught
|-supereffective|p2b: Chesnaught
|-damage|p2b: Chesnaught|47/100
|move|p1b: Miraidon|Dazzling Gleam|p2b: Chesnaught
|-supereffective|p2b: Chesnaught
|-damage|p2b: Chesnaught|0 fnt
|faint|p2b: Chesnaught
|
|win|Lupe_King
|raw|Lupe_King's rating: 1388 &rarr; <strong>1411</strong><br />(+23 for winning)
|raw|kunna1's rating: 1447 &rarr; <strong>1424</strong><br />(-23 for losing)
|l|☆kunna1
|player|p2|
