|j|☆TotallyNotAutistic
|j|☆Assassino300590
|t:|1750800597
|gametype|doubles
|player|p1|TotallyNotAutistic|n|1165
|player|p2|Assassino300590|265|1178
|teamsize|p1|6
|teamsize|p2|6
|gen|9
|tier|[Gen 9] VGC 2025 Reg I
|rated|
|rule|Species Clause: Limit one of each Pokémon
|rule|Item Clause: Limit 1 of each item
|clearpoke
|poke|p1|Dialga-Origin, L50|
|poke|p1|Miraidon, L50|
|poke|p1|Farigiraf, L50, F|
|poke|p1|Iron Hands, L50|
|poke|p1|Ursaluna, L50, F|
|poke|p1|Grimmsnarl, L50, M|
|poke|p2|Bisharp, L50, M|
|poke|p2|Kyogre, L50|
|poke|p2|Lunala, L50|
|poke|p2|Grimmsnarl, L50, M|
|poke|p2|Incineroar, L50, M|
|poke|p2|Whimsicott, L50, M|
|teampreview|4
|
|t:|1750800636
|start
|switch|p1a: Miraidon|Miraidon, L50|100/100
|switch|p1b: Farigiraf|Farigiraf, L50, F|100/100
|switch|p2a: Bisharp|Bisharp, L50, M|100/100
|switch|p2b: Whimsicott|Whimsicott, L50, M|100/100
|-fieldstart|move: Electric Terrain|[from] ability: Hadron Engine|[of] p1a: Miraidon
|-enditem|p1b: Farigiraf|Electric Seed
|-boost|p1b: Farigiraf|def|1|[from] item: Electric Seed
|turn|1
|inactive|Battle timer is ON: inactive players will automatically lose when time's up. (requested by Assassino300590)
|inactive|Assassino300590 has 60 seconds left.
|inactive|TotallyNotAutistic has 60 seconds left.
|
|t:|1750800682
|-terastallize|p1b: Farigiraf|Grass
|move|p1b: Farigiraf|Helping Hand|p1a: Miraidon
|-singleturn|p1a: Miraidon|Helping Hand|[of] p1b: Farigiraf
|move|p2b: Whimsicott|Tailwind|p2b: Whimsicott
|-sidestart|p2: Assassino300590|move: Tailwind
|move|p2a: Bisharp|Swords Dance|p2a: Bisharp
|-boost|p2a: Bisharp|atk|2
|move|p1a: Miraidon|Electro Drift|p2a: Bisharp
|-damage|p2a: Bisharp|0 fnt
|faint|p2a: Bisharp
|
|upkeep
|
|t:|1750800694
|switch|p2a: Kyogre|Kyogre, L50|100/100
|-weather|RainDance|[from] ability: Drizzle|[of] p2a: Kyogre
|turn|2
|
|t:|1750800708
|-terastallize|p2a: Kyogre|Grass
|move|p2b: Whimsicott|Helping Hand|p2a: Kyogre
|-singleturn|p2a: Kyogre|Helping Hand|[of] p2b: Whimsicott
|move|p2a: Kyogre|Water Spout|p1b: Farigiraf|[spread] p1a,p1b
|-resisted|p1a: Miraidon
|-resisted|p1b: Farigiraf
|-damage|p1a: Miraidon|68/100
|-damage|p1b: Farigiraf|55/100
|move|p1a: Miraidon|Electro Drift|p2a: Kyogre
|-resisted|p2a: Kyogre
|-damage|p2a: Kyogre|63/100
|move|p1b: Farigiraf|Trick Room|p1b: Farigiraf
|-fieldstart|move: Trick Room|[of] p1b: Farigiraf
|
|-weather|RainDance|[upkeep]
|upkeep
|turn|3
|inactive|Assassino300590 has 30 seconds left.
|
|t:|1750800745
|switch|p2a: Lunala|Lunala, L50|100/100
|move|p1b: Farigiraf|Helping Hand|p1a: Miraidon
|-singleturn|p1a: Miraidon|Helping Hand|[of] p1b: Farigiraf
|move|p1a: Miraidon|Volt Switch|p2a: Lunala
|-damage|p2a: Lunala|60/100
|
|t:|1750800752
|switch|p1a: Ursaluna|Ursaluna, L50, F|100/100|[from] Volt Switch
|move|p2b: Whimsicott|Giga Drain|p1b: Farigiraf
|-resisted|p1b: Farigiraf
|-damage|p1b: Farigiraf|47/100
|
|-weather|RainDance|[upkeep]
|-status|p1a: Ursaluna|brn|[from] item: Flame Orb
|upkeep
|turn|4
|
|t:|1750800773
|switch|p1b: Dialga|Dialga-Origin, L50|100/100
|move|p1a: Ursaluna|Earthquake|p2a: Lunala|[spread] p2a,p2b
|-activate|p1b: Dialga|ability: Telepathy
|-resisted|p2b: Whimsicott
|-damage|p2a: Lunala|10/100
|-damage|p2b: Whimsicott|61/100
|move|p2a: Lunala|Moongeist Beam|p1b: Dialga
|-damage|p1b: Dialga|57/100
|move|p2b: Whimsicott|Giga Drain|p1a: Ursaluna
|-supereffective|p1a: Ursaluna
|-damage|p1a: Ursaluna|64/100 brn
|-heal|p2b: Whimsicott|87/100|[from] drain|[of] p1a: Ursaluna
|
|-weather|RainDance|[upkeep]
|-damage|p1a: Ursaluna|58/100 brn|[from] brn
|-sideend|p2: Assassino300590|move: Tailwind
|upkeep
|turn|5
|inactive|Assassino300590 has 30 seconds left.
|
|t:|1750800805
|move|p1a: Ursaluna|Facade|p2b: Whimsicott
|-damage|p2b: Whimsicott|0 fnt
|faint|p2b: Whimsicott
|move|p1b: Dialga|Flash Cannon|p2a: Lunala
|-damage|p2a: Lunala|0 fnt
|faint|p2a: Lunala
|
|-weather|RainDance|[upkeep]
|-damage|p1a: Ursaluna|52/100 brn|[from] brn
|-fieldend|move: Electric Terrain
|upkeep
|
|t:|1750800811
|switch|p2b: Kyogre|Kyogre, L50, tera:Grass|63/100
|turn|6
|
|t:|1750800821
|switch|p1a: Miraidon|Miraidon, L50|68/100
|-fieldstart|move: Electric Terrain|[from] ability: Hadron Engine|[of] p1a: Miraidon
|move|p1b: Dialga|Draco Meteor|p2b: Kyogre
|-damage|p2b: Kyogre|0 fnt
|-unboost|p1b: Dialga|spa|2
|faint|p2b: Kyogre
|
|win|TotallyNotAutistic
|raw|TotallyNotAutistic's rating: 1165 &rarr; <strong>1191</strong><br />(+26 for winning)
|raw|Assassino300590's rating: 1178 &rarr; <strong>1152</strong><br />(-26 for losing)
|l|☆Assassino300590
|player|p2|
