|j|☆Fkrbfrkrrn
|j|☆nekro_surge
|t:|1750729688
|gametype|doubles
|player|p1|Fkrbfrkrrn|2|1413
|player|p2|nekro_surge|rocketgruntf|1368
|teamsize|p1|6
|teamsize|p2|6
|gen|9
|tier|[Gen 9] VGC 2025 Reg I
|rated|
|rule|Species Clause: Limit one of each Pokémon
|rule|Item Clause: Limit 1 of each item
|clearpoke
|poke|p1|Calyrex-Ice, L50|
|poke|p1|Reshiram, L50|
|poke|p1|Grimmsnarl, L50, M|
|poke|p1|Rillaboom, L50, M|
|poke|p1|Urshifu-*, L50, M|
|poke|p1|Incineroar, L50, M|
|poke|p2|Calyrex-Shadow, L50|
|poke|p2|Zamazenta-*, L50|
|poke|p2|Grimmsnarl, L50, M|
|poke|p2|Tornadus, L50, M|
|poke|p2|Incineroar, L50, F|
|poke|p2|Moltres-Galar, L50|
|teampreview|4
|inactive|Battle timer is ON: inactive players will automatically lose when time's up. (requested by nekro_surge)
|
|t:|1750729709
|start
|switch|p1a: Calyrex|Calyrex-Ice, L50|100/100
|switch|p1b: Grimmsnarl|Grimmsnarl, L50, M|100/100
|switch|p2a: Incineroar|Incineroar, L50, F|100/100
|switch|p2b: Grimmsnarl|Grimmsnarl, L50, M|100/100
|-ability|p1a: Calyrex|As One
|-ability|p1a: Calyrex|Unnerve
|-ability|p2a: Incineroar|Intimidate|boost
|-unboost|p1a: Calyrex|atk|1
|-unboost|p1b: Grimmsnarl|atk|1
|turn|1
|
|t:|1750729726
|switch|p1b: Rillaboom|Rillaboom, L50, M|100/100
|-fieldstart|move: Grassy Terrain|[from] ability: Grassy Surge|[of] p1b: Rillaboom
|move|p1a: Calyrex|Protect|p1a: Calyrex
|-singleturn|p1a: Calyrex|Protect
|move|p2a: Incineroar|Fake Out|p1b: Rillaboom
|-damage|p1b: Rillaboom|91/100
|move|p2b: Grimmsnarl|Reflect|p2b: Grimmsnarl
|-sidestart|p2: nekro_surge|Reflect
|
|-heal|p1b: Rillaboom|97/100|[from] Grassy Terrain
|upkeep
|turn|2
|
|t:|1750729750
|switch|p2b: Zamazenta|Zamazenta-Crowned, L50|100/100
|-ability|p2b: Zamazenta|Dauntless Shield|boost
|-boost|p2b: Zamazenta|def|1
|move|p1b: Rillaboom|Fake Out|p2a: Incineroar
|-damage|p2a: Incineroar|93/100
|cant|p2a: Incineroar|flinch
|move|p1a: Calyrex|Leech Seed|p2b: Zamazenta
|-start|p2b: Zamazenta|move: Leech Seed
|
|-heal|p1b: Rillaboom|100/100|[from] Grassy Terrain
|-heal|p2a: Incineroar|99/100|[from] Grassy Terrain
|-damage|p2b: Zamazenta|88/100|[from] Leech Seed|[of] p1a: Calyrex
|upkeep
|turn|3
|
|t:|1750729768
|move|p2b: Zamazenta|Body Press|p1a: Calyrex
|-crit|p1a: Calyrex
|-damage|p1a: Calyrex|36/100
|move|p1b: Rillaboom|U-turn|p2b: Zamazenta
|-resisted|p2b: Zamazenta
|-damage|p2b: Zamazenta|87/100
|
|t:|1750729774
|switch|p1b: Grimmsnarl|Grimmsnarl, L50, M|100/100|[from] U-turn
|move|p2a: Incineroar|Flare Blitz|p1b: Grimmsnarl
|-damage|p1b: Grimmsnarl|57/100
|-damage|p2a: Incineroar|85/100|[from] Recoil
|move|p1a: Calyrex|Leech Seed|p2a: Incineroar
|-start|p2a: Incineroar|move: Leech Seed
|
|-heal|p2b: Zamazenta|93/100|[from] Grassy Terrain
|-heal|p1b: Grimmsnarl|63/100|[from] Grassy Terrain
|-heal|p2a: Incineroar|91/100|[from] Grassy Terrain
|-heal|p1a: Calyrex|42/100|[from] Grassy Terrain
|-heal|p1a: Calyrex|48/100|[from] item: Leftovers
|-damage|p2b: Zamazenta|81/100|[from] Leech Seed|[of] p1a: Calyrex
|-heal|p1a: Calyrex|59/100|[silent]
|-damage|p2a: Incineroar|78/100|[from] Leech Seed|[of] p1a: Calyrex
|-heal|p1a: Calyrex|72/100|[silent]
|upkeep
|turn|4
|
|t:|1750729796
|switch|p2b: Grimmsnarl|Grimmsnarl, L50, M|100/100
|switch|p2a: Calyrex|Calyrex-Shadow, L50|100/100
|-ability|p2a: Calyrex|As One
|-ability|p2a: Calyrex|Unnerve
|-terastallize|p1a: Calyrex|Fairy
|move|p1b: Grimmsnarl|Thunder Wave|p2b: Grimmsnarl
|-hint|Since gen 7, Dark is immune to Prankster moves.
|-immune|p2b: Grimmsnarl
|move|p1a: Calyrex|Trick Room|p1a: Calyrex
|-fieldstart|move: Trick Room|[of] p1a: Calyrex
|
|-heal|p1a: Calyrex|77/100|[from] Grassy Terrain
|-heal|p1a: Calyrex|83/100|[from] item: Leftovers
|-heal|p1b: Grimmsnarl|69/100|[from] Grassy Terrain
|upkeep
|turn|5
|
|t:|1750729817
|switch|p2a: Incineroar|Incineroar, L50, F|78/100
|-ability|p2a: Incineroar|Intimidate|boost
|-unboost|p1a: Calyrex|atk|1
|-unboost|p1b: Grimmsnarl|atk|1
|move|p2b: Grimmsnarl|Thunder Wave|p1a: Calyrex
|-status|p1a: Calyrex|par
|move|p1a: Calyrex|Glacial Lance|p2a: Incineroar|[spread] p2a,p2b
|-resisted|p2a: Incineroar
|-damage|p2a: Incineroar|71/100
|-damage|p2b: Grimmsnarl|82/100
|move|p1b: Grimmsnarl|Spirit Break|p2a: Incineroar
|-damage|p2a: Incineroar|59/100
|-unboost|p2a: Incineroar|spa|1
|
|-heal|p1a: Calyrex|89/100 par|[from] Grassy Terrain
|-heal|p1a: Calyrex|95/100 par|[from] item: Leftovers
|-heal|p2b: Grimmsnarl|88/100|[from] Grassy Terrain
|-heal|p2a: Incineroar|65/100|[from] Grassy Terrain
|-heal|p1b: Grimmsnarl|75/100|[from] Grassy Terrain
|-fieldend|move: Grassy Terrain
|upkeep
|turn|6
|inactive|nekro_surge has 30 seconds left.
|
|t:|1750729844
|switch|p1a: Reshiram|Reshiram, L50|100/100
|-ability|p1a: Reshiram|Turboblaze
|move|p2b: Grimmsnarl|Spirit Break|p1b: Grimmsnarl
|-supereffective|p1b: Grimmsnarl
|-damage|p1b: Grimmsnarl|15/100
|-unboost|p1b: Grimmsnarl|spa|1
|move|p2a: Incineroar|Flare Blitz|p1a: Reshiram
|-resisted|p1a: Reshiram
|-damage|p1a: Reshiram|89/100
|-damage|p2a: Incineroar|61/100|[from] Recoil
|move|p1b: Grimmsnarl|Spirit Break|p2b: Grimmsnarl
|-supereffective|p2b: Grimmsnarl
|-damage|p2b: Grimmsnarl|62/100
|-unboost|p2b: Grimmsnarl|spa|1
|
|upkeep
|turn|7
|
|t:|1750729867
|switch|p1a: Calyrex|Calyrex-Ice, L50, tera:Fairy|95/100 par
|-ability|p1a: Calyrex|As One
|-ability|p1a: Calyrex|Unnerve
|move|p2b: Grimmsnarl|Light Screen|p2b: Grimmsnarl
|-sidestart|p2: nekro_surge|move: Light Screen
|move|p1b: Grimmsnarl|Light Screen|p1b: Grimmsnarl
|-sidestart|p1: Fkrbfrkrrn|move: Light Screen
|move|p2a: Incineroar|Parting Shot|p1a: Calyrex
|-unboost|p1a: Calyrex|atk|1
|-unboost|p1a: Calyrex|spa|1
|
|t:|1750729878
|switch|p2a: Calyrex|Calyrex-Shadow, L50|100/100|[from] Parting Shot
|-ability|p2a: Calyrex|As One
|-ability|p2a: Calyrex|Unnerve
|
|-heal|p1a: Calyrex|100/100 par|[from] item: Leftovers
|upkeep
|turn|8
|
|t:|1750729890
|switch|p1b: Rillaboom|Rillaboom, L50, M|100/100
|-fieldstart|move: Grassy Terrain|[from] ability: Grassy Surge|[of] p1b: Rillaboom
|move|p2a: Calyrex|Protect|p2a: Calyrex
|-singleturn|p2a: Calyrex|Protect
|move|p1a: Calyrex|Leech Seed|p2a: Calyrex
|-activate|p2a: Calyrex|move: Protect
|move|p2b: Grimmsnarl|Spirit Break|p1b: Rillaboom
|-crit|p1b: Rillaboom
|-damage|p1b: Rillaboom|56/100
|-unboost|p1b: Rillaboom|spa|1
|
|-heal|p2b: Grimmsnarl|68/100|[from] Grassy Terrain
|-heal|p1b: Rillaboom|62/100|[from] Grassy Terrain
|-sideend|p2: nekro_surge|Reflect
|-fieldend|move: Trick Room
|upkeep
|turn|9
|
|t:|1750729909
|move|p2b: Grimmsnarl|Reflect|p2b: Grimmsnarl
|-sidestart|p2: nekro_surge|Reflect
|move|p2a: Calyrex|Astral Barrage|p1b: Rillaboom|[spread] p1a,p1b
|-damage|p1a: Calyrex|80/100 par
|-damage|p1b: Rillaboom|39/100
|move|p1b: Rillaboom|Wood Hammer|p2b: Grimmsnarl
|-damage|p2b: Grimmsnarl|21/100
|-damage|p1b: Rillaboom|23/100|[from] Recoil
|move|p1a: Calyrex|Leech Seed|p2a: Calyrex
|-start|p2a: Calyrex|move: Leech Seed
|
|-heal|p1b: Rillaboom|29/100|[from] Grassy Terrain
|-heal|p2b: Grimmsnarl|27/100|[from] Grassy Terrain
|-heal|p1a: Calyrex|86/100 par|[from] Grassy Terrain
|-heal|p1a: Calyrex|91/100 par|[from] item: Leftovers
|-damage|p2a: Calyrex|88/100|[from] Leech Seed|[of] p1a: Calyrex
|-heal|p1a: Calyrex|100/100 par|[silent]
|upkeep
|turn|10
|
|t:|1750729932
|switch|p2a: Incineroar|Incineroar, L50, F|61/100
|-ability|p2a: Incineroar|Intimidate|boost
|-unboost|p1a: Calyrex|atk|1
|-unboost|p1b: Rillaboom|atk|1
|switch|p2b: Zamazenta|Zamazenta-Crowned, L50|81/100
|move|p1b: Rillaboom|U-turn|p2b: Zamazenta
|-resisted|p2b: Zamazenta
|-damage|p2b: Zamazenta|79/100
|
|t:|1750729944
|switch|p1b: Reshiram|Reshiram, L50|89/100|[from] U-turn
|-ability|p1b: Reshiram|Turboblaze
|move|p1a: Calyrex|Glacial Lance|p2a: Incineroar|[spread] p2a,p2b
|-resisted|p2a: Incineroar
|-crit|p2a: Incineroar
|-resisted|p2b: Zamazenta
|-damage|p2a: Incineroar|27/100
|-damage|p2b: Zamazenta|75/100
|
|-heal|p2b: Zamazenta|81/100|[from] Grassy Terrain
|-heal|p1b: Reshiram|95/100|[from] Grassy Terrain
|-heal|p2a: Incineroar|33/100|[from] Grassy Terrain
|upkeep
|turn|11
|
|t:|1750729960
|move|p1b: Reshiram|Protect|p1b: Reshiram
|-singleturn|p1b: Reshiram|Protect
|move|p2a: Incineroar|Fake Out|p1b: Reshiram
|-activate|p1b: Reshiram|move: Protect
|move|p2b: Zamazenta|Heavy Slam|p1a: Calyrex
|-supereffective|p1a: Calyrex
|-damage|p1a: Calyrex|80/100 par
|move|p1a: Calyrex|Trick Room|p1a: Calyrex
|-fieldstart|move: Trick Room|[of] p1a: Calyrex
|
|-heal|p1a: Calyrex|86/100 par|[from] Grassy Terrain
|-heal|p1a: Calyrex|92/100 par|[from] item: Leftovers
|-heal|p2a: Incineroar|39/100|[from] Grassy Terrain
|-heal|p1b: Reshiram|100/100|[from] Grassy Terrain
|-heal|p2b: Zamazenta|87/100|[from] Grassy Terrain
|upkeep
|turn|12
|
|t:|1750729980
|switch|p2a: Grimmsnarl|Grimmsnarl, L50, M|27/100
|move|p2b: Zamazenta|Protect|p2b: Zamazenta
|-singleturn|p2b: Zamazenta|Protect
|cant|p1a: Calyrex|par
|move|p1b: Reshiram|Blue Flare|p2b: Zamazenta
|-activate|p2b: Zamazenta|move: Protect
|
|-heal|p1a: Calyrex|98/100 par|[from] Grassy Terrain
|-heal|p1a: Calyrex|100/100 par|[from] item: Leftovers
|-heal|p2a: Grimmsnarl|33/100|[from] Grassy Terrain
|-heal|p2b: Zamazenta|93/100|[from] Grassy Terrain
|-fieldend|move: Grassy Terrain
|upkeep
|turn|13
|
|t:|1750729996
|switch|p2b: Incineroar|Incineroar, L50, F|39/100
|-ability|p2b: Incineroar|Intimidate|boost
|-unboost|p1a: Calyrex|atk|1
|-unboost|p1b: Reshiram|atk|1
|move|p2a: Grimmsnarl|Thunder Wave|p1b: Reshiram
|-status|p1b: Reshiram|par
|cant|p1a: Calyrex|par
|move|p1b: Reshiram|Blue Flare|p2b: Incineroar
|-resisted|p2b: Incineroar
|-damage|p2b: Incineroar|11/100
|-damage|p1b: Reshiram|91/100 par|[from] item: Life Orb
|
|upkeep
|turn|14
|
|t:|1750730014
|move|p2b: Incineroar|Fake Out|p1a: Calyrex
|-damage|p1a: Calyrex|94/100 par
|cant|p1a: Calyrex|flinch
|move|p1b: Reshiram|Heat Wave|p2a: Grimmsnarl|[spread] p2a,p2b
|-resisted|p2b: Incineroar
|-damage|p2a: Grimmsnarl|0 fnt
|-damage|p2b: Incineroar|0 fnt
|faint|p2a: Grimmsnarl
|faint|p2b: Incineroar
|-damage|p1b: Reshiram|81/100 par|[from] item: Life Orb
|
|-heal|p1a: Calyrex|99/100 par|[from] item: Leftovers
|-sideend|p2: nekro_surge|move: Light Screen
|-sideend|p1: Fkrbfrkrrn|move: Light Screen
|upkeep
|
|t:|1750730026
|switch|p2a: Calyrex|Calyrex-Shadow, L50|88/100
|switch|p2b: Zamazenta|Zamazenta-Crowned, L50|93/100
|-ability|p2a: Calyrex|As One
|-ability|p2a: Calyrex|Unnerve
|turn|15
|
|t:|1750730039
|-terastallize|p2b: Zamazenta|Fighting
|cant|p1a: Calyrex|par
|move|p1b: Reshiram|Blue Flare|p2a: Calyrex
|-damage|p2a: Calyrex|0 fnt
|faint|p2a: Calyrex
|-damage|p1b: Reshiram|72/100 par|[from] item: Life Orb
|move|p2b: Zamazenta|Body Press|p1a: Calyrex
|-resisted|p1a: Calyrex
|-damage|p1a: Calyrex|79/100 par
|
|-heal|p1a: Calyrex|85/100 par|[from] item: Leftovers
|-fieldend|move: Trick Room
|upkeep
|turn|16
|-message|nekro_surge forfeited.
|
|win|Fkrbfrkrrn
|raw|Fkrbfrkrrn's rating: 1413 &rarr; <strong>1430</strong><br />(+17 for winning)
|raw|nekro_surge's rating: 1368 &rarr; <strong>1351</strong><br />(-17 for losing)
|l|☆nekro_surge
|player|p2|
