|j|☆gvanz
|j|☆anubisjr
|t:|1750821609
|gametype|doubles
|player|p1|gvanz|101|1510
|player|p2|anubisjr|102|1515
|teamsize|p1|6
|teamsize|p2|6
|gen|9
|tier|[Gen 9] VGC 2025 Reg I
|rated|
|rule|Species Clause: Limit one of each Pokémon
|rule|Item Clause: Limit 1 of each item
|clearpoke
|poke|p1|Dialga-Origin, L50|
|poke|p1|Groudon, L50|
|poke|p1|Lilligant-Hisui, L50, F|
|poke|p1|Charizard, L50, F|
|poke|p1|Raging Bolt, L50|
|poke|p1|Walking Wake, L50|
|poke|p2|Calyrex-Shadow, L50|
|poke|p2|Miraidon, L50|
|poke|p2|Whimsicott, L50, F|
|poke|p2|Iron Treads, L50|
|poke|p2|Urshifu-*, L50, F|
|poke|p2|Iron Hands, L50|
|teampreview|4
|j| JeremryGaming
|inactive|Battle timer is ON: inactive players will automatically lose when time's up. (requested by gvanz)
|
|t:|1750821645
|start
|switch|p1a: Groudon|Groudon, L50|100/100
|switch|p1b: Dialga|Dialga-Origin, L50|100/100
|switch|p2a: Iron Treads|Iron Treads, L50|100/100
|switch|p2b: Miraidon|Miraidon, L50|100/100
|-fieldstart|move: Electric Terrain|[from] ability: Hadron Engine|[of] p2b: Miraidon
|-activate|p2a: Iron Treads|ability: Quark Drive
|-start|p2a: Iron Treads|quarkdrivespe
|-weather|SunnyDay|[from] ability: Drought|[of] p1a: Groudon
|turn|1
|inactive|gvanz has 30 seconds left.
|inactive|anubisjr has 30 seconds left.
|l|☆gvanz
|inactive|gvanz disconnected and has a minute to reconnect!
|player|p1|
|inactive|gvanz has 20 seconds left.
|j|☆gvanz
|inactive|gvanz reconnected and has 20 seconds left.
|player|p1|gvanz|101|
|inactive|gvanz has 15 seconds left.
|
|t:|1750821690
|-terastallize|p1b: Dialga|Fairy
|move|p1a: Groudon|Protect|p1a: Groudon
|-singleturn|p1a: Groudon|Protect
|move|p2a: Iron Treads|Metal Sound|p1a: Groudon
|-activate|p1a: Groudon|move: Protect
|move|p2b: Miraidon|Draco Meteor|p1a: Groudon
|-activate|p1a: Groudon|move: Protect
|move|p1b: Dialga|Trick Room|p1b: Dialga
|-fieldstart|move: Trick Room|[of] p1b: Dialga
|
|-weather|SunnyDay|[upkeep]
|upkeep
|turn|2
|
|t:|1750821712
|switch|p2b: Urshifu|Urshifu, L50, F|100/100
|-terastallize|p2a: Iron Treads|Grass
|move|p1b: Dialga|Dragon Pulse|p2b: Urshifu
|-enditem|p2b: Urshifu|Focus Sash
|-damage|p2b: Urshifu|1/100
|move|p1a: Groudon|Precipice Blades|p2b: Urshifu|[spread] p2a,p2b
|-resisted|p2a: Iron Treads
|-damage|p2a: Iron Treads|76/100
|-damage|p2b: Urshifu|0 fnt
|faint|p2b: Urshifu
|move|p2a: Iron Treads|Steel Roller|p1b: Dialga
|-supereffective|p1b: Dialga
|-damage|p1b: Dialga|7/100
|-fieldend|move: Electric Terrain
|-end|p2a: Iron Treads|Quark Drive
|
|-weather|SunnyDay|[upkeep]
|upkeep
|
|t:|1750821722
|switch|p2b: Calyrex|Calyrex-Shadow, L50|100/100
|-ability|p2b: Calyrex|As One
|-ability|p2b: Calyrex|Unnerve
|turn|3
|inactive|gvanz has 30 seconds left.
|
|t:|1750821756
|move|p1b: Dialga|Flash Cannon|p2b: Calyrex
|-damage|p2b: Calyrex|42/100
|move|p1a: Groudon|Heat Crash|p2a: Iron Treads
|-supereffective|p2a: Iron Treads
|-damage|p2a: Iron Treads|0 fnt
|faint|p2a: Iron Treads
|-end|p2a: Iron Treads|Quark Drive|[silent]
|move|p2b: Calyrex|Astral Barrage|p1b: Dialga|[spread] p1a,p1b
|-damage|p1a: Groudon|29/100
|-damage|p1b: Dialga|0 fnt
|faint|p1b: Dialga
|-ability|p2b: Calyrex|Grim Neigh|boost
|-boost|p2b: Calyrex|spa|1
|-damage|p2b: Calyrex|32/100|[from] item: Life Orb
|
|-weather|SunnyDay|[upkeep]
|upkeep
|
|t:|1750821769
|switch|p1b: Charizard|Charizard, L50, F, shiny|100/100
|switch|p2a: Miraidon|Miraidon, L50|100/100
|-fieldstart|move: Electric Terrain|[from] ability: Hadron Engine|[of] p2a: Miraidon
|turn|4
|
|t:|1750821786
|move|p2b: Calyrex|Protect|p2b: Calyrex
|-singleturn|p2b: Calyrex|Protect
|move|p1a: Groudon|Precipice Blades|p2a: Miraidon|[spread] 
|-activate|p2b: Calyrex|move: Protect
|-miss|p1a: Groudon|p2a: Miraidon
|move|p1b: Charizard|Heat Wave|p2a: Miraidon|[spread] p2a
|-activate|p2b: Calyrex|move: Protect
|-resisted|p2a: Miraidon
|-crit|p2a: Miraidon
|-damage|p2a: Miraidon|27/100
|-status|p2a: Miraidon|brn
|-damage|p1b: Charizard|91/100|[from] item: Life Orb
|move|p2a: Miraidon|Draco Meteor|p1a: Groudon
|-damage|p1a: Groudon|0 fnt
|-unboost|p2a: Miraidon|spa|2
|faint|p1a: Groudon
|
|-weather|SunnyDay|[upkeep]
|-damage|p1b: Charizard|78/100|[from] ability: Solar Power|[of] p1b: Charizard
|-damage|p2a: Miraidon|21/100 brn|[from] brn
|upkeep
|inactive|gvanz has 30 seconds left.
|
|t:|1750821813
|switch|p1a: Lilligant|Lilligant-Hisui, L50, F|100/100
|turn|5
|inactive|anubisjr has 30 seconds left.
|
|t:|1750821845
|move|p2b: Calyrex|Protect||[still]
|-fail|p2b: Calyrex
|move|p1b: Charizard|Heat Wave|p2b: Calyrex|[spread] p2a,p2b
|-resisted|p2a: Miraidon
|-damage|p2a: Miraidon|0 fnt
|-damage|p2b: Calyrex|0 fnt
|faint|p2a: Miraidon
|faint|p2b: Calyrex
|-damage|p1b: Charizard|69/100|[from] item: Life Orb
|
|win|gvanz
|raw|gvanz's rating: 1510 &rarr; <strong>1530</strong><br />(+20 for winning)
|raw|anubisjr's rating: 1515 &rarr; <strong>1495</strong><br />(-20 for losing)
|l|☆anubisjr
|player|p2|
|l| JeremryGaming
|l|☆gvanz
|player|p1|
