|j|☆21Kieran
|j|☆AthenaStrive9
|t:|1750827163
|gametype|doubles
|player|p1|21Kieran|hau-masters|
|player|p2|AthenaStrive9|nancy|
|teamsize|p1|6
|teamsize|p2|6
|gen|9
|tier|[Gen 9] VGC 2025 Reg I
|rated|Tournament battle
|rule|Species Clause: Limit one of each Pokémon
|rule|Item Clause: Limit 1 of each item
|clearpoke
|poke|p1|Miraidon, L50|
|poke|p1|Terapagos, L50, M|
|poke|p1|Urshifu-*, L50, M|
|poke|p1|Incineroar, L50, M|
|poke|p1|Sinistcha, L50|
|poke|p1|Landorus, L50, M|
|poke|p2|Miraidon, L50|
|poke|p2|Zamazenta-*, L50|
|poke|p2|Volcarona, L50, F|
|poke|p2|Farigiraf, L50, F|
|poke|p2|Rillaboom, L50, F|
|poke|p2|Grimmsnarl, L50, M|
|teampreview|4
|j| Tindall64
|c|☆AthenaStrive9|glhf :3
AthenaStrive9 has agreed to open team sheets.
|c| Tindall64|now this is what i want to see
|j| Watercannons1011
|c| Tindall64|glhf u 2
|c|☆AthenaStrive9|Kieran in room tour :O
|l| Watercannons1011
|c|☆AthenaStrive9|Kieran don't make me pull up the EVs for your team
21Kieran has agreed to open team sheets.
|showteam|p1|Miraidon||AssaultVest|HadronEngine|ElectroDrift,VoltSwitch,DracoMeteor,Snarl||||||50|,,,,,Electric]Terapagos||ElectricSeed|TeraShift|TeraStarstorm,EarthPower,CalmMind,Protect|||M|||50|,,,,,Stellar]Urshifu-Rapid-Strike||ChoiceScarf|UnseenFist|SurgingStrikes,CloseCombat,RainDance,Uturn|||M|||50|,,,,,Water]Incineroar||RockyHelmet|Intimidate|FakeOut,PartingShot,KnockOff,FlareBlitz|||M|||50|,,,,,Ghost]Sinistcha||FocusSash|Hospitality|ShadowBall,RagePowder,LifeDew,Protect||||||50|,,,,,Fire]Landorus||LifeOrb|SheerForce|EarthPower,SludgeBomb,Protect,SandsearStorm|||M|||50|,,,,,Poison
|showteam|p2|Miraidon||ChoiceSpecs|HadronEngine|ElectroDrift,DracoMeteor,DazzlingGleam,VoltSwitch||||||50|,,,,,Fairy]Zamazenta-Crowned||RustedShield|DauntlessShield|Protect,BodyPress,behemothbash,WideGuard||||||50|,,,,,Dragon]Volcarona||Leftovers|FlameBody|Protect,FieryDance,StruggleBug,QuiverDance|||F|||50|,,,,,Grass]Farigiraf||ElectricSeed|ArmorTail|Psychic,FoulPlay,HelpingHand,TrickRoom|||F|||50|,,,,,Water]Rillaboom||AssaultVest|GrassySurge|GrassyGlide,WoodHammer,FakeOut,Uturn|||F|||50|,,,,,Water]Grimmsnarl||LightClay|Prankster|SpiritBreak,ScaryFace,Reflect,LightScreen|||M|||50|,,,,,Ghost
|j| Iamsliverfish
|c|☆AthenaStrive9|lol
|c|☆21Kieran|insane you gotta cheat to win
|c| Iamsliverfish|hhhhhhhhhhhuh
|j| ShirtlessRayRizzo
|
|t:|1750827254
|start
|switch|p1a: Terapagos|Terapagos, L50, M|100/100
|switch|p1b: Incineroar|Incineroar, L50, M, shiny|100/100
|switch|p2a: Volcarona|Volcarona, L50, F|100/100
|switch|p2b: Miraidon|Miraidon, L50|100/100
|-activate|p1a: Terapagos|ability: Tera Shift
|detailschange|p1a: Terapagos|Terapagos-Terastal, L50, M
|-heal|p1a: Terapagos|100/100|[silent]
|-fieldstart|move: Electric Terrain|[from] ability: Hadron Engine|[of] p2b: Miraidon
|-enditem|p1a: Terapagos|Electric Seed
|-boost|p1a: Terapagos|def|1|[from] item: Electric Seed
|-ability|p1b: Incineroar|Intimidate|boost
|-unboost|p2a: Volcarona|atk|1
|-unboost|p2b: Miraidon|atk|1
|turn|1
|c|☆21Kieran|i just noticed ive been using the unnamed one
|
|t:|1750827276
|move|p1b: Incineroar|Fake Out|p2a: Volcarona
|-damage|p2a: Volcarona|87/100
|move|p2b: Miraidon|Electro Drift|p1a: Terapagos
|-activate|p1a: Terapagos|ability: Tera Shell
|-resisted|p1a: Terapagos
|-damage|p1a: Terapagos|44/100
|cant|p2a: Volcarona|flinch
|move|p1a: Terapagos|Calm Mind|p1a: Terapagos
|-boost|p1a: Terapagos|spa|1
|-boost|p1a: Terapagos|spd|1
|
|-heal|p2a: Volcarona|93/100|[from] item: Leftovers
|upkeep
|turn|2
|l| ShirtlessRayRizzo
|
|t:|1750827297
|move|p1a: Terapagos|Protect|p1a: Terapagos
|-singleturn|p1a: Terapagos|Protect
|move|p2b: Miraidon|Electro Drift|p1a: Terapagos
|-activate|p1a: Terapagos|move: Protect
|move|p2a: Volcarona|Quiver Dance|p2a: Volcarona
|-boost|p2a: Volcarona|spa|1
|-boost|p2a: Volcarona|spd|1
|-boost|p2a: Volcarona|spe|1
|move|p1b: Incineroar|Parting Shot|p2b: Miraidon
|-unboost|p2b: Miraidon|atk|1
|-unboost|p2b: Miraidon|spa|1
|
|t:|1750827304
|switch|p1b: Sinistcha|Sinistcha, L50|100/100|[from] Parting Shot
|-heal|p1a: Terapagos|69/100|[from] ability: Hospitality|[of] p1b: Sinistcha
|
|-heal|p2a: Volcarona|98/100|[from] item: Leftovers
|upkeep
|turn|3
|j| ShirtlessRayRizzo
|
|t:|1750827320
|-terastallize|p1a: Terapagos|Stellar
|detailschange|p1a: Terapagos|Terapagos-Stellar, L50, M, tera:Stellar
|-heal|p1a: Terapagos|77/100|[silent]
|-ability|p1a: Terapagos|Teraform Zero
|-fieldend|move: Electric Terrain
|move|p1b: Sinistcha|Rage Powder|p1b: Sinistcha
|-singleturn|p1b: Sinistcha|move: Rage Powder
|move|p2a: Volcarona|Struggle Bug|p1b: Sinistcha|[spread] p1a,p1b
|-damage|p1a: Terapagos|66/100
|-damage|p1b: Sinistcha|76/100
|-unboost|p1a: Terapagos|spa|1
|-unboost|p1b: Sinistcha|spa|1
|move|p2b: Miraidon|Electro Drift|p1b: Sinistcha
|-resisted|p1b: Sinistcha
|-damage|p1b: Sinistcha|52/100
|move|p1a: Terapagos|Tera Starstorm|p2b: Miraidon|[spread] p2a,p2b
|-crit|p2b: Miraidon
|-damage|p2a: Volcarona|79/100
|-damage|p2b: Miraidon|57/100
|
|-heal|p2a: Volcarona|85/100|[from] item: Leftovers
|upkeep
|turn|4
|c| Iamsliverfish|unchain
|j| sheepie_sheep
|
|t:|1750827360
|switch|p2b: Zamazenta|Zamazenta-Crowned, L50, shiny|100/100
|-ability|p2b: Zamazenta|Dauntless Shield|boost
|-boost|p2b: Zamazenta|def|1
|move|p1b: Sinistcha|Rage Powder|p1b: Sinistcha
|-singleturn|p1b: Sinistcha|move: Rage Powder
|move|p2a: Volcarona|Struggle Bug|p1b: Sinistcha|[spread] p1a,p1b
|-damage|p1a: Terapagos|54/100
|-damage|p1b: Sinistcha|30/100
|-unboost|p1a: Terapagos|spa|1
|-unboost|p1b: Sinistcha|spa|1
|move|p1a: Terapagos|Tera Starstorm|p2b: Zamazenta|[spread] p2a,p2b
|-damage|p2a: Volcarona|56/100
|-damage|p2b: Zamazenta|90/100
|
|-heal|p2a: Volcarona|61/100|[from] item: Leftovers
|upkeep
|turn|5
|j| practicesemijrlman
|c| ShirtlessRayRizzo|._.
|c| sheepie_sheep|pagossomid
|
|t:|1750827376
|switch|p1b: Incineroar|Incineroar, L50, M, shiny|100/100
|-ability|p1b: Incineroar|Intimidate|boost
|-unboost|p2a: Volcarona|atk|1
|-unboost|p2b: Zamazenta|atk|1
|move|p1a: Terapagos|Protect|p1a: Terapagos
|-singleturn|p1a: Terapagos|Protect
|move|p2a: Volcarona|Fiery Dance|p1b: Incineroar
|-resisted|p1b: Incineroar
|-damage|p1b: Incineroar|72/100
|-boost|p2a: Volcarona|spa|1
|move|p2b: Zamazenta|Body Press|p1a: Terapagos
|-activate|p1a: Terapagos|move: Protect
|
|-heal|p2a: Volcarona|67/100|[from] item: Leftovers
|upkeep
|turn|6
|c| Iamsliverfish|pagossobad
|c| sheepie_sheep|nah pagos is just mid
|
|t:|1750827413
|move|p1b: Incineroar|Fake Out|p2a: Volcarona
|-damage|p2a: Volcarona|52/100
|cant|p2a: Volcarona|flinch
|move|p2b: Zamazenta|Body Press|p1a: Terapagos
|-supereffective|p1a: Terapagos
|-damage|p1a: Terapagos|9/100
|move|p1a: Terapagos|Calm Mind|p1a: Terapagos
|-boost|p1a: Terapagos|spa|1
|-boost|p1a: Terapagos|spd|1
|
|-heal|p2a: Volcarona|58/100|[from] item: Leftovers
|upkeep
|turn|7
|c| Iamsliverfish|kieran's death (1)
|c| sheepie_sheep|its only as bad as the player using it o-o
|c| Tindall64|its aggressively mid
|
|t:|1750827439
|move|p1a: Terapagos|Protect|p1a: Terapagos
|-singleturn|p1a: Terapagos|Protect
|move|p2a: Volcarona|Fiery Dance|p1b: Incineroar
|-resisted|p1b: Incineroar
|-damage|p1b: Incineroar|33/100
|move|p2b: Zamazenta|Body Press|p1a: Terapagos
|-activate|p1a: Terapagos|move: Protect
|move|p1b: Incineroar|Parting Shot|p2a: Volcarona
|-unboost|p2a: Volcarona|atk|1
|-unboost|p2a: Volcarona|spa|1
|
|t:|1750827446
|switch|p1b: Sinistcha|Sinistcha, L50|30/100|[from] Parting Shot
|-heal|p1a: Terapagos|34/100|[from] ability: Hospitality|[of] p1b: Sinistcha
|
|-heal|p2a: Volcarona|63/100|[from] item: Leftovers
|upkeep
|turn|8
|
|t:|1750827455
|move|p1b: Sinistcha|Rage Powder|p1b: Sinistcha
|-singleturn|p1b: Sinistcha|move: Rage Powder
|move|p2a: Volcarona|Fiery Dance|p1b: Sinistcha
|-supereffective|p1b: Sinistcha
|-damage|p1b: Sinistcha|0 fnt
|-boost|p2a: Volcarona|spa|1
|faint|p1b: Sinistcha
|move|p2b: Zamazenta|Body Press|p1a: Terapagos
|-supereffective|p1a: Terapagos
|-damage|p1a: Terapagos|0 fnt
|faint|p1a: Terapagos
|detailschange|p1: Terapagos|Terapagos, L50, M|[silent]
|
|-heal|p2a: Volcarona|69/100|[from] item: Leftovers
|upkeep
|
|t:|1750827459
|switch|p1b: Miraidon|Miraidon, L50|100/100
|switch|p1a: Incineroar|Incineroar, L50, M, shiny|33/100
|-fieldstart|move: Electric Terrain|[from] ability: Hadron Engine|[of] p1b: Miraidon
|-ability|p1a: Incineroar|Intimidate|boost
|-unboost|p2a: Volcarona|atk|1
|-unboost|p2b: Zamazenta|atk|1
|turn|9
|c|☆21Kieran|ahh sold
|c| Iamsliverfish|funny thing:athena is not predicting, just clicking
|
|t:|1750827474
|move|p2a: Volcarona|Protect|p2a: Volcarona
|-singleturn|p2a: Volcarona|Protect
|move|p2b: Zamazenta|Protect|p2b: Zamazenta
|-singleturn|p2b: Zamazenta|Protect
|move|p1a: Incineroar|Fake Out|p2a: Volcarona
|-activate|p2a: Volcarona|move: Protect
|move|p1b: Miraidon|Electro Drift|p2b: Zamazenta
|-activate|p2b: Zamazenta|move: Protect
|
|-heal|p2a: Volcarona|75/100|[from] item: Leftovers
|upkeep
|turn|10
|c| sheepie_sheep|kieran you didn't sell
|c| sheepie_sheep|you just got completely played
|c| Iamsliverfish|yea you're dead
|c|☆21Kieran|regardless this is my hardest mu lol
|
|t:|1750827499
|move|p2a: Volcarona|Struggle Bug|p1b: Miraidon|[spread] p1a,p1b
|-damage|p1a: Incineroar|0 fnt
|-damage|p1b: Miraidon|82/100
|-unboost|p1b: Miraidon|spa|1
|faint|p1a: Incineroar
|move|p2b: Zamazenta|Body Press|p1b: Miraidon
|-damage|p1b: Miraidon|23/100
|move|p1b: Miraidon|Electro Drift|p2b: Zamazenta
|-damage|p2b: Zamazenta|40/100
|
|-heal|p2a: Volcarona|81/100|[from] item: Leftovers
|upkeep
|turn|11
|c| sheepie_sheep|also why tf
|c| sheepie_sheep|didn't u bring lando
|c|☆21Kieran|lando is deadbeat here
|c|☆AthenaStrive9|or Ursh
|c|☆21Kieran|ursh is also deadbeat
|c|☆AthenaStrive9|Lando and Ursh are amazing vs this team
|c|☆21Kieran|who do i take over ursh
|c| Iamsliverfish|kieran should get urshifu
|c|☆AthenaStrive9|gg
|c| Iamsliverfish|to kill volca
|c| Iamsliverfish|kieran mish
|c| sheepie_sheep|lando deadbeat into zama mirai is a crazy take
|c|☆21Kieran|lando and ursh both kinda rough here
|c| Tindall64|you doing bring turtle here lowkey
|c|☆21Kieran|because no sinis?
|c| sheepie_sheep|^^
|c|☆21Kieran|no incin
|c|☆AthenaStrive9|You relied too much on Turtle
|c|☆21Kieran|like are we geekin
|c| Tindall64|no turtle
|
|t:|1750827547
|move|p2a: Volcarona|Struggle Bug|p1b: Miraidon
|-damage|p1b: Miraidon|0 fnt
|faint|p1b: Miraidon
|
|win|AthenaStrive9
|n|☆21Kieran|21kieran
|n|☆AthenaStrive9|athenastrive9
|n| Tindall64|tindall64
|n| Iamsliverfish|iamsliverfish
|n| ShirtlessRayRizzo|shirtlessrayrizzo
|n| sheepie_sheep|sheepiesheep
|n| practicesemijrlman|practicesemijrlman
