|j|☆Anothernameagain
|j|☆Mulaticoxxx
|t:|1750824571
|gametype|doubles
|player|p1|Anothernameagain|266|1153
|player|p2|Mulaticoxxx|265|1097
|teamsize|p1|6
|teamsize|p2|6
|gen|9
|tier|[Gen 9] VGC 2025 Reg I
|rated|
|rule|Species Clause: Limit one of each Pokémon
|rule|Item Clause: Limit 1 of each item
|clearpoke
|poke|p1|Talonflame, L50, M|
|poke|p1|Miraidon, L50|
|poke|p1|Iron Hands, L50|
|poke|p1|Raichu-Alola, L50, M|
|poke|p1|Calyrex-Ice, L50|
|poke|p1|Toxapex, L50, F|
|poke|p2|Rillaboom, L50, F|
|poke|p2|Lunala, L50|
|poke|p2|Walking Wake, L50|
|poke|p2|Incineroar, L50, M|
|poke|p2|Groudon, L50|
|poke|p2|Annihilape, L50, M|
|teampreview|4
|inactive|Battle timer is ON: inactive players will automatically lose when time's up. (requested by Mulaticoxxx)
|inactive|Anothernameagain has 60 seconds left.
|inactive|Mulaticoxxx has 60 seconds left.
|
|t:|1750824606
|start
|switch|p1a: Calyrex|Calyrex-Ice, L50|100/100
|switch|p1b: Talonflame|Talonflame, L50, M|100/100
|switch|p2a: Incineroar|Incineroar, L50, M|100/100
|switch|p2b: Rillaboom|Rillaboom, L50, F|100/100
|-ability|p1a: Calyrex|As One
|-ability|p1a: Calyrex|Unnerve
|-fieldstart|move: Grassy Terrain|[from] ability: Grassy Surge|[of] p2b: Rillaboom
|-ability|p2a: Incineroar|Intimidate|boost
|-fail|p1a: Calyrex|unboost|[from] item: Clear Amulet|[of] p1a: Calyrex
|-unboost|p1b: Talonflame|atk|1
|turn|1
|inactive|Anothernameagain has 30 seconds left.
|
|t:|1750824633
|switch|p2b: Lunala|Lunala, L50|100/100
|-terastallize|p1a: Calyrex|Water
|move|p1b: Talonflame|Quick Guard|p1b: Talonflame
|-singleturn|p1b: Talonflame|Quick Guard
|move|p2a: Incineroar|Fake Out|p1a: Calyrex
|-activate|p1a: Calyrex|move: Quick Guard
|move|p1a: Calyrex|Glacial Lance|p2b: Lunala|[spread] p2a,p2b
|-resisted|p2a: Incineroar
|-damage|p2a: Incineroar|78/100
|-damage|p2b: Lunala|85/100
|
|-heal|p2b: Lunala|91/100|[from] Grassy Terrain
|-heal|p2a: Incineroar|84/100|[from] Grassy Terrain
|upkeep
|turn|2
|inactive|Mulaticoxxx has 30 seconds left.
|inactive|Mulaticoxxx has 20 seconds left.
|
|t:|1750824670
|move|p1b: Talonflame|Tailwind|p1b: Talonflame
|-sidestart|p1: Anothernameagain|move: Tailwind
|move|p1a: Calyrex|Glacial Lance|p2b: Lunala|[spread] p2a,p2b
|-resisted|p2a: Incineroar
|-damage|p2a: Incineroar|58/100
|-damage|p2b: Lunala|61/100
|move|p2b: Lunala|Moongeist Beam|p1b: Talonflame
|-damage|p1b: Talonflame|34/100
|move|p2a: Incineroar|Knock Off|p1a: Calyrex
|-damage|p1a: Calyrex|73/100
|-enditem|p1a: Calyrex|Clear Amulet|[from] move: Knock Off|[of] p2a: Incineroar
|
|-heal|p1a: Calyrex|79/100|[from] Grassy Terrain
|-heal|p2b: Lunala|67/100|[from] Grassy Terrain
|-heal|p2a: Incineroar|64/100|[from] Grassy Terrain
|upkeep
|turn|3
|inactive|Anothernameagain has 30 seconds left.
|inactive|Anothernameagain has 20 seconds left.
|
|t:|1750824707
|switch|p1b: Iron Hands|Iron Hands, L50|100/100
|move|p2b: Lunala|Wide Guard|p2b: Lunala
|-singleturn|p2b: Lunala|Wide Guard
|move|p1a: Calyrex|High Horsepower|p2a: Incineroar
|-supereffective|p2a: Incineroar
|-damage|p2a: Incineroar|0 fnt
|faint|p2a: Incineroar
|-ability|p1a: Calyrex|Chilling Neigh|boost
|-boost|p1a: Calyrex|atk|1
|
|-heal|p1a: Calyrex|84/100|[from] Grassy Terrain
|-heal|p2b: Lunala|73/100|[from] Grassy Terrain
|upkeep
|
|t:|1750824725
|switch|p2a: Rillaboom|Rillaboom, L50, F|100/100
|turn|4
|
|t:|1750824744
|switch|p2a: Annihilape|Annihilape, L50, M|100/100
|move|p1a: Calyrex|Protect|p1a: Calyrex
|-singleturn|p1a: Calyrex|Protect
|move|p2b: Lunala|Moongeist Beam|p1a: Calyrex
|-activate|p1a: Calyrex|move: Protect
|move|p1b: Iron Hands|Drain Punch|p2a: Annihilape
|-immune|p2a: Annihilape
|
|-heal|p1a: Calyrex|90/100|[from] Grassy Terrain
|-heal|p2b: Lunala|79/100|[from] Grassy Terrain
|upkeep
|turn|5
|
|t:|1750824762
|switch|p1a: Talonflame|Talonflame, L50, M|34/100
|move|p2b: Lunala|Wide Guard|p2b: Lunala
|-singleturn|p2b: Lunala|Wide Guard
|move|p2a: Annihilape|Bulk Up|p2a: Annihilape
|-boost|p2a: Annihilape|atk|1
|-boost|p2a: Annihilape|def|1
|move|p1b: Iron Hands|Earthquake|p2b: Lunala|[spread] 
|-activate|p2a: Annihilape|move: Wide Guard
|-activate|p2b: Lunala|move: Wide Guard
|-immune|p1a: Talonflame
|
|-heal|p2b: Lunala|85/100|[from] Grassy Terrain
|-sideend|p1: Anothernameagain|move: Tailwind
|-fieldend|move: Grassy Terrain
|upkeep
|turn|6
|inactive|Mulaticoxxx has 30 seconds left.
|
|t:|1750824791
|-end|p1b: Iron Hands|Quark Drive|[silent]
|switch|p1b: Miraidon|Miraidon, L50|100/100
|-fieldstart|move: Electric Terrain|[from] ability: Hadron Engine|[of] p1b: Miraidon
|-enditem|p1a: Talonflame|Electric Seed
|-boost|p1a: Talonflame|def|1|[from] item: Electric Seed
|-terastallize|p2a: Annihilape|Fire
|move|p1a: Talonflame|Tailwind|p1a: Talonflame
|-sidestart|p1: Anothernameagain|move: Tailwind
|move|p2b: Lunala|Moonblast|p1b: Miraidon
|-supereffective|p1b: Miraidon
|-damage|p1b: Miraidon|50/100
|-unboost|p1b: Miraidon|spa|1
|move|p2a: Annihilape|Rage Fist|p1a: Talonflame
|-damage|p1a: Talonflame|5/100
|
|upkeep
|turn|7
|inactive|Anothernameagain has 30 seconds left.
|
|t:|1750824823
|switch|p2b: Rillaboom|Rillaboom, L50, F|100/100
|-fieldstart|move: Grassy Terrain|[from] ability: Grassy Surge|[of] p2b: Rillaboom
|move|p1b: Miraidon|Volt Switch|p2a: Annihilape
|-damage|p2a: Annihilape|73/100
|
|t:|1750824833
|switch|p1b: Iron Hands|Iron Hands, L50|100/100|[from] Volt Switch
|move|p1a: Talonflame|Taunt|p2a: Annihilape
|-start|p2a: Annihilape|move: Taunt
|move|p2a: Annihilape|Rage Fist|p1b: Iron Hands
|-damage|p1b: Iron Hands|60/100
|
|-heal|p2a: Annihilape|79/100|[from] Grassy Terrain
|-heal|p1b: Iron Hands|66/100|[from] Grassy Terrain
|upkeep
|turn|8
|
|t:|1750824854
|switch|p2b: Lunala|Lunala, L50|85/100
|move|p1a: Talonflame|Quick Guard|p1a: Talonflame
|-singleturn|p1a: Talonflame|Quick Guard
|move|p2a: Annihilape|Rage Fist|p1b: Iron Hands
|-damage|p1b: Iron Hands|23/100
|move|p1b: Iron Hands|Earthquake|p2b: Lunala|[spread] p2a,p2b
|-immune|p1a: Talonflame
|-supereffective|p2a: Annihilape
|-damage|p2a: Annihilape|57/100
|-damage|p2b: Lunala|75/100
|
|-heal|p2b: Lunala|81/100|[from] Grassy Terrain
|-heal|p2a: Annihilape|63/100|[from] Grassy Terrain
|-heal|p1b: Iron Hands|29/100|[from] Grassy Terrain
|upkeep
|turn|9
|inactive|Mulaticoxxx has 30 seconds left.
|-message|Anothernameagain forfeited.
|
|win|Mulaticoxxx
|raw|Anothernameagain's rating: 1153 &rarr; <strong>1124</strong><br />(-29 for losing)
|raw|Mulaticoxxx's rating: 1097 &rarr; <strong>1127</strong><br />(+30 for winning)
|l|☆Anothernameagain
|player|p1|
|l|☆Mulaticoxxx
|player|p2|
