|j|☆Prasoooon
|j|☆hdlshshxvqjw
|t:|1750843140
|gametype|doubles
|player|p1|Prasoooon|red|1725
|player|p2|hdlshshxvqjw|169|1683
|teamsize|p1|6
|teamsize|p2|6
|gen|9
|tier|[Gen 9] VGC 2025 Reg I
|rated|
|rule|Species Clause: Limit one of each Pokémon
|rule|Item Clause: Limit 1 of each item
|clearpoke
|poke|p1|Calyrex-Shadow, L50|
|poke|p1|Koraidon, L50|
|poke|p1|Indeedee-F, L50, F|
|poke|p1|Ursaluna, L50, F|
|poke|p1|Smeargle, L50, F|
|poke|p1|Tornadus, L50, M|
|poke|p2|Ho-Oh, L50|
|poke|p2|Calyrex-Shadow, L50|
|poke|p2|Walking Wake, L50|
|poke|p2|Incineroar, L50, F|
|poke|p2|Landorus, L50, M|
|poke|p2|Toxapex, L50, M|
|teampreview|4
|inactive|Battle timer is ON: inactive players will automatically lose when time's up. (requested by Prasoooon)
|
|t:|1750843170
|start
|switch|p1a: Death|Calyrex-Shadow, L50|100/100
|switch|p1b: Van Gogh|Smeargle, L50, F|100/100
|switch|p2a: Ho-Oh|Ho-Oh, L50|100/100
|switch|p2b: Toxapex|Toxapex, L50, M|100/100
|-ability|p1a: Death|As One
|-ability|p1a: Death|Unnerve
|turn|1
|
|t:|1750843180
|move|p1a: Death|Nasty Plot|p1a: Death
|-boost|p1a: Death|spa|2
|move|p1b: Van Gogh|Spore|p2b: Toxapex
|-status|p2b: Toxapex|slp|[from] move: Spore
|cant|p2b: Toxapex|slp
|move|p2a: Ho-Oh|Whirlwind|p1a: Death
|drag|p1a: Royalty|Indeedee-F, L50, F|100/100
|-fieldstart|move: Psychic Terrain|[from] ability: Psychic Surge|[of] p1a: Royalty
|-enditem|p1a: Royalty|Psychic Seed
|-boost|p1a: Royalty|spd|1|[from] item: Psychic Seed
|
|-ability|p1b: Van Gogh|Moody|boost
|-boost|p1b: Van Gogh|def|2
|-unboost|p1b: Van Gogh|spa|1
|upkeep
|turn|2
|
|t:|1750843193
|switch|p1a: Death|Calyrex-Shadow, L50|100/100
|-ability|p1a: Death|As One
|-ability|p1a: Death|Unnerve
|move|p1b: Van Gogh|Spore|p2a: Ho-Oh
|-status|p2a: Ho-Oh|slp|[from] move: Spore
|cant|p2a: Ho-Oh|slp
|cant|p2b: Toxapex|slp
|
|-ability|p1b: Van Gogh|Moody|boost
|-boost|p1b: Van Gogh|atk|2
|-unboost|p1b: Van Gogh|spd|1
|upkeep
|turn|3
|
|t:|1750843216
|-terastallize|p2b: Toxapex|Dark
|move|p1a: Death|Expanding Force|p2b: Toxapex|[spread] p2a
|-immune|p2b: Toxapex
|-damage|p2a: Ho-Oh|52/100 slp
|-damage|p1a: Death|91/100|[from] item: Life Orb
|move|p1b: Van Gogh|Decorate|p1a: Death
|-boost|p1a: Death|atk|2
|-boost|p1a: Death|spa|2
|-curestatus|p2b: Toxapex|slp|[msg]
|move|p2b: Toxapex|Toxic Spikes|p1b: Van Gogh
|-sidestart|p1: Prasoooon|move: Toxic Spikes
|cant|p2a: Ho-Oh|slp
|
|-ability|p1b: Van Gogh|Moody|boost
|-boost|p1b: Van Gogh|def|2
|-unboost|p1b: Van Gogh|spa|1
|upkeep
|turn|4
|
|t:|1750843232
|move|p2b: Toxapex|Wide Guard|p2b: Toxapex
|-singleturn|p2b: Toxapex|Wide Guard
|move|p1a: Death|Astral Barrage|p2a: Ho-Oh|[spread] 
|-activate|p2a: Ho-Oh|move: Wide Guard
|-activate|p2b: Toxapex|move: Wide Guard
|move|p1b: Van Gogh|Spore|p2b: Toxapex
|-status|p2b: Toxapex|slp|[from] move: Spore
|-curestatus|p2a: Ho-Oh|slp|[msg]
|move|p2a: Ho-Oh|Whirlwind|p1a: Death
|drag|p1a: Royalty|Indeedee-F, L50, F|100/100
|-status|p1a: Royalty|psn
|
|-damage|p1a: Royalty|88/100 psn|[from] psn
|-ability|p1b: Van Gogh|Moody|boost
|-boost|p1b: Van Gogh|spe|2
|-unboost|p1b: Van Gogh|spd|1
|upkeep
|turn|5
|
|t:|1750843249
|move|p1b: Van Gogh|Decorate|p1a: Royalty
|-boost|p1a: Royalty|atk|2
|-boost|p1a: Royalty|spa|2
|move|p2a: Ho-Oh|Recover|p2a: Ho-Oh
|-heal|p2a: Ho-Oh|100/100
|move|p1a: Royalty|Alluring Voice|p2b: Toxapex
|-supereffective|p2b: Toxapex
|-damage|p2b: Toxapex|50/100 slp
|cant|p2b: Toxapex|slp
|
|-damage|p1a: Royalty|76/100 psn|[from] psn
|-fieldend|move: Psychic Terrain
|-ability|p1b: Van Gogh|Moody|boost
|-boost|p1b: Van Gogh|def|2
|-unboost|p1b: Van Gogh|spd|1
|upkeep
|turn|6
|
|t:|1750843264
|switch|p2b: Incineroar|Incineroar, L50, F|100/100
|-ability|p2b: Incineroar|Intimidate|boost
|-unboost|p1a: Royalty|atk|1
|-unboost|p1b: Van Gogh|atk|1
|move|p1b: Van Gogh|Spore|p2a: Ho-Oh
|-status|p2a: Ho-Oh|slp|[from] move: Spore
|cant|p2a: Ho-Oh|slp
|move|p1a: Royalty|Alluring Voice|p2b: Incineroar
|-damage|p2b: Incineroar|79/100
|
|-damage|p1a: Royalty|63/100 psn|[from] psn
|-ability|p1b: Van Gogh|Moody|boost
|-boost|p1b: Van Gogh|spe|2
|-unboost|p1b: Van Gogh|spd|1
|upkeep
|turn|7
|
|t:|1750843276
|-terastallize|p1a: Royalty|Fairy
|move|p1b: Van Gogh|Spore|p2b: Incineroar
|-status|p2b: Incineroar|slp|[from] move: Spore
|cant|p2a: Ho-Oh|slp
|move|p1a: Royalty|Alluring Voice|p2b: Incineroar
|-damage|p2b: Incineroar|48/100 slp
|cant|p2b: Incineroar|slp
|
|-damage|p1a: Royalty|51/100 psn|[from] psn
|-ability|p1b: Van Gogh|Moody|boost
|-boost|p1b: Van Gogh|spd|2
|-unboost|p1b: Van Gogh|spe|1
|upkeep
|turn|8
|
|t:|1750843293
|move|p1b: Van Gogh|Decorate|p1a: Royalty
|-boost|p1a: Royalty|atk|2
|-boost|p1a: Royalty|spa|2
|cant|p2a: Ho-Oh|slp
|move|p1a: Royalty|Alluring Voice|p2b: Incineroar
|-damage|p2b: Incineroar|0 fnt
|faint|p2b: Incineroar
|
|-damage|p1a: Royalty|38/100 psn|[from] psn
|-ability|p1b: Van Gogh|Moody|boost
|-boost|p1b: Van Gogh|spd|2
|-unboost|p1b: Van Gogh|spa|1
|upkeep
|
|t:|1750843304
|switch|p2b: Calyrex|Calyrex-Shadow, L50|100/100
|-ability|p2b: Calyrex|As One
|-ability|p2b: Calyrex|Unnerve
|turn|9
|
|t:|1750843322
|move|p2b: Calyrex|Protect|p2b: Calyrex
|-singleturn|p2b: Calyrex|Protect
|move|p1b: Van Gogh|Wide Guard|p1b: Van Gogh
|-singleturn|p1b: Van Gogh|Wide Guard
|move|p1a: Royalty|Alluring Voice|p2b: Calyrex
|-activate|p2b: Calyrex|move: Protect
|-curestatus|p2a: Ho-Oh|slp|[msg]
|move|p2a: Ho-Oh|Whirlwind|p1b: Van Gogh
|drag|p1b: Orange|Koraidon, L50|100/100
|-status|p1b: Orange|psn
|-weather|SunnyDay|[from] ability: Orichalcum Pulse|[of] p1b: Orange
|-activate|p1b: Orange|Orichalcum Pulse|[source]
|
|-weather|SunnyDay|[upkeep]
|-damage|p1b: Orange|88/100 psn|[from] psn
|-damage|p1a: Royalty|26/100 psn|[from] psn
|upkeep
|turn|10
|
|t:|1750843338
|move|p1b: Orange|Flare Blitz|p2b: Calyrex
|-enditem|p2b: Calyrex|Focus Sash
|-damage|p2b: Calyrex|1/100
|-damage|p1b: Orange|52/100 psn|[from] Recoil
|move|p2b: Calyrex|Astral Barrage|p1b: Orange|[spread] p1a,p1b
|-damage|p1a: Royalty|0 fnt
|-damage|p1b: Orange|0 fnt
|faint|p1a: Royalty
|faint|p1b: Orange
|-ability|p2b: Calyrex|Grim Neigh|boost
|-boost|p2b: Calyrex|spa|2
|move|p2a: Ho-Oh|Sacred Fire|p1: Royalty|[notarget]
|-fail|p2a: Ho-Oh
|
|-weather|SunnyDay|[upkeep]
|upkeep
|
|t:|1750843345
|switch|p1b: Death|Calyrex-Shadow, L50|91/100
|switch|p1a: Van Gogh|Smeargle, L50, F|100/100
|-ability|p1b: Death|As One
|-ability|p1b: Death|Unnerve
|-status|p1b: Death|psn
|-status|p1a: Van Gogh|psn
|turn|11
|
|t:|1750843366
|move|p2b: Calyrex|Protect|p2b: Calyrex
|-singleturn|p2b: Calyrex|Protect
|move|p1b: Death|Astral Barrage|p2a: Ho-Oh|[spread] p2a
|-activate|p2b: Calyrex|move: Protect
|-damage|p2a: Ho-Oh|64/100
|-damage|p1b: Death|81/100 psn|[from] item: Life Orb
|move|p1a: Van Gogh|Spore|p2a: Ho-Oh
|-status|p2a: Ho-Oh|slp|[from] move: Spore
|cant|p2a: Ho-Oh|slp
|
|-weather|SunnyDay|[upkeep]
|-damage|p1b: Death|69/100 psn|[from] psn
|-damage|p1a: Van Gogh|88/100 psn|[from] psn
|-ability|p1a: Van Gogh|Moody|boost
|-boost|p1a: Van Gogh|spa|2
|-unboost|p1a: Van Gogh|def|1
|upkeep
|turn|12
|inactive|hdlshshxvqjw has 30 seconds left.
|
|t:|1750843391
|switch|p2a: Toxapex|Toxapex, L50, M, tera:Dark|83/100 slp
|move|p2b: Calyrex|Encore|p1a: Van Gogh
|-start|p1a: Van Gogh|Encore
|move|p1b: Death|Astral Barrage|p2b: Calyrex|[spread] p2a,p2b
|-resisted|p2a: Toxapex
|-supereffective|p2b: Calyrex
|-damage|p2a: Toxapex|60/100 slp
|-damage|p2b: Calyrex|0 fnt
|faint|p2b: Calyrex
|-ability|p1b: Death|Grim Neigh|boost
|-boost|p1b: Death|spa|1
|-damage|p1b: Death|59/100 psn|[from] item: Life Orb
|move|p1a: Van Gogh|Spore|p2a: Toxapex
|-fail|p2a: Toxapex|slp
|
|-weather|SunnyDay|[upkeep]
|-damage|p1b: Death|47/100 psn|[from] psn
|-damage|p1a: Van Gogh|76/100 psn|[from] psn
|-ability|p1a: Van Gogh|Moody|boost
|-boost|p1a: Van Gogh|spa|2
|-unboost|p1a: Van Gogh|atk|1
|upkeep
|
|t:|1750843398
|switch|p2b: Ho-Oh|Ho-Oh, L50|97/100 slp
|turn|13
|
|t:|1750843406
|cant|p2a: Toxapex|slp
|move|p1b: Death|Astral Barrage|p2b: Ho-Oh|[spread] p2a,p2b
|-resisted|p2a: Toxapex
|-crit|p2b: Ho-Oh
|-damage|p2a: Toxapex|21/100 slp
|-damage|p2b: Ho-Oh|12/100 slp
|-damage|p1b: Death|37/100 psn|[from] item: Life Orb
|move|p1a: Van Gogh|Spore||[still]
|-fail|p1a: Van Gogh
|-curestatus|p2b: Ho-Oh|slp|[msg]
|move|p2b: Ho-Oh|Sacred Fire|p1b: Death
|-damage|p1b: Death|0 fnt
|faint|p1b: Death
|
|-weather|none
|-damage|p1a: Van Gogh|63/100 psn|[from] psn
|-ability|p1a: Van Gogh|Moody|boost
|-boost|p1a: Van Gogh|def|2
|-unboost|p1a: Van Gogh|atk|1
|upkeep
|turn|14
|-message|Prasoooon forfeited.
|
|win|hdlshshxvqjw
|raw|Prasoooon's rating: 1725 &rarr; <strong>1703</strong><br />(-22 for losing)
|raw|hdlshshxvqjw's rating: 1683 &rarr; <strong>1705</strong><br />(+22 for winning)
|l|☆Prasoooon
|player|p1|
|l|☆hdlshshxvqjw
|player|p2|
