|j|☆PalitinhoPJL
|j|☆suc vat vk
|t:|1750845883
|gametype|doubles
|player|p1|PalitinhoPJL|silver|1183
|player|p2|suc vat vk|kimonogirl|1173
|teamsize|p1|6
|teamsize|p2|6
|gen|9
|tier|[Gen 9] VGC 2025 Reg I
|rated|
|rule|Species Clause: Limit one of each Pokémon
|rule|Item Clause: Limit 1 of each item
|clearpoke
|poke|p1|Calyrex-Ice, L50|
|poke|p1|Iron Valiant, L50|
|poke|p1|Porygon2, L50|
|poke|p1|Amoonguss, L50, M|
|poke|p1|Thundurus, L50, M|
|poke|p1|Palkia-Origin, L50|
|poke|p2|Incineroar, L50, M|
|poke|p2|Grimmsnarl, L50, M|
|poke|p2|Lunala, L50|
|poke|p2|Ogerpon-Hearthflame, L50, F|
|poke|p2|Koraidon, L50|
|poke|p2|Chien-Pao, L50|
|teampreview|4
|inactive|Battle timer is ON: inactive players will automatically lose when time's up. (requested by PalitinhoPJL)
|
|t:|1750845922
|start
|switch|p1a: Enel|Thundurus, L50, M|100/100
|switch|p1b: Sus|Amoonguss, L50, M, shiny|100/100
|switch|p2a: Lunala|Lunala, L50|100/100
|switch|p2b: Ogerpon|Ogerpon-Hearthflame, L50, F|100/100
|-ability|p2b: Ogerpon|Mold Breaker
|turn|1
|inactive|suc vat vk has 30 seconds left.
|
|t:|1750845951
|move|p1a: Enel|Rain Dance|p1a: Enel
|-weather|RainDance
|move|p2b: Ogerpon|Ivy Cudgel|p1b: Sus|[anim] Ivy Cudgel Fire
|-supereffective|p1b: Sus
|-damage|p1b: Sus|52/100
|move|p2a: Lunala|Calm Mind|p2a: Lunala
|-boost|p2a: Lunala|spa|1
|-boost|p2a: Lunala|spd|1
|move|p1b: Sus|Spore|p2a: Lunala
|-status|p2a: Lunala|slp|[from] move: Spore
|
|-weather|RainDance|[upkeep]
|upkeep
|turn|2
|
|t:|1750845970
|switch|p1b: Pocoto|Calyrex-Ice, L50|100/100
|-ability|p1b: Pocoto|As One
|-ability|p1b: Pocoto|Unnerve
|move|p1a: Enel|Thunder Wave|p2b: Ogerpon
|-status|p2b: Ogerpon|par
|cant|p2a: Lunala|slp
|move|p2b: Ogerpon|Ivy Cudgel|p1b: Pocoto|[anim] Ivy Cudgel Fire
|-supereffective|p1b: Pocoto
|-damage|p1b: Pocoto|68/100
|
|-weather|RainDance|[upkeep]
|-heal|p1b: Pocoto|73/100|[from] item: Leftovers
|upkeep
|turn|3
|
|t:|1750845987
|switch|p2b: Incineroar|Incineroar, L50, M, shiny|100/100
|-ability|p2b: Incineroar|Intimidate|boost
|-unboost|p1a: Enel|atk|1
|-unboost|p1b: Pocoto|atk|1
|cant|p2a: Lunala|slp
|move|p1a: Enel|Wildbolt Storm|p2b: Incineroar|[spread] p2a,p2b
|-damage|p2a: Lunala|94/100 slp
|-damage|p2b: Incineroar|84/100
|-status|p2b: Incineroar|par
|move|p1b: Pocoto|Leech Seed|p2a: Lunala
|-start|p2a: Lunala|move: Leech Seed
|
|-weather|RainDance|[upkeep]
|-heal|p2a: Lunala|100/100 slp|[from] item: Leftovers
|-heal|p1b: Pocoto|79/100|[from] item: Leftovers
|-damage|p2a: Lunala|88/100 slp|[from] Leech Seed|[of] p1b: Pocoto
|-heal|p1b: Pocoto|94/100|[silent]
|upkeep
|turn|4
|
|t:|1750846005
|-terastallize|p1b: Pocoto|Water
|move|p1a: Enel|Wildbolt Storm|p2a: Lunala|[spread] p2a,p2b
|-damage|p2a: Lunala|73/100 slp
|-damage|p2b: Incineroar|66/100 par
|-curestatus|p2a: Lunala|slp|[msg]
|move|p2a: Lunala|Calm Mind|p2a: Lunala
|-boost|p2a: Lunala|spa|1
|-boost|p2a: Lunala|spd|1
|move|p2b: Incineroar|Knock Off|p1b: Pocoto
|-damage|p1b: Pocoto|68/100
|-enditem|p1b: Pocoto|Leftovers|[from] move: Knock Off|[of] p2b: Incineroar
|move|p1b: Pocoto|Trick Room|p1b: Pocoto
|-fieldstart|move: Trick Room|[of] p1b: Pocoto
|
|-weather|RainDance|[upkeep]
|-heal|p2a: Lunala|80/100|[from] item: Leftovers
|-damage|p2a: Lunala|67/100|[from] Leech Seed|[of] p1b: Pocoto
|-heal|p1b: Pocoto|82/100|[silent]
|upkeep
|turn|5
|
|t:|1750846021
|move|p1a: Enel|Thunder Wave|p2a: Lunala
|-status|p2a: Lunala|par
|move|p2b: Incineroar|U-turn|p1b: Pocoto
|-damage|p1b: Pocoto|71/100
|
|t:|1750846027
|switch|p2b: Grimmsnarl|Grimmsnarl, L50, M, shiny|100/100|[from] U-turn
|move|p1b: Pocoto|Glacial Lance|p2a: Lunala|[spread] p2a,p2b
|-damage|p2a: Lunala|45/100 par
|-damage|p2b: Grimmsnarl|56/100
|move|p2a: Lunala|Moongeist Beam|p1b: Pocoto
|-damage|p1b: Pocoto|11/100
|
|-weather|none
|-heal|p2a: Lunala|51/100 par|[from] item: Leftovers
|-damage|p2a: Lunala|39/100 par|[from] Leech Seed|[of] p1b: Pocoto
|-heal|p1b: Pocoto|25/100|[silent]
|upkeep
|turn|6
|
|t:|1750846036
|switch|p1a: Sus|Amoonguss, L50, M, shiny|85/100
|move|p1b: Pocoto|Protect|p1b: Pocoto
|-singleturn|p1b: Pocoto|Protect
|move|p2b: Grimmsnarl|Reflect|p2b: Grimmsnarl
|-sidestart|p2: suc vat vk|Reflect
|move|p2a: Lunala|Moongeist Beam|p1a: Sus
|-damage|p1a: Sus|11/100
|
|-heal|p2a: Lunala|45/100 par|[from] item: Leftovers
|-damage|p2a: Lunala|33/100 par|[from] Leech Seed|[of] p1b: Pocoto
|-heal|p1b: Pocoto|40/100|[silent]
|upkeep
|turn|7
|inactive|suc vat vk has 30 seconds left.
|
|t:|1750846070
|cant|p2a: Lunala|par
|move|p2b: Grimmsnarl|Parting Shot|p1b: Pocoto
|-unboost|p1b: Pocoto|atk|1
|-unboost|p1b: Pocoto|spa|1
|
|t:|1750846073
|switch|p2b: Incineroar|Incineroar, L50, M, shiny|66/100 par|[from] Parting Shot
|-ability|p2b: Incineroar|Intimidate|boost
|-unboost|p1a: Sus|atk|1
|-unboost|p1b: Pocoto|atk|1
|move|p1a: Sus|Pollen Puff|p1b: Pocoto
|-heal|p1b: Pocoto|89/100
|move|p1b: Pocoto|Glacial Lance|p2b: Incineroar|[spread] p2a,p2b
|-resisted|p2b: Incineroar
|-damage|p2a: Lunala|23/100 par
|-damage|p2b: Incineroar|59/100 par
|
|-heal|p2a: Lunala|29/100 par|[from] item: Leftovers
|-damage|p2a: Lunala|17/100 par|[from] Leech Seed|[of] p1b: Pocoto
|-heal|p1b: Pocoto|100/100|[silent]
|upkeep
|turn|8
|
|t:|1750846091
|switch|p1b: Enel|Thundurus, L50, M|100/100
|move|p2b: Incineroar|U-turn|p1a: Sus
|-damage|p1a: Sus|0 fnt
|-damage|p2b: Incineroar|43/100 par|[from] item: Rocky Helmet|[of] p1a: Sus
|faint|p1a: Sus
|
|t:|1750846095
|switch|p2b: Ogerpon|Ogerpon-Hearthflame, L50, F|100/100 par|[from] U-turn
|-ability|p2b: Ogerpon|Mold Breaker
|move|p2a: Lunala|Moongeist Beam|p1b: Enel
|-damage|p1b: Enel|11/100
|
|-heal|p2a: Lunala|23/100 par|[from] item: Leftovers
|-damage|p2a: Lunala|11/100 par|[from] Leech Seed|[of] p1b: Enel
|-heal|p1b: Enel|27/100|[silent]
|-fieldend|move: Trick Room
|upkeep
|
|t:|1750846100
|switch|p1a: Pocoto|Calyrex-Ice, L50, tera:Water|100/100
|-ability|p1a: Pocoto|As One
|-ability|p1a: Pocoto|Unnerve
|turn|9
|
|t:|1750846113
|-terastallize|p2b: Ogerpon|Fire
|detailschange|p2b: Ogerpon|Ogerpon-Hearthflame-Tera, L50, F, tera:Fire
|-ability|p2b: Ogerpon|Embody Aspect (Hearthflame)|boost
|-boost|p2b: Ogerpon|atk|1
|move|p1a: Pocoto|Protect|p1a: Pocoto
|-singleturn|p1a: Pocoto|Protect
|move|p1b: Enel|Wildbolt Storm|p2b: Ogerpon|[spread] p2a,p2b
|-damage|p2a: Lunala|0 fnt
|-damage|p2b: Ogerpon|63/100 par
|faint|p2a: Lunala
|move|p2b: Ogerpon|Wood Hammer|p1a: Pocoto
|-activate|p1a: Pocoto|move: Protect
|
|upkeep
|
|t:|1750846132
|switch|p2a: Incineroar|Incineroar, L50, M, shiny|43/100 par
|-ability|p2a: Incineroar|Intimidate|boost
|-unboost|p1a: Pocoto|atk|1
|-unboost|p1b: Enel|atk|1
|turn|10
|
|t:|1750846139
|switch|p1a: Samurai do futuro|Iron Valiant, L50|100/100
|-enditem|p1a: Samurai do futuro|Booster Energy
|-activate|p1a: Samurai do futuro|ability: Quark Drive|[fromitem]
|-start|p1a: Samurai do futuro|quarkdrivespe
|cant|p2a: Incineroar|par
|move|p1b: Enel|Rain Dance|p1b: Enel
|-weather|RainDance
|move|p2b: Ogerpon|Wood Hammer|p1a: Samurai do futuro
|-damage|p1a: Samurai do futuro|0 fnt
|faint|p1a: Samurai do futuro
|-end|p1a: Samurai do futuro|Quark Drive|[silent]
|-damage|p2b: Ogerpon|26/100 par|[from] Recoil
|
|-weather|RainDance|[upkeep]
|upkeep
|
|t:|1750846150
|switch|p1a: Pocoto|Calyrex-Ice, L50, tera:Water|100/100
|-ability|p1a: Pocoto|As One
|-ability|p1a: Pocoto|Unnerve
|turn|11
|
|t:|1750846160
|move|p1b: Enel|Wildbolt Storm|p2a: Incineroar|[spread] p2a,p2b
|-damage|p2a: Incineroar|26/100 par
|-damage|p2b: Ogerpon|0 fnt
|faint|p2b: Ogerpon
|detailschange|p2: Ogerpon|Ogerpon-Hearthflame, L50, F|[silent]
|move|p1a: Pocoto|Glacial Lance|p2a: Incineroar
|-resisted|p2a: Incineroar
|-damage|p2a: Incineroar|7/100 par
|move|p2a: Incineroar|Knock Off|p1b: Enel
|-damage|p1b: Enel|0 fnt
|-enditem|p1b: Enel|Covert Cloak|[from] move: Knock Off|[of] p2a: Incineroar
|faint|p1b: Enel
|
|-weather|RainDance|[upkeep]
|upkeep
|inactive|suc vat vk has 30 seconds left.
|inactive|suc vat vk has 20 seconds left.
|inactive|suc vat vk has 15 seconds left.
|inactive|suc vat vk has 10 seconds left.
|inactive|suc vat vk has 5 seconds left.
|
|t:|1750846215
|switch|p2b: Grimmsnarl|Grimmsnarl, L50, M, shiny|56/100
|turn|12
|inactive|suc vat vk has 30 seconds left.
|inactive|suc vat vk has 20 seconds left.
|inactive|suc vat vk has 15 seconds left.
|inactive|suc vat vk has 10 seconds left.
|inactive|suc vat vk has 5 seconds left.
|
|t:|1750846270
|move|p2a: Incineroar|Fake Out||[still]
|-hint|Fake Out only works on your first turn out.
|-fail|p2a: Incineroar
|move|p2b: Grimmsnarl|Light Screen|p2b: Grimmsnarl
|-sidestart|p2: suc vat vk|move: Light Screen
|move|p1a: Pocoto|Leech Seed|p2b: Grimmsnarl
|-start|p2b: Grimmsnarl|move: Leech Seed
|
|-weather|RainDance|[upkeep]
|-damage|p2b: Grimmsnarl|44/100|[from] Leech Seed|[of] p1a: Pocoto
|upkeep
|turn|13
|inactive|suc vat vk has 30 seconds left.
|inactive|suc vat vk has 20 seconds left.
|inactive|suc vat vk has 15 seconds left.
|inactive|suc vat vk has 10 seconds left.
|inactive|suc vat vk has 5 seconds left.
|
|t:|1750846325
|move|p2a: Incineroar|Fake Out||[still]
|-hint|Fake Out only works on your first turn out.
|-fail|p2a: Incineroar
|move|p2b: Grimmsnarl|Light Screen||[still]
|-fail|p2b: Grimmsnarl
|move|p1a: Pocoto|Glacial Lance|p2b: Grimmsnarl|[spread] p2a,p2b
|-resisted|p2a: Incineroar
|-damage|p2a: Incineroar|0 fnt
|-damage|p2b: Grimmsnarl|0 fnt
|faint|p2a: Incineroar
|faint|p2b: Grimmsnarl
|
|win|PalitinhoPJL
|raw|PalitinhoPJL's rating: 1183 &rarr; <strong>1207</strong><br />(+24 for winning)
|raw|suc vat vk's rating: 1173 &rarr; <strong>1149</strong><br />(-24 for losing)
