|j|☆Like Texas
|j|☆Hallowfire
|t:|1750721644
|gametype|doubles
|player|p1|Like Texas|silver-gen2|1454
|player|p2|Hallowfire|gambler|1514
|teamsize|p1|6
|teamsize|p2|6
|gen|9
|tier|[Gen 9] VGC 2025 Reg I
|rated|
|rule|Species Clause: Limit one of each Pokémon
|rule|Item Clause: Limit 1 of each item
|clearpoke
|poke|p1|Grimmsnarl, L50, M|
|poke|p1|Miraidon, L50|
|poke|p1|Calyrex-Ice, L50|
|poke|p1|Incineroar, L50, M|
|poke|p1|Ursaluna, L50, M|
|poke|p1|Urshifu-*, L50, F|
|poke|p2|Miraidon, L50|
|poke|p2|Groudon, L50|
|poke|p2|Volcarona, L50, M|
|poke|p2|Iron Hands, L50|
|poke|p2|Chien-Pao, L50|
|poke|p2|Ogerpon-Cornerstone, L50, F|
|teampreview|4
|inactive|Battle timer is ON: inactive players will automatically lose when time's up. (requested by Like Texas)
Like Texas has agreed to open team sheets.
|
|t:|1750721702
|start
|switch|p1a: Calyrex|Calyrex-Ice, L50|100/100
|switch|p1b: Incineroar|Incineroar, L50, M, shiny|100/100
|switch|p2a: Volcarona|Volcarona, L50, M|100/100
|switch|p2b: Iron Hands|Iron Hands, L50|100/100
|-ability|p1a: Calyrex|As One
|-ability|p1a: Calyrex|Unnerve
|-ability|p1b: Incineroar|Intimidate|boost
|-unboost|p2a: Volcarona|atk|1
|-unboost|p2b: Iron Hands|atk|1
|turn|1
|inactive|Like Texas has 30 seconds left.
|inactive|Like Texas has 20 seconds left.
|
|t:|1750721744
|move|p1a: Calyrex|Protect|p1a: Calyrex
|-singleturn|p1a: Calyrex|Protect
|move|p2b: Iron Hands|Fake Out|p1a: Calyrex
|-activate|p1a: Calyrex|move: Protect
|move|p2a: Volcarona|Quiver Dance|p2a: Volcarona
|-boost|p2a: Volcarona|spa|1
|-boost|p2a: Volcarona|spd|1
|-boost|p2a: Volcarona|spe|1
|move|p1b: Incineroar|Will-O-Wisp|p2b: Iron Hands
|-status|p2b: Iron Hands|brn
|
|-damage|p2b: Iron Hands|94/100 brn|[from] brn
|upkeep
|turn|2
|inactive|Hallowfire has 30 seconds left.
|
|t:|1750721775
|-terastallize|p1a: Calyrex|Water
|move|p2a: Volcarona|Fiery Dance|p1a: Calyrex
|-resisted|p1a: Calyrex
|-damage|p1a: Calyrex|86/100
|-boost|p2a: Volcarona|spa|1
|move|p1b: Incineroar|Parting Shot|p2a: Volcarona
|-unboost|p2a: Volcarona|atk|1
|-unboost|p2a: Volcarona|spa|1
|
|t:|1750721784
|switch|p1b: Grimmsnarl|Grimmsnarl, L50, M, shiny|100/100|[from] Parting Shot
|move|p1a: Calyrex|Leech Seed|p2a: Volcarona
|-start|p2a: Volcarona|move: Leech Seed
|move|p2b: Iron Hands|Low Kick|p1b: Grimmsnarl
|-damage|p1b: Grimmsnarl|85/100
|
|-heal|p1a: Calyrex|92/100|[from] item: Leftovers
|-damage|p2a: Volcarona|88/100|[from] Leech Seed|[of] p1a: Calyrex
|-heal|p1a: Calyrex|100/100|[silent]
|-damage|p2b: Iron Hands|88/100 brn|[from] brn
|upkeep
|turn|3
|
|t:|1750721806
|switch|p2a: Miraidon|Miraidon, L50|100/100
|-fieldstart|move: Electric Terrain|[from] ability: Hadron Engine|[of] p2a: Miraidon
|-activate|p2b: Iron Hands|ability: Quark Drive
|-start|p2b: Iron Hands|quarkdriveatk
|move|p1b: Grimmsnarl|Light Screen|p1b: Grimmsnarl
|-sidestart|p1: Like Texas|move: Light Screen
|move|p1a: Calyrex|Leech Seed|p2b: Iron Hands
|-start|p2b: Iron Hands|move: Leech Seed
|move|p2b: Iron Hands|Wild Charge|p1a: Calyrex
|-supereffective|p1a: Calyrex
|-damage|p1a: Calyrex|66/100
|-damage|p2b: Iron Hands|81/100 brn|[from] Recoil
|
|-heal|p1a: Calyrex|72/100|[from] item: Leftovers
|-damage|p2b: Iron Hands|68/100 brn|[from] Leech Seed|[of] p1a: Calyrex
|-heal|p1a: Calyrex|86/100|[silent]
|-damage|p2b: Iron Hands|62/100 brn|[from] brn
|upkeep
|turn|4
|inactive|Like Texas has 30 seconds left.
|
|t:|1750721832
|-end|p2b: Iron Hands|Quark Drive|[silent]
|switch|p2b: Volcarona|Volcarona, L50, M|88/100
|-enditem|p2b: Volcarona|Electric Seed
|-boost|p2b: Volcarona|def|1|[from] item: Electric Seed
|move|p1a: Calyrex|Protect|p1a: Calyrex
|-singleturn|p1a: Calyrex|Protect
|move|p2a: Miraidon|Volt Switch|p1b: Grimmsnarl
|-damage|p1b: Grimmsnarl|38/100
|-damage|p2a: Miraidon|91/100|[from] item: Life Orb
|
|t:|1750721837
|switch|p2a: Ogerpon|Ogerpon-Cornerstone, L50, F|100/100|[from] Volt Switch
|move|p1b: Grimmsnarl|Spirit Break|p2a: Ogerpon
|-damage|p2a: Ogerpon|66/100
|-unboost|p2a: Ogerpon|spa|1
|
|-heal|p1a: Calyrex|92/100|[from] item: Leftovers
|upkeep
|turn|5
|inactive|Hallowfire has 30 seconds left.
|
|t:|1750721872
|switch|p1a: Incineroar|Incineroar, L50, M, shiny|100/100
|-ability|p1a: Incineroar|Intimidate|boost
|-unboost|p2a: Ogerpon|atk|1
|-unboost|p2b: Volcarona|atk|1
|-terastallize|p2a: Ogerpon|Rock
|detailschange|p2a: Ogerpon|Ogerpon-Cornerstone-Tera, L50, F, tera:Rock
|-ability|p2a: Ogerpon|Embody Aspect (Cornerstone)|boost
|-boost|p2a: Ogerpon|def|1
|move|p1b: Grimmsnarl|Thunder Wave|p2a: Ogerpon
|-status|p2a: Ogerpon|par
|move|p2b: Volcarona|Fiery Dance|p1b: Grimmsnarl
|-damage|p1b: Grimmsnarl|15/100
|-boost|p2b: Volcarona|spa|1
|move|p2a: Ogerpon|Ivy Cudgel|p1a: Incineroar|[anim] Ivy Cudgel Rock
|-supereffective|p1a: Incineroar
|-damage|p1a: Incineroar|23/100
|
|upkeep
|turn|6
|inactive|Like Texas has 30 seconds left.
|inactive|Hallowfire has 30 seconds left.
|
|t:|1750721903
|move|p1b: Grimmsnarl|Reflect|p1b: Grimmsnarl
|-sidestart|p1: Like Texas|Reflect
|move|p2b: Volcarona|Struggle Bug|p1a: Incineroar|[spread] p1a,p1b
|-damage|p1a: Incineroar|5/100
|-damage|p1b: Grimmsnarl|0 fnt
|-unboost|p1a: Incineroar|spa|1
|faint|p1b: Grimmsnarl
|cant|p2a: Ogerpon|par
|move|p1a: Incineroar|Parting Shot|p2b: Volcarona
|-unboost|p2b: Volcarona|atk|1
|-unboost|p2b: Volcarona|spa|1
|
|t:|1750721914
|switch|p1a: Miraidon|Miraidon, L50|100/100|[from] Parting Shot
|-activate|p1a: Miraidon|ability: Hadron Engine
|
|upkeep
|
|t:|1750721920
|switch|p1b: Incineroar|Incineroar, L50, M, shiny|5/100
|-ability|p1b: Incineroar|Intimidate|boost
|-unboost|p2a: Ogerpon|atk|1
|-unboost|p2b: Volcarona|atk|1
|turn|7
|
|t:|1750721943
|switch|p2b: Iron Hands|Iron Hands, L50|62/100 brn
|-activate|p2b: Iron Hands|ability: Quark Drive
|-start|p2b: Iron Hands|quarkdriveatk
|move|p2a: Ogerpon|Spiky Shield|p2a: Ogerpon
|-singleturn|p2a: Ogerpon|move: Protect
|move|p1b: Incineroar|Fake Out|p2a: Ogerpon
|-activate|p2a: Ogerpon|move: Protect
|-damage|p1b: Incineroar|0 fnt|[from] Spiky Shield|[of] p2a: Ogerpon
|faint|p1b: Incineroar
|move|p1a: Miraidon|Draco Meteor|p2b: Iron Hands
|-damage|p2b: Iron Hands|9/100 brn
|-unboost|p1a: Miraidon|spa|2
|
|-damage|p2b: Iron Hands|3/100 brn|[from] brn
|-fieldend|move: Electric Terrain
|-end|p2b: Iron Hands|Quark Drive
|upkeep
|
|t:|1750721961
|switch|p1b: Calyrex|Calyrex-Ice, L50, tera:Water|92/100
|-ability|p1b: Calyrex|As One
|-ability|p1b: Calyrex|Unnerve
|turn|8
|
|t:|1750721975
|move|p1b: Calyrex|Protect|p1b: Calyrex
|-singleturn|p1b: Calyrex|Protect
|move|p2b: Iron Hands|Fake Out|p1b: Calyrex
|-activate|p1b: Calyrex|move: Protect
|move|p1a: Miraidon|Electro Drift|p2a: Ogerpon
|-damage|p2a: Ogerpon|35/100 par
|cant|p2a: Ogerpon|par
|
|-heal|p1b: Calyrex|98/100|[from] item: Leftovers
|-damage|p2b: Iron Hands|0 fnt|[from] brn
|faint|p2b: Iron Hands
|-end|p2b: Iron Hands|Quark Drive|[silent]
|upkeep
|
|t:|1750721979
|switch|p2b: Miraidon|Miraidon, L50|91/100
|-fieldstart|move: Electric Terrain|[from] ability: Hadron Engine|[of] p2b: Miraidon
|turn|9
|
|t:|1750721999
|move|p2a: Ogerpon|Follow Me|p2a: Ogerpon
|-singleturn|p2a: Ogerpon|move: Follow Me
|move|p2b: Miraidon|Electro Drift|p1b: Calyrex
|-supereffective|p1b: Calyrex
|-damage|p1b: Calyrex|0 fnt
|faint|p1b: Calyrex
|-damage|p2b: Miraidon|81/100|[from] item: Life Orb
|move|p1a: Miraidon|Draco Meteor|p2a: Ogerpon
|-damage|p2a: Ogerpon|0 fnt
|-unboost|p1a: Miraidon|spa|2
|faint|p2a: Ogerpon
|detailschange|p2: Ogerpon|Ogerpon-Cornerstone, L50, F|[silent]
|
|upkeep
|
|t:|1750722004
|switch|p2a: Volcarona|Volcarona, L50, M|88/100
|turn|10
|c|☆Hallowfire|gg
|-message|Like Texas forfeited.
|
|win|Hallowfire
|raw|Like Texas's rating: 1454 &rarr; <strong>1437</strong><br />(-17 for losing)
|raw|Hallowfire's rating: 1514 &rarr; <strong>1531</strong><br />(+17 for winning)
|l|☆Like Texas
|player|p1|
