|j|☆regieternal
|j|☆robbie_valentino
|t:|1750879392
|gametype|doubles
|player|p1|regieternal|102|1076
|player|p2|robbie_valentino|265|1052
|teamsize|p1|6
|teamsize|p2|6
|gen|9
|tier|[Gen 9] VGC 2025 Reg I
|rated|
|rule|Species Clause: Limit one of each Pokémon
|rule|Item Clause: Limit 1 of each item
|clearpoke
|poke|p1|Terapagos, L50, M|
|poke|p1|Calyrex-Shadow, L50|
|poke|p1|Urshifu-*, L50, M|
|poke|p1|Smeargle, L50, F|
|poke|p1|Rillaboom, L50, M|
|poke|p1|Incineroar, L50, M|
|poke|p2|Serperior, L50, F|
|poke|p2|Chi-Yu, L50|
|poke|p2|Grimmsnarl, L50, M|
|poke|p2|Incineroar, L50, F|
|poke|p2|Urshifu-*, L50, M|
|poke|p2|Miraidon, L50|
|teampreview|4
|inactive|Battle timer is ON: inactive players will automatically lose when time's up. (requested by regieternal)
|
|t:|1750879415
|start
|switch|p1a: Incineroar|Incineroar, L50, M|100/100
|switch|p1b: Terapagos|Terapagos, L50, M|100/100
|switch|p2a: Chi-Yu|Chi-Yu, L50|100/100
|switch|p2b: Incineroar|Incineroar, L50, F|100/100
|-activate|p1b: Terapagos|ability: Tera Shift
|detailschange|p1b: Terapagos|Terapagos-Terastal, L50, M
|-heal|p1b: Terapagos|100/100|[silent]
|-ability|p2a: Chi-Yu|Beads of Ruin
|-ability|p2b: Incineroar|Intimidate|boost
|-unboost|p1a: Incineroar|atk|1
|-unboost|p1b: Terapagos|atk|1
|-ability|p1a: Incineroar|Intimidate|boost
|-unboost|p2a: Chi-Yu|atk|1
|-unboost|p2b: Incineroar|atk|1
|turn|1
|
|t:|1750879438
|move|p1b: Terapagos|Protect|p1b: Terapagos
|-singleturn|p1b: Terapagos|Protect
|move|p2b: Incineroar|Fake Out|p1a: Incineroar
|-damage|p1a: Incineroar|94/100
|cant|p1a: Incineroar|flinch
|move|p2a: Chi-Yu|Heat Wave|p1b: Terapagos|[spread] p1a
|-activate|p1b: Terapagos|move: Protect
|-resisted|p1a: Incineroar
|-damage|p1a: Incineroar|68/100
|
|upkeep
|turn|2
|
|t:|1750879458
|switch|p2a: Miraidon|Miraidon, L50|100/100
|-fieldstart|move: Electric Terrain|[from] ability: Hadron Engine|[of] p2a: Miraidon
|move|p2b: Incineroar|U-turn|p1a: Incineroar
|-damage|p1a: Incineroar|57/100
|
|t:|1750879464
|switch|p2b: Urshifu|Urshifu-Rapid-Strike, L50, M|100/100|[from] U-turn
|move|p1b: Terapagos|Calm Mind|p1b: Terapagos
|-boost|p1b: Terapagos|spa|1
|-boost|p1b: Terapagos|spd|1
|move|p1a: Incineroar|Parting Shot|p2a: Miraidon
|-unboost|p2a: Miraidon|atk|1
|-unboost|p2a: Miraidon|spa|1
|
|t:|1750879479
|switch|p1a: Calyrex|Calyrex-Shadow, L50|100/100|[from] Parting Shot
|-ability|p1a: Calyrex|As One
|-ability|p1a: Calyrex|Unnerve
|
|upkeep
|turn|3
|
|t:|1750879489
|move|p1b: Terapagos|Protect|p1b: Terapagos
|-singleturn|p1b: Terapagos|Protect
|move|p1a: Calyrex|Astral Barrage|p2b: Urshifu|[spread] p2a,p2b
|-damage|p2a: Miraidon|56/100
|-damage|p2b: Urshifu|30/100
|-damage|p1a: Calyrex|91/100|[from] item: Life Orb
|move|p2a: Miraidon|Volt Switch|p1b: Terapagos
|-activate|p1b: Terapagos|move: Protect
|move|p2b: Urshifu|Close Combat|p1b: Terapagos
|-activate|p1b: Terapagos|ability: Tera Shell
|-resisted|p1b: Terapagos
|-damage|p1b: Terapagos|59/100
|-unboost|p2b: Urshifu|def|1
|-unboost|p2b: Urshifu|spd|1
|
|-heal|p1b: Terapagos|65/100|[from] item: Leftovers
|upkeep
|turn|4
|
|t:|1750879513
|switch|p2b: Incineroar|Incineroar, L50, F|100/100
|-ability|p2b: Incineroar|Intimidate|boost
|-unboost|p1a: Calyrex|atk|1
|-unboost|p1b: Terapagos|atk|1
|-terastallize|p1b: Terapagos|Stellar
|detailschange|p1b: Terapagos|Terapagos-Stellar, L50, M, tera:Stellar
|-heal|p1b: Terapagos|74/100|[silent]
|-ability|p1b: Terapagos|Teraform Zero
|-fieldend|move: Electric Terrain
|move|p1a: Calyrex|Astral Barrage|p2a: Miraidon|[spread] p2a,p2b
|-resisted|p2b: Incineroar
|-crit|p2b: Incineroar
|-damage|p2a: Miraidon|14/100
|-damage|p2b: Incineroar|66/100
|-damage|p1a: Calyrex|81/100|[from] item: Life Orb
|move|p2a: Miraidon|Volt Switch|p1b: Terapagos
|-damage|p1b: Terapagos|59/100
|
|t:|1750879530
|switch|p2a: Chi-Yu|Chi-Yu, L50|100/100|[from] Volt Switch
|-ability|p2a: Chi-Yu|Beads of Ruin
|move|p1b: Terapagos|Tera Starstorm|p2a: Chi-Yu|[spread] p2a,p2b
|-damage|p2a: Chi-Yu|29/100
|-damage|p2b: Incineroar|13/100
|
|-heal|p1b: Terapagos|65/100|[from] item: Leftovers
|upkeep
|turn|5
|
|t:|1750879550
|move|p1a: Calyrex|Protect|p1a: Calyrex
|-singleturn|p1a: Calyrex|Protect
|move|p2b: Incineroar|Fake Out|p1b: Terapagos
|-damage|p1b: Terapagos|57/100
|move|p2a: Chi-Yu|Dark Pulse|p1a: Calyrex
|-activate|p1a: Calyrex|move: Protect
|cant|p1b: Terapagos|flinch
|
|-heal|p1b: Terapagos|64/100|[from] item: Leftovers
|upkeep
|turn|6
|
|t:|1750879575
|switch|p1a: Incineroar|Incineroar, L50, M|57/100
|-ability|p1a: Incineroar|Intimidate|boost
|-unboost|p2a: Chi-Yu|atk|1
|-unboost|p2b: Incineroar|atk|1
|move|p1b: Terapagos|Protect|p1b: Terapagos
|-singleturn|p1b: Terapagos|Protect
|move|p2a: Chi-Yu|Dark Pulse|p1a: Incineroar
|-resisted|p1a: Incineroar
|-damage|p1a: Incineroar|29/100
|-enditem|p1a: Incineroar|Sitrus Berry|[eat]
|-heal|p1a: Incineroar|54/100|[from] item: Sitrus Berry
|move|p2b: Incineroar|U-turn|p1a: Incineroar
|-damage|p1a: Incineroar|42/100
|
|t:|1750879587
|switch|p2b: Urshifu|Urshifu-Rapid-Strike, L50, M|30/100|[from] U-turn
|
|-heal|p1b: Terapagos|70/100|[from] item: Leftovers
|upkeep
|turn|7
|
|t:|1750879600
|move|p1a: Incineroar|Fake Out|p2b: Urshifu
|-damage|p2b: Urshifu|18/100
|move|p2a: Chi-Yu|Dark Pulse|p1b: Terapagos
|-damage|p1b: Terapagos|44/100
|move|p1b: Terapagos|Tera Starstorm|p2a: Chi-Yu|[spread] p2a,p2b
|-damage|p2a: Chi-Yu|0 fnt
|-damage|p2b: Urshifu|0 fnt
|faint|p2a: Chi-Yu
|faint|p2b: Urshifu
|
|-heal|p1b: Terapagos|50/100|[from] item: Leftovers
|upkeep
|
|t:|1750879608
|switch|p2a: Miraidon|Miraidon, L50|14/100
|switch|p2b: Incineroar|Incineroar, L50, F|13/100
|-fieldstart|move: Electric Terrain|[from] ability: Hadron Engine|[of] p2a: Miraidon
|-ability|p2b: Incineroar|Intimidate|boost
|-unboost|p1a: Incineroar|atk|1
|-unboost|p1b: Terapagos|atk|1
|turn|8
|
|t:|1750879630
|move|p1b: Terapagos|Protect|p1b: Terapagos
|-singleturn|p1b: Terapagos|Protect
|move|p2b: Incineroar|Fake Out|p1a: Incineroar
|-damage|p1a: Incineroar|32/100
|move|p2a: Miraidon|Electro Drift|p1b: Terapagos
|-activate|p1b: Terapagos|move: Protect
|cant|p1a: Incineroar|flinch
|
|-heal|p1b: Terapagos|57/100|[from] item: Leftovers
|upkeep
|turn|9
|
|t:|1750879644
|move|p2a: Miraidon|Electro Drift|p1b: Terapagos
|-damage|p1b: Terapagos|2/100
|move|p2b: Incineroar|Flare Blitz|p1a: Incineroar
|-resisted|p1a: Incineroar
|-damage|p1a: Incineroar|10/100
|-damage|p2b: Incineroar|5/100|[from] Recoil
|move|p1b: Terapagos|Tera Starstorm|p2a: Miraidon|[spread] p2a,p2b
|-damage|p2a: Miraidon|0 fnt
|-damage|p2b: Incineroar|0 fnt
|faint|p2a: Miraidon
|faint|p2b: Incineroar
|
|win|regieternal
|raw|regieternal's rating: 1076 &rarr; <strong>1103</strong><br />(+27 for winning)
|raw|robbie_valentino's rating: 1052 &rarr; <strong>1035</strong><br />(-17 for losing)
|l|☆robbie_valentino
|player|p2|
