|j|☆ClumbsyLilBeach
|j|☆Lupe_King
|t:|1750795836
|gametype|doubles
|player|p1|ClumbsyLilBeach|jasmine|1338
|player|p2|Lupe_King|gentleman-gen4dp|1345
|teamsize|p1|6
|teamsize|p2|6
|gen|9
|tier|[Gen 9] VGC 2025 Reg I
|rated|
|rule|Species Clause: Limit one of each Pokémon
|rule|Item Clause: Limit 1 of each item
|clearpoke
|poke|p1|Chien-Pao, L50|
|poke|p1|Koraidon, L50|
|poke|p1|Ho-Oh, L50|
|poke|p1|Dragonite, L50, M|
|poke|p1|Empoleon, L50, F|
|poke|p1|Whimsicott, L50, F|
|poke|p2|Iron Bundle, L50|
|poke|p2|Grimmsnarl, L50, M|
|poke|p2|Miraidon, L50|
|poke|p2|Zacian-*, L50|
|poke|p2|Pelipper, L50, F|
|poke|p2|Sneasler, L50, F|
|teampreview|4
|inactive|Battle timer is ON: inactive players will automatically lose when time's up. (requested by ClumbsyLilBeach)
Lupe_King rejected open team sheets.
|inactive|Lupe_King has 60 seconds left.
|inactive|Lupe_King has 30 seconds left.
|
|t:|1750795902
|start
|switch|p1a: Whimsicott|Whimsicott, L50, F|100/100
|switch|p1b: Ho-Oh|Ho-Oh, L50|100/100
|switch|p2a: Miraidon|Miraidon, L50|100/100
|switch|p2b: Grimmsnarl|Grimmsnarl, L50, M|100/100
|-fieldstart|move: Electric Terrain|[from] ability: Hadron Engine|[of] p2a: Miraidon
|turn|1
|
|t:|1750795927
|-terastallize|p1b: Ho-Oh|Ground
|move|p1a: Whimsicott|Tailwind|p1a: Whimsicott
|-sidestart|p1: ClumbsyLilBeach|move: Tailwind
|move|p2b: Grimmsnarl|Reflect|p2b: Grimmsnarl
|-sidestart|p2: Lupe_King|Reflect
|move|p1b: Ho-Oh|Earthquake|p2a: Miraidon|[spread] p1a,p2a,p2b
|-resisted|p1a: Whimsicott
|-supereffective|p2a: Miraidon
|-crit|p2a: Miraidon
|-damage|p1a: Whimsicott|78/100
|-damage|p2a: Miraidon|0 fnt
|-damage|p2b: Grimmsnarl|70/100
|faint|p2a: Miraidon
|
|upkeep
|
|t:|1750795944
|switch|p2a: Sneasler|Sneasler, L50, F|100/100
|-enditem|p2a: Sneasler|Electric Seed
|-boost|p2a: Sneasler|def|1|[from] item: Electric Seed
|turn|2
|
|t:|1750795968
|move|p1a: Whimsicott|Sunny Day|p1a: Whimsicott
|-weather|SunnyDay
|move|p2a: Sneasler|Dire Claw|p1a: Whimsicott
|-supereffective|p1a: Whimsicott
|-damage|p1a: Whimsicott|0 fnt
|faint|p1a: Whimsicott
|move|p1b: Ho-Oh|Sacred Fire|p2a: Sneasler
|-damage|p2a: Sneasler|31/100
|move|p2b: Grimmsnarl|Foul Play|p1b: Ho-Oh
|-damage|p1b: Ho-Oh|52/100
|
|-weather|SunnyDay|[upkeep]
|upkeep
|
|t:|1750795983
|switch|p1a: Koraidon|Koraidon, L50|100/100
|-activate|p1a: Koraidon|ability: Orichalcum Pulse
|turn|3
|inactive|Lupe_King has 30 seconds left.
|
|t:|1750796009
|move|p1a: Koraidon|Protect|p1a: Koraidon
|-singleturn|p1a: Koraidon|Protect
|move|p2a: Sneasler|Protect|p2a: Sneasler
|-singleturn|p2a: Sneasler|Protect
|move|p2b: Grimmsnarl|Thunder Wave|p1a: Koraidon
|-activate|p1a: Koraidon|move: Protect
|move|p1b: Ho-Oh|Earthquake|p2b: Grimmsnarl|[spread] p2b
|-activate|p1a: Koraidon|move: Protect
|-activate|p2a: Sneasler|move: Protect
|-damage|p2b: Grimmsnarl|39/100
|
|-weather|SunnyDay|[upkeep]
|upkeep
|turn|4
|inactive|ClumbsyLilBeach has 30 seconds left.
|inactive|ClumbsyLilBeach has 20 seconds left.
|
|t:|1750796048
|move|p2b: Grimmsnarl|Thunder Wave|p1a: Koraidon|[miss]
|-miss|p2b: Grimmsnarl|p1a: Koraidon
|move|p1a: Koraidon|Flame Charge|p2b: Grimmsnarl
|-damage|p2b: Grimmsnarl|6/100
|-boost|p1a: Koraidon|spe|1
|-damage|p1a: Koraidon|91/100|[from] item: Life Orb
|move|p2a: Sneasler|Close Combat|p1b: Ho-Oh
|-damage|p1b: Ho-Oh|0 fnt
|-unboost|p2a: Sneasler|def|1
|-unboost|p2a: Sneasler|spd|1
|faint|p1b: Ho-Oh
|
|-weather|SunnyDay|[upkeep]
|-sideend|p1: ClumbsyLilBeach|move: Tailwind
|upkeep
|
|t:|1750796063
|switch|p1b: Chien-Pao|Chien-Pao, L50|100/100
|-ability|p1b: Chien-Pao|Sword of Ruin
|turn|5
|inactive|Lupe_King has 30 seconds left.
|inactive|Lupe_King has 20 seconds left.
|inactive|Lupe_King has 15 seconds left.
|
|t:|1750796104
|move|p1a: Koraidon|Protect|p1a: Koraidon
|-singleturn|p1a: Koraidon|Protect
|move|p2b: Grimmsnarl|Thunder Wave|p1a: Koraidon
|-activate|p1a: Koraidon|move: Protect
|move|p2a: Sneasler|Close Combat|p1b: Chien-Pao
|-supereffective|p1b: Chien-Pao
|-enditem|p1b: Chien-Pao|Focus Sash
|-damage|p1b: Chien-Pao|1/100
|-unboost|p2a: Sneasler|def|1
|-unboost|p2a: Sneasler|spd|1
|move|p1b: Chien-Pao|Ice Spinner|p2b: Grimmsnarl
|-damage|p2b: Grimmsnarl|0 fnt
|-fieldend|move: Electric Terrain
|faint|p2b: Grimmsnarl
|
|-weather|SunnyDay|[upkeep]
|-sideend|p2: Lupe_King|Reflect
|upkeep
|
|t:|1750796119
|switch|p2b: Zacian|Zacian-Crowned, L50|100/100
|-ability|p2b: Zacian|Intrepid Sword|boost
|-boost|p2b: Zacian|atk|1
|turn|6
|inactive|Lupe_King has 30 seconds left.
|inactive|Lupe_King has 20 seconds left.
|
|t:|1750796157
|move|p2a: Sneasler|Protect|p2a: Sneasler
|-singleturn|p2a: Sneasler|Protect
|move|p2b: Zacian|Protect|p2b: Zacian
|-singleturn|p2b: Zacian|Protect
|move|p1b: Chien-Pao|Sucker Punch||[still]
|-fail|p1b: Chien-Pao
|move|p1a: Koraidon|Flare Blitz|p2b: Zacian
|-activate|p2b: Zacian|move: Protect
|
|-weather|none
|upkeep
|turn|7
|
|t:|1750796182
|-terastallize|p2b: Zacian|Fairy
|move|p2a: Sneasler|Fake Out||[still]
|-hint|Fake Out only works on your first turn out.
|-fail|p2a: Sneasler
|move|p1b: Chien-Pao|Sucker Punch||[still]
|-fail|p1b: Chien-Pao
|move|p1a: Koraidon|Close Combat|p2b: Zacian
|-resisted|p2b: Zacian
|-damage|p2b: Zacian|49/100
|-unboost|p1a: Koraidon|def|1
|-unboost|p1a: Koraidon|spd|1
|-damage|p1a: Koraidon|81/100|[from] item: Life Orb
|move|p2b: Zacian|Sacred Sword|p1b: Chien-Pao
|-supereffective|p1b: Chien-Pao
|-damage|p1b: Chien-Pao|0 fnt
|faint|p1b: Chien-Pao
|
|upkeep
|turn|8
|
|t:|1750796204
|move|p2a: Sneasler|Close Combat|p1a: Koraidon
|-damage|p1a: Koraidon|0 fnt
|-unboost|p2a: Sneasler|def|1
|-unboost|p2a: Sneasler|spd|1
|faint|p1a: Koraidon
|
|win|Lupe_King
|raw|ClumbsyLilBeach's rating: 1338 &rarr; <strong>1318</strong><br />(-20 for losing)
|raw|Lupe_King's rating: 1345 &rarr; <strong>1365</strong><br />(+20 for winning)
|l|☆ClumbsyLilBeach
|player|p1|
