|j|☆nuggs54
|j|☆boi7264
|t:|1750830448
|gametype|doubles
|player|p1|nuggs54|169|1147
|player|p2|boi7264|266|1243
|teamsize|p1|6
|teamsize|p2|6
|gen|9
|tier|[Gen 9] VGC 2025 Reg I
|rated|
|rule|Species Clause: Limit one of each Pokémon
|rule|Item Clause: Limit 1 of each item
|clearpoke
|poke|p1|Zekrom, L50|
|poke|p1|Calyrex-Ice, L50|
|poke|p1|Volcarona, L50, M|
|poke|p1|Porygon2, L50|
|poke|p1|Landorus, L50, M|
|poke|p1|Chien-Pao, L50|
|poke|p2|Zacian-*, L50|
|poke|p2|Grimmsnarl, L50, M|
|poke|p2|Kyogre, L50|
|poke|p2|Ludicolo, L50, F|
|poke|p2|Sneasler, L50, M|
|poke|p2|Incineroar, L50, M|
|teampreview|4
|inactive|Battle timer is ON: inactive players will automatically lose when time's up. (requested by boi7264)
|
|t:|1750830490
|start
|switch|p1a: Volcarona|Volcarona, L50, M|100/100
|switch|p1b: Calyrex|Calyrex-Ice, L50|100/100
|switch|p2a: Grimmsnarl|Grimmsnarl, L50, M|100/100
|switch|p2b: Zacian|Zacian-Crowned, L50|100/100
|-ability|p1b: Calyrex|As One
|-ability|p1b: Calyrex|Unnerve
|-ability|p2b: Zacian|Intrepid Sword|boost
|-boost|p2b: Zacian|atk|1
|turn|1
|
|t:|1750830515
|switch|p1b: Landorus|Landorus, L50, M|100/100
|move|p1a: Volcarona|Rage Powder|p1a: Volcarona
|-singleturn|p1a: Volcarona|move: Rage Powder
|move|p2a: Grimmsnarl|Light Screen|p2a: Grimmsnarl
|-sidestart|p2: boi7264|move: Light Screen
|move|p2b: Zacian|Behemoth Blade|p1a: Volcarona
|-resisted|p1a: Volcarona
|-damage|p1a: Volcarona|60/100
|-damage|p2b: Zacian|84/100|[from] item: Rocky Helmet|[of] p1a: Volcarona
|
|upkeep
|turn|2
|
|t:|1750830538
|move|p2b: Zacian|Protect|p2b: Zacian
|-singleturn|p2b: Zacian|Protect
|move|p2a: Grimmsnarl|Thunder Wave|p1a: Volcarona
|-status|p1a: Volcarona|par
|move|p1b: Landorus|Earth Power|p2b: Zacian
|-activate|p2b: Zacian|move: Protect
|move|p1a: Volcarona|Overheat|p2b: Zacian
|-activate|p2b: Zacian|move: Protect
|
|upkeep
|turn|3
|
|t:|1750830553
|move|p1a: Volcarona|Rage Powder|p1a: Volcarona
|-singleturn|p1a: Volcarona|move: Rage Powder
|move|p2b: Zacian|Play Rough|p1a: Volcarona
|-resisted|p1a: Volcarona
|-damage|p1a: Volcarona|25/100 par
|-damage|p2b: Zacian|68/100|[from] item: Rocky Helmet|[of] p1a: Volcarona
|move|p1b: Landorus|Earth Power|p2b: Zacian
|-supereffective|p2b: Zacian
|-damage|p2b: Zacian|0 fnt
|faint|p2b: Zacian
|move|p2a: Grimmsnarl|Spirit Break|p1a: Volcarona
|-resisted|p1a: Volcarona
|-damage|p1a: Volcarona|13/100 par
|-unboost|p1a: Volcarona|spa|1
|-damage|p2a: Grimmsnarl|84/100|[from] item: Rocky Helmet|[of] p1a: Volcarona
|
|upkeep
|
|t:|1750830562
|switch|p2b: Kyogre|Kyogre, L50|100/100
|-weather|RainDance|[from] ability: Drizzle|[of] p2b: Kyogre
|turn|4
|
|t:|1750830581
|cant|p1a: Volcarona|par
|move|p2b: Kyogre|Water Spout|p1b: Landorus|[spread] p1a,p1b
|-supereffective|p1a: Volcarona
|-supereffective|p1b: Landorus
|-damage|p1a: Volcarona|0 fnt
|-damage|p1b: Landorus|0 fnt
|faint|p1a: Volcarona
|faint|p1b: Landorus
|move|p2a: Grimmsnarl|Spirit Break|p1: Volcarona|[notarget]
|-fail|p2a: Grimmsnarl
|
|-weather|RainDance|[upkeep]
|upkeep
|
|t:|1750830585
|switch|p1a: Zekrom|Zekrom, L50|100/100
|switch|p1b: Calyrex|Calyrex-Ice, L50|100/100
|-ability|p1b: Calyrex|As One
|-ability|p1b: Calyrex|Unnerve
|-ability|p1a: Zekrom|Teravolt
|turn|5
|inactive|boi7264 has 30 seconds left.
|
|t:|1750830610
|-terastallize|p1b: Calyrex|Water
|move|p2a: Grimmsnarl|Reflect|p2a: Grimmsnarl
|-sidestart|p2: boi7264|Reflect
|move|p2b: Kyogre|Water Spout|p1a: Zekrom|[spread] p1a,p1b
|-resisted|p1a: Zekrom
|-resisted|p1b: Calyrex
|-damage|p1a: Zekrom|52/100
|-damage|p1b: Calyrex|73/100
|move|p1a: Zekrom|Fusion Bolt|p2b: Kyogre
|-supereffective|p2b: Kyogre
|-damage|p2b: Kyogre|29/100
|move|p1b: Calyrex|Glacial Lance|p2b: Kyogre|[spread] p2a,p2b
|-resisted|p2b: Kyogre
|-damage|p2a: Grimmsnarl|39/100
|-damage|p2b: Kyogre|14/100
|
|-weather|RainDance|[upkeep]
|-heal|p1b: Calyrex|79/100|[from] item: Leftovers
|upkeep
|turn|6
|
|t:|1750830630
|move|p1a: Zekrom|Protect|p1a: Zekrom
|-singleturn|p1a: Zekrom|Protect
|move|p2a: Grimmsnarl|Thunder Wave|p1b: Calyrex
|-status|p1b: Calyrex|par
|move|p2b: Kyogre|Water Spout|p1b: Calyrex|[spread] p1b
|-activate|p1a: Zekrom|move: Protect
|-resisted|p1b: Calyrex
|-damage|p1b: Calyrex|76/100 par
|cant|p1b: Calyrex|par
|
|-weather|RainDance|[upkeep]
|-heal|p1b: Calyrex|82/100 par|[from] item: Leftovers
|upkeep
|turn|7
|inactive|boi7264 has 30 seconds left.
|
|t:|1750830656
|move|p2b: Kyogre|Water Spout|p1b: Calyrex|[spread] p1a,p1b
|-resisted|p1a: Zekrom
|-resisted|p1b: Calyrex
|-damage|p1a: Zekrom|46/100
|-damage|p1b: Calyrex|78/100 par
|move|p1a: Zekrom|Fusion Bolt|p2a: Grimmsnarl
|-crit|p2a: Grimmsnarl
|-damage|p2a: Grimmsnarl|0 fnt
|faint|p2a: Grimmsnarl
|cant|p1b: Calyrex|par
|
|-weather|RainDance|[upkeep]
|-heal|p1b: Calyrex|84/100 par|[from] item: Leftovers
|upkeep
|
|t:|1750830659
|switch|p2a: Ludicolo|Ludicolo, L50, F|100/100
|turn|8
|
|t:|1750830672
|-terastallize|p2a: Ludicolo|Fire
|cant|p1b: Calyrex|par
|move|p2a: Ludicolo|Energy Ball|p1b: Calyrex
|-supereffective|p1b: Calyrex
|-damage|p1b: Calyrex|36/100 par
|move|p2b: Kyogre|Water Spout|p1b: Calyrex|[spread] p1a,p1b
|-resisted|p1a: Zekrom
|-resisted|p1b: Calyrex
|-damage|p1a: Zekrom|39/100
|-damage|p1b: Calyrex|32/100 par
|move|p1a: Zekrom|Dragon Dance|p1a: Zekrom
|-boost|p1a: Zekrom|atk|1
|-boost|p1a: Zekrom|spe|1
|
|-weather|none
|-heal|p1b: Calyrex|38/100 par|[from] item: Leftovers
|-sideend|p2: boi7264|move: Light Screen
|upkeep
|turn|9
|
|t:|1750830693
|cant|p1b: Calyrex|par
|move|p1a: Zekrom|Fusion Bolt|p2a: Ludicolo
|-damage|p2a: Ludicolo|0 fnt
|faint|p2a: Ludicolo
|move|p2b: Kyogre|Water Spout|p1b: Calyrex|[spread] p1a,p1b
|-resisted|p1a: Zekrom
|-resisted|p1b: Calyrex
|-damage|p1a: Zekrom|36/100
|-damage|p1b: Calyrex|36/100 par
|
|-heal|p1b: Calyrex|42/100 par|[from] item: Leftovers
|upkeep
|turn|10
|-message|boi7264 forfeited.
|
|win|nuggs54
|raw|nuggs54's rating: 1147 &rarr; <strong>1179</strong><br />(+32 for winning)
|raw|boi7264's rating: 1243 &rarr; <strong>1211</strong><br />(-32 for losing)
|l|☆boi7264
|player|p2|
|l|☆nuggs54
|player|p1|
