|j|☆jamesisnotcooking
|j|☆SillyTree
|t:|1750870610
|gametype|doubles
|player|p1|jamesisnotcooking|169|1219
|player|p2|SillyTree|birdkeeper|1132
|teamsize|p1|6
|teamsize|p2|6
|gen|9
|tier|[Gen 9] VGC 2025 Reg I
|rated|
|rule|Species Clause: Limit one of each Pokémon
|rule|Item Clause: Limit 1 of each item
|clearpoke
|poke|p1|Miraidon, L50|
|poke|p1|Zamazenta-*, L50|
|poke|p1|Raichu-Alola, L50, M|
|poke|p1|Iron Hands, L50|
|poke|p1|Brute Bonnet, L50|
|poke|p1|Iron Moth, L50|
|poke|p2|Miraidon, L50|
|poke|p2|Zamazenta-*, L50|
|poke|p2|Gengar, L50, M|
|poke|p2|Whimsicott, L50, M|
|poke|p2|Chien-Pao, L50|
|poke|p2|Iron Hands, L50|
|teampreview|4
jamesisnotcooking rejected open team sheets.
|inactive|Battle timer is ON: inactive players will automatically lose when time's up. (requested by jamesisnotcooking)
|
|t:|1750870634
|start
|switch|p1a: Miraidon|Miraidon, L50|100/100
|switch|p1b: Raichu|Raichu-Alola, L50, M|100/100
|switch|p2a: Gengar|Gengar, L50, M|100/100
|switch|p2b: Whimsicott|Whimsicott, L50, M|100/100
|-fieldstart|move: Electric Terrain|[from] ability: Hadron Engine|[of] p1a: Miraidon
|turn|1
|inactive|jamesisnotcooking has 30 seconds left.
|
|t:|1750870663
|move|p1b: Raichu|Fake Out|p2b: Whimsicott
|-damage|p2b: Whimsicott|91/100
|move|p2b: Whimsicott|Tailwind|p2b: Whimsicott
|-sidestart|p2: SillyTree|move: Tailwind
|move|p2a: Gengar|Destiny Bond|p2a: Gengar
|-singlemove|p2a: Gengar|Destiny Bond
|move|p1a: Miraidon|Volt Switch|p2b: Whimsicott
|-resisted|p2b: Whimsicott
|-crit|p2b: Whimsicott
|-damage|p2b: Whimsicott|7/100
|
|t:|1750870674
|switch|p1a: Iron Hands|Iron Hands, L50|100/100|[from] Volt Switch
|-activate|p1a: Iron Hands|ability: Quark Drive
|-start|p1a: Iron Hands|quarkdriveatk
|
|upkeep
|turn|2
|inactive|SillyTree has 30 seconds left.
|
|t:|1750870700
|move|p1a: Iron Hands|Fake Out|p2b: Whimsicott
|-damage|p2b: Whimsicott|0 fnt
|faint|p2b: Whimsicott
|move|p1b: Raichu|Encore|p2a: Gengar
|-start|p2a: Gengar|Encore
|move|p2a: Gengar|Destiny Bond||[still]
|-fail|p2a: Gengar
|
|upkeep
|
|t:|1750870709
|switch|p2b: Zamazenta|Zamazenta-Crowned, L50|100/100
|-ability|p2b: Zamazenta|Dauntless Shield|boost
|-boost|p2b: Zamazenta|def|1
|turn|3
|
|t:|1750870724
|switch|p2a: Miraidon|Miraidon, L50|100/100
|-activate|p2a: Miraidon|ability: Hadron Engine
|-terastallize|p2b: Zamazenta|Dragon
|move|p1b: Raichu|Volt Switch|p2a: Miraidon
|-resisted|p2a: Miraidon
|-damage|p2a: Miraidon|93/100
|
|t:|1750870732
|switch|p1b: Miraidon|Miraidon, L50|100/100|[from] Volt Switch
|-activate|p1b: Miraidon|ability: Hadron Engine
|move|p2b: Zamazenta|Body Press|p1a: Iron Hands
|-damage|p1a: Iron Hands|48/100
|move|p1a: Iron Hands|Close Combat|p2b: Zamazenta
|-damage|p2b: Zamazenta|64/100
|-unboost|p1a: Iron Hands|def|1
|-unboost|p1a: Iron Hands|spd|1
|
|upkeep
|turn|4
|
|t:|1750870748
|-end|p1a: Iron Hands|Quark Drive|[silent]
|switch|p1a: Raichu|Raichu-Alola, L50, M|100/100
|-terastallize|p1b: Miraidon|Fairy
|move|p2a: Miraidon|Dazzling Gleam|p1a: Raichu|[spread] p1a,p1b
|-damage|p1a: Raichu|47/100
|-damage|p1b: Miraidon|65/100
|move|p2b: Zamazenta|Behemoth Bash|p1b: Miraidon
|-supereffective|p1b: Miraidon
|-damage|p1b: Miraidon|0 fnt
|faint|p1b: Miraidon
|
|-sideend|p2: SillyTree|move: Tailwind
|upkeep
|
|t:|1750870759
|switch|p1b: Zamazenta|Zamazenta-Crowned, L50|100/100
|-ability|p1b: Zamazenta|Dauntless Shield|boost
|-boost|p1b: Zamazenta|def|1
|turn|5
|inactive|jamesisnotcooking has 30 seconds left.
|
|t:|1750870785
|move|p1a: Raichu|Fake Out|p2a: Miraidon
|-damage|p2a: Miraidon|85/100
|cant|p2a: Miraidon|flinch
|move|p2b: Zamazenta|Behemoth Bash|p1a: Raichu
|-resisted|p1a: Raichu
|-damage|p1a: Raichu|10/100
|move|p1b: Zamazenta|Body Press|p2a: Miraidon
|-damage|p2a: Miraidon|5/100
|
|-fieldend|move: Electric Terrain
|upkeep
|turn|6
|inactive|jamesisnotcooking has 30 seconds left.
|
|t:|1750870810
|move|p2a: Miraidon|Dazzling Gleam|p1b: Zamazenta|[spread] p1a,p1b
|-damage|p1a: Raichu|0 fnt
|-damage|p1b: Zamazenta|80/100
|faint|p1a: Raichu
|move|p2b: Zamazenta|Body Press|p1b: Zamazenta
|-supereffective|p1b: Zamazenta
|-crit|p1b: Zamazenta
|-damage|p1b: Zamazenta|0 fnt
|faint|p1b: Zamazenta
|
|upkeep
|
|t:|1750870821
|switch|p1b: Iron Hands|Iron Hands, L50|48/100
|turn|7
|
|t:|1750870833
|switch|p2b: Gengar|Gengar, L50, M|100/100
|move|p1b: Iron Hands|Fake Out|p2a: Miraidon
|-damage|p2a: Miraidon|0 fnt
|faint|p2a: Miraidon
|
|upkeep
|
|t:|1750870839
|switch|p2a: Zamazenta|Zamazenta-Crowned, L50, tera:Dragon|64/100
|turn|8
|
|t:|1750870854
|move|p2a: Zamazenta|Body Press|p1b: Iron Hands
|-damage|p1b: Iron Hands|11/100
|move|p2b: Gengar|Shadow Ball|p1b: Iron Hands
|-damage|p1b: Iron Hands|0 fnt
|faint|p1b: Iron Hands
|-end|p1b: Iron Hands|Quark Drive|[silent]
|
|win|SillyTree
|raw|jamesisnotcooking's rating: 1219 &rarr; <strong>1188</strong><br />(-31 for losing)
|raw|SillyTree's rating: 1132 &rarr; <strong>1163</strong><br />(+31 for winning)
|l|☆jamesisnotcooking
|player|p1|
|l|☆SillyTree
|player|p2|
