|j|☆drive stone
|j|☆KogaJunior23
|t:|1750854229
|gametype|doubles
|player|p1|drive stone|cilan|1492
|player|p2|KogaJunior23|koga|1484
|teamsize|p1|6
|teamsize|p2|6
|gen|9
|tier|[Gen 9] VGC 2025 Reg I
|rated|
|rule|Species Clause: Limit one of each Pokémon
|rule|Item Clause: Limit 1 of each item
|clearpoke
|poke|p1|Calyrex-Ice, L50|
|poke|p1|Miraidon, L50|
|poke|p1|Grimmsnarl, L50, M|
|poke|p1|Urshifu-*, L50, M|
|poke|p1|Incineroar, L50, F|
|poke|p1|Landorus, L50, M|
|poke|p2|Kyogre, L50|
|poke|p2|Zacian-*, L50|
|poke|p2|Beartic, L50, M|
|poke|p2|Amoonguss, L50, M|
|poke|p2|Tornadus, L50, M|
|poke|p2|Landorus, L50, M|
|teampreview|4
|inactive|Battle timer is ON: inactive players will automatically lose when time's up. (requested by KogaJunior23)
|inactive|drive stone has 60 seconds left.
|
|t:|1750854297
|start
|switch|p1a: Grimmsnarl|Grimmsnarl, L50, M|100/100
|switch|p1b: Calyrex|Calyrex-Ice, L50|100/100
|switch|p2a: Kyogre|Kyogre, L50|100/100
|switch|p2b: Beartic|Beartic, L50, M, shiny|100/100
|-ability|p1b: Calyrex|As One
|-ability|p1b: Calyrex|Unnerve
|-weather|RainDance|[from] ability: Drizzle|[of] p2a: Kyogre
|turn|1
|
|t:|1750854319
|-terastallize|p2b: Beartic|Electric
|-terastallize|p1b: Calyrex|Water
|move|p1a: Grimmsnarl|Light Screen|p1a: Grimmsnarl
|-sidestart|p1: drive stone|move: Light Screen
|move|p2b: Beartic|Tera Blast|p1b: Calyrex|[anim] Tera Blast Electric
|-supereffective|p1b: Calyrex
|-damage|p1b: Calyrex|44/100
|move|p2a: Kyogre|Water Spout|p1a: Grimmsnarl|[spread] p1a,p1b
|-resisted|p1b: Calyrex
|-damage|p1a: Grimmsnarl|20/100
|-damage|p1b: Calyrex|21/100
|move|p1b: Calyrex|Leech Seed|p2a: Kyogre
|-start|p2a: Kyogre|move: Leech Seed
|
|-weather|RainDance|[upkeep]
|-heal|p1b: Calyrex|27/100|[from] item: Leftovers
|-damage|p2a: Kyogre|88/100|[from] Leech Seed|[of] p1b: Calyrex
|-heal|p1b: Calyrex|39/100|[silent]
|upkeep
|turn|2
|inactive|KogaJunior23 has 30 seconds left.
|
|t:|1750854350
|switch|p2a: Zacian|Zacian-Crowned, L50|100/100
|-ability|p2a: Zacian|Intrepid Sword|boost
|-boost|p2a: Zacian|atk|1
|move|p1b: Calyrex|Protect|p1b: Calyrex
|-singleturn|p1b: Calyrex|Protect
|move|p1a: Grimmsnarl|Reflect|p1a: Grimmsnarl
|-sidestart|p1: drive stone|Reflect
|move|p2b: Beartic|Tera Blast|p1b: Calyrex|[anim] Tera Blast Electric
|-activate|p1b: Calyrex|move: Protect
|
|-weather|RainDance|[upkeep]
|-heal|p1b: Calyrex|45/100|[from] item: Leftovers
|upkeep
|turn|3
|
|t:|1750854371
|switch|p1a: Incineroar|Incineroar, L50, F|100/100
|-ability|p1a: Incineroar|Intimidate|boost
|-unboost|p2a: Zacian|atk|1
|-unboost|p2b: Beartic|atk|1
|switch|p1b: Miraidon|Miraidon, L50|100/100
|-fieldstart|move: Electric Terrain|[from] ability: Hadron Engine|[of] p1b: Miraidon
|move|p2b: Beartic|Tera Blast|p1b: Miraidon|[anim] Tera Blast Electric
|-resisted|p1b: Miraidon
|-damage|p1b: Miraidon|95/100
|move|p2a: Zacian|Play Rough|p1b: Miraidon
|-supereffective|p1b: Miraidon
|-damage|p1b: Miraidon|34/100
|
|-weather|RainDance|[upkeep]
|upkeep
|turn|4
|
|t:|1750854396
|move|p2a: Zacian|Protect|p2a: Zacian
|-singleturn|p2a: Zacian|Protect
|move|p1a: Incineroar|Fake Out|p2a: Zacian
|-activate|p2a: Zacian|move: Protect
|move|p2b: Beartic|Close Combat|p1a: Incineroar
|-supereffective|p1a: Incineroar
|-damage|p1a: Incineroar|63/100
|-unboost|p2b: Beartic|def|1
|-unboost|p2b: Beartic|spd|1
|move|p1b: Miraidon|Volt Switch|p2b: Beartic
|-resisted|p2b: Beartic
|-damage|p2b: Beartic|46/100
|
|t:|1750854409
|switch|p1b: Calyrex|Calyrex-Ice, L50, tera:Water|45/100|[from] Volt Switch
|-ability|p1b: Calyrex|As One
|-ability|p1b: Calyrex|Unnerve
|
|-weather|RainDance|[upkeep]
|-heal|p1b: Calyrex|51/100|[from] item: Leftovers
|upkeep
|turn|5
|
|t:|1750854430
|move|p2b: Beartic|Tera Blast|p1b: Calyrex|[anim] Tera Blast Electric
|-supereffective|p1b: Calyrex
|-damage|p1b: Calyrex|22/100
|move|p2a: Zacian|Play Rough|p1b: Calyrex
|-damage|p1b: Calyrex|0 fnt
|faint|p1b: Calyrex
|move|p1a: Incineroar|U-turn|p2b: Beartic
|-damage|p2b: Beartic|13/100
|-message|drive stone forfeited.
|
|win|KogaJunior23
|raw|drive stone's rating: 1492 &rarr; <strong>1472</strong><br />(-20 for losing)
|raw|KogaJunior23's rating: 1484 &rarr; <strong>1504</strong><br />(+20 for winning)
|l|☆drive stone
|player|p1|
