|j|☆janniknoa
|j|‽Selou
|t:|1750773580
|gametype|doubles
|player|p1|janniknoa|palmer|1261
|player|p2|Selou|169|1265
|teamsize|p1|6
|teamsize|p2|6
|gen|9
|tier|[Gen 9] VGC 2025 Reg I
|rated|
|rule|Species Clause: Limit one of each Pokémon
|rule|Item Clause: Limit 1 of each item
|clearpoke
|poke|p1|Kyogre, L50|
|poke|p1|Basculegion, L50, M|
|poke|p1|Rillaboom, L50, F|
|poke|p1|Tornadus, L50, M|
|poke|p1|Incineroar, L50, M|
|poke|p1|Calyrex-Shadow, L50|
|poke|p2|Calyrex-Ice, L50|
|poke|p2|Kyogre, L50|
|poke|p2|Araquanid, L50, M|
|poke|p2|Dusclops, L50, M|
|poke|p2|Indeedee-F, L50, F|
|poke|p2|Urshifu-*, L50, F|
|teampreview|4
|inactive|Battle timer is ON: inactive players will automatically lose when time's up. (requested by janniknoa)
|inactive|janniknoa has 60 seconds left.
|inactive|Selou has 60 seconds left.
|inactive|Selou has 30 seconds left.
|inactive|Selou has 20 seconds left.
|
|t:|1750773651
|start
|switch|p1a: Kyogre|Kyogre, L50|100/100
|switch|p1b: Incineroar|Incineroar, L50, M, shiny|100/100
|switch|p2a: Araquanid|Araquanid, L50, M|100/100
|switch|p2b: Dusclops|Dusclops, L50, M|100/100
|-weather|RainDance|[from] ability: Drizzle|[of] p1a: Kyogre
|-ability|p1b: Incineroar|Intimidate|boost
|-unboost|p2a: Araquanid|atk|1
|-unboost|p2b: Dusclops|atk|1
|-item|p1a: Kyogre|Choice Scarf|[from] ability: Frisk|[of] p2b: Dusclops
|-item|p1b: Incineroar|Sitrus Berry|[from] ability: Frisk|[of] p2b: Dusclops
|turn|1
|
|t:|1750773673
|switch|p1a: Rillaboom|Rillaboom, L50, F|100/100
|-fieldstart|move: Grassy Terrain|[from] ability: Grassy Surge|[of] p1a: Rillaboom
|move|p2a: Araquanid|Wide Guard|p2a: Araquanid
|-singleturn|p2a: Araquanid|Wide Guard
|move|p1b: Incineroar|Knock Off|p2b: Dusclops
|-supereffective|p2b: Dusclops
|-damage|p2b: Dusclops|58/100
|-enditem|p2b: Dusclops|Eviolite|[from] move: Knock Off|[of] p1b: Incineroar
|move|p2b: Dusclops|Trick Room|p2b: Dusclops
|-fieldstart|move: Trick Room|[of] p2b: Dusclops
|
|-weather|RainDance|[upkeep]
|-heal|p2b: Dusclops|64/100|[from] Grassy Terrain
|upkeep
|turn|2
|inactive|janniknoa has 30 seconds left.
|inactive|Selou has 30 seconds left.
|inactive|Selou has 20 seconds left.
|inactive|Selou has 15 seconds left.
|inactive|Selou has 10 seconds left.
|
|t:|1750773722
|move|p2b: Dusclops|Will-O-Wisp|p1a: Rillaboom
|-status|p1a: Rillaboom|brn
|move|p2a: Araquanid|Liquidation|p1b: Incineroar
|-supereffective|p1b: Incineroar
|-damage|p1b: Incineroar|20/100
|-enditem|p1b: Incineroar|Sitrus Berry|[eat]
|-heal|p1b: Incineroar|45/100|[from] item: Sitrus Berry
|move|p1b: Incineroar|Knock Off|p2a: Araquanid
|-damage|p2a: Araquanid|67/100
|-enditem|p2a: Araquanid|Safety Goggles|[from] move: Knock Off|[of] p1b: Incineroar
|move|p1a: Rillaboom|Wood Hammer|p2a: Araquanid
|-damage|p2a: Araquanid|34/100
|-damage|p1a: Rillaboom|91/100 brn|[from] Recoil
|
|-weather|RainDance|[upkeep]
|-heal|p2b: Dusclops|71/100|[from] Grassy Terrain
|-heal|p2a: Araquanid|40/100|[from] Grassy Terrain
|-heal|p1b: Incineroar|51/100|[from] Grassy Terrain
|-heal|p1a: Rillaboom|97/100 brn|[from] Grassy Terrain
|-damage|p1a: Rillaboom|91/100 brn|[from] brn
|upkeep
|turn|3
|inactive|janniknoa has 30 seconds left.
|inactive|janniknoa has 20 seconds left.
|inactive|janniknoa has 15 seconds left.
|inactive|janniknoa has 10 seconds left.
|inactive|janniknoa has 5 seconds left.
|
|t:|1750773776
|switch|p2b: Kyogre|Kyogre, L50|100/100
|-terastallize|p1b: Incineroar|Grass
|move|p2a: Araquanid|Entrainment|p2b: Kyogre
|-endability|p2b: Kyogre|Drizzle|[from] move: Entrainment
|-ability|p2b: Kyogre|Water Bubble|[from] move: Entrainment
|move|p1b: Incineroar|Taunt|p2b: Kyogre
|-start|p2b: Kyogre|move: Taunt
|move|p1a: Rillaboom|Wood Hammer|p2a: Araquanid
|-damage|p2a: Araquanid|4/100
|-damage|p1a: Rillaboom|81/100 brn|[from] Recoil
|
|-weather|RainDance|[upkeep]
|-heal|p2a: Araquanid|10/100|[from] Grassy Terrain
|-heal|p1b: Incineroar|57/100|[from] Grassy Terrain
|-heal|p1a: Rillaboom|87/100 brn|[from] Grassy Terrain
|-damage|p1a: Rillaboom|81/100 brn|[from] brn
|upkeep
|turn|4
|inactive|Selou has 30 seconds left.
|inactive|Selou has 20 seconds left.
|inactive|Selou has 15 seconds left.
|inactive|Selou has 10 seconds left.
|
|t:|1750773824
|switch|p2a: Calyrex|Calyrex-Ice, L50|100/100
|-ability|p2a: Calyrex|As One
|-ability|p2a: Calyrex|Unnerve
|move|p1a: Rillaboom|Grassy Glide|p2b: Kyogre
|-supereffective|p2b: Kyogre
|-damage|p2b: Kyogre|67/100
|move|p1b: Incineroar|Knock Off|p2b: Kyogre
|-damage|p2b: Kyogre|34/100
|-enditem|p2b: Kyogre|Mystic Water|[from] move: Knock Off|[of] p1b: Incineroar
|move|p2b: Kyogre|Water Spout|p1a: Rillaboom|[spread] p1a,p1b
|-resisted|p1a: Rillaboom
|-resisted|p1b: Incineroar
|-damage|p1a: Rillaboom|58/100 brn
|-damage|p1b: Incineroar|33/100
|
|-weather|RainDance|[upkeep]
|-heal|p1b: Incineroar|39/100|[from] Grassy Terrain
|-heal|p2b: Kyogre|40/100|[from] Grassy Terrain
|-heal|p1a: Rillaboom|64/100 brn|[from] Grassy Terrain
|-damage|p1a: Rillaboom|58/100 brn|[from] brn
|upkeep
|turn|5
|inactive|Selou has 30 seconds left.
|inactive|Selou has 20 seconds left.
|inactive|Selou has 15 seconds left.
|
|t:|1750773867
|switch|p2b: Araquanid|Araquanid, L50, M|10/100
|move|p1a: Rillaboom|Grassy Glide|p2b: Araquanid
|-damage|p2b: Araquanid|0 fnt
|faint|p2b: Araquanid
|move|p1b: Incineroar|Knock Off|p2a: Calyrex
|-supereffective|p2a: Calyrex
|-damage|p2a: Calyrex|51/100
|-enditem|p2a: Calyrex|Clear Amulet|[from] move: Knock Off|[of] p1b: Incineroar
|move|p2a: Calyrex|Glacial Lance|p1b: Incineroar|[spread] p1a,p1b
|-supereffective|p1a: Rillaboom
|-supereffective|p1b: Incineroar
|-damage|p1a: Rillaboom|0 fnt
|-damage|p1b: Incineroar|0 fnt
|faint|p1a: Rillaboom
|faint|p1b: Incineroar
|-ability|p2a: Calyrex|Chilling Neigh|boost
|-boost|p2a: Calyrex|atk|2
|
|-weather|none
|-heal|p2a: Calyrex|57/100|[from] Grassy Terrain
|-fieldend|move: Trick Room
|-fieldend|move: Grassy Terrain
|upkeep
|inactive|Selou has 30 seconds left.
|inactive|Selou has 20 seconds left.
|
|t:|1750773906
|switch|p1a: Kyogre|Kyogre, L50|100/100
|switch|p1b: Calyrex|Calyrex-Shadow, L50|100/100
|switch|p2b: Dusclops|Dusclops, L50, M|71/100
|-ability|p1b: Calyrex|As One
|-ability|p1b: Calyrex|Unnerve
|-weather|RainDance|[from] ability: Drizzle|[of] p1a: Kyogre
|-item|p1a: Kyogre|Choice Scarf|[from] ability: Frisk|[of] p2b: Dusclops
|-item|p1b: Calyrex|Spooky Plate|[from] ability: Frisk|[of] p2b: Dusclops
|turn|6
|
|t:|1750773922
|-terastallize|p2b: Dusclops|Dark
|move|p2a: Calyrex|Protect|p2a: Calyrex
|-singleturn|p2a: Calyrex|Protect
|move|p1a: Kyogre|Water Spout|p2b: Dusclops|[spread] p2b
|-activate|p2a: Calyrex|move: Protect
|-damage|p2b: Dusclops|0 fnt
|faint|p2b: Dusclops
|move|p1b: Calyrex|Astral Barrage|p2a: Calyrex
|-activate|p2a: Calyrex|move: Protect
|
|-weather|RainDance|[upkeep]
|upkeep
|
|t:|1750773932
|switch|p2b: Kyogre|Kyogre, L50|40/100
|turn|7
|
|t:|1750773945
|move|p1a: Kyogre|Water Spout|p2a: Calyrex|[spread] p2a,p2b
|-resisted|p2b: Kyogre
|-damage|p2a: Calyrex|0 fnt
|-damage|p2b: Kyogre|8/100
|faint|p2a: Calyrex
|move|p1b: Calyrex|Encore||[still]
|-fail|p1b: Calyrex
|move|p2b: Kyogre|Origin Pulse|p1b: Calyrex|[spread] p1a,p1b
|-resisted|p1a: Kyogre
|-damage|p1a: Kyogre|70/100
|-damage|p1b: Calyrex|27/100
|
|-weather|RainDance|[upkeep]
|upkeep
|turn|8
|-message|Selou forfeited.
|
|win|janniknoa
|raw|janniknoa's rating: 1261 &rarr; <strong>1286</strong><br />(+25 for winning)
|raw|Selou's rating: 1265 &rarr; <strong>1240</strong><br />(-25 for losing)
|l|‽Selou
|player|p2|
|l|☆janniknoa
|player|p1|
