|j|☆Vkh
|j|☆alecfromkanto
|t:|1750717565
|gametype|doubles
|player|p1|Vkh|265|1312
|player|p2|alecfromkanto|cynthia|1356
|teamsize|p1|6
|teamsize|p2|6
|gen|9
|tier|[Gen 9] VGC 2025 Reg I
|rated|
|rule|Species Clause: Limit one of each Pokémon
|rule|Item Clause: Limit 1 of each item
|clearpoke
|poke|p1|Incineroar, L50, F|
|poke|p1|Chien-Pao, L50|
|poke|p1|Calyrex-Shadow, L50|
|poke|p1|Zamazenta-*, L50|
|poke|p1|Ogerpon-Wellspring, L50, F|
|poke|p1|Rillaboom, L50, F|
|poke|p2|Miraidon, L50|
|poke|p2|Incineroar, L50, M|
|poke|p2|Grimmsnarl, L50, M|
|poke|p2|Flutter Mane, L50|
|poke|p2|Groudon, L50|
|poke|p2|Iron Hands, L50|
|teampreview|4
|inactive|Battle timer is ON: inactive players will automatically lose when time's up. (requested by alecfromkanto)
|inactive|Vkh has 60 seconds left.
|inactive|alecfromkanto has 60 seconds left.
|inactive|Vkh has 30 seconds left.
|inactive|alecfromkanto has 30 seconds left.
|inactive|Vkh has 20 seconds left.
|inactive|alecfromkanto has 20 seconds left.
|inactive|Vkh has 15 seconds left.
|inactive|Vkh has 10 seconds left.
|inactive|Vkh has 5 seconds left.
|
|t:|1750717653
|start
|switch|p1a: Calyrex|Calyrex-Shadow, L50|100/100
|switch|p1b: Incineroar|Incineroar, L50, F, shiny|100/100
|switch|p2a: Incineroar|Incineroar, L50, M, shiny|100/100
|switch|p2b: Flutter Mane|Flutter Mane, L50, shiny|100/100
|-ability|p1a: Calyrex|As One
|-ability|p1a: Calyrex|Unnerve
|-ability|p2a: Incineroar|Intimidate|boost
|-unboost|p1a: Calyrex|atk|1
|-unboost|p1b: Incineroar|atk|1
|-ability|p1b: Incineroar|Intimidate|boost
|-unboost|p2a: Incineroar|atk|1
|-unboost|p2b: Flutter Mane|atk|1
|turn|1
|inactive|Vkh has 30 seconds left.
|inactive|alecfromkanto has 30 seconds left.
|inactive|alecfromkanto has 20 seconds left.
|
|t:|1750717688
|-terastallize|p1a: Calyrex|Fairy
|move|p1b: Incineroar|Fake Out|p2a: Incineroar
|-damage|p2a: Incineroar|95/100
|move|p1a: Calyrex|Nasty Plot|p1a: Calyrex
|-boost|p1a: Calyrex|spa|2
|move|p2b: Flutter Mane|Moonblast|p1a: Calyrex
|-damage|p1a: Calyrex|49/100
|-unboost|p1a: Calyrex|spa|1
|cant|p2a: Incineroar|flinch
|
|-heal|p1a: Calyrex|55/100|[from] item: Leftovers
|upkeep
|turn|2
|inactive|alecfromkanto has 30 seconds left.
|inactive|alecfromkanto has 20 seconds left.
|
|t:|1750717727
|move|p1a: Calyrex|Protect|p1a: Calyrex
|-singleturn|p1a: Calyrex|Protect
|move|p2b: Flutter Mane|Protect|p2b: Flutter Mane
|-singleturn|p2b: Flutter Mane|Protect
|move|p1b: Incineroar|U-turn|p2b: Flutter Mane
|-activate|p2b: Flutter Mane|move: Protect
|move|p2a: Incineroar|U-turn|p1b: Incineroar
|-crit|p1b: Incineroar
|-damage|p1b: Incineroar|77/100
|inactive|alecfromkanto has 30 seconds left.
|
|t:|1750717755
|switch|p2a: Miraidon|Miraidon, L50|100/100|[from] U-turn
|-fieldstart|move: Electric Terrain|[from] ability: Hadron Engine|[of] p2a: Miraidon
|
|-heal|p1a: Calyrex|61/100|[from] item: Leftovers
|upkeep
|turn|3
|inactive|Vkh has 30 seconds left.
|
|t:|1750717785
|-end|p2b: Flutter Mane|Protosynthesis|[silent]
|switch|p2b: Incineroar|Incineroar, L50, M, shiny|95/100
|-ability|p2b: Incineroar|Intimidate|boost
|-unboost|p1a: Calyrex|atk|1
|-unboost|p1b: Incineroar|atk|1
|-terastallize|p2a: Miraidon|Electric
|move|p2a: Miraidon|Electro Drift|p1a: Calyrex
|-damage|p1a: Calyrex|0 fnt
|faint|p1a: Calyrex
|move|p1b: Incineroar|U-turn|p2b: Incineroar
|-damage|p2b: Incineroar|87/100
|
|t:|1750717799
|switch|p1b: Rillaboom|Rillaboom, L50, F|100/100|[from] U-turn
|-fieldstart|move: Grassy Terrain|[from] ability: Grassy Surge|[of] p1b: Rillaboom
|
|-heal|p2b: Incineroar|93/100|[from] Grassy Terrain
|upkeep
|
|t:|1750717807
|switch|p1a: Zamazenta|Zamazenta-Crowned, L50|100/100
|-ability|p1a: Zamazenta|Dauntless Shield|boost
|-boost|p1a: Zamazenta|def|1
|turn|4
|
|t:|1750717822
|switch|p2a: Grimmsnarl|Grimmsnarl, L50, M, shiny|100/100
|move|p1b: Rillaboom|Fake Out|p2b: Incineroar
|-damage|p2b: Incineroar|83/100
|cant|p2b: Incineroar|flinch
|move|p1a: Zamazenta|Iron Defense|p1a: Zamazenta
|-boost|p1a: Zamazenta|def|2
|
|-heal|p2b: Incineroar|89/100|[from] Grassy Terrain
|upkeep
|turn|5
|inactive|Vkh has 30 seconds left.
|
|t:|1750717853
|switch|p2b: Flutter Mane|Flutter Mane, L50, shiny|100/100
|move|p2a: Grimmsnarl|Reflect|p2a: Grimmsnarl
|-sidestart|p2: alecfromkanto|Reflect
|move|p1a: Zamazenta|Body Press|p2a: Grimmsnarl
|-damage|p2a: Grimmsnarl|24/100
|move|p1b: Rillaboom|U-turn|p2b: Flutter Mane
|-resisted|p2b: Flutter Mane
|-damage|p2b: Flutter Mane|92/100
|
|t:|1750717863
|switch|p1b: Incineroar|Incineroar, L50, F, shiny|77/100|[from] U-turn
|-ability|p1b: Incineroar|Intimidate|boost
|-unboost|p2a: Grimmsnarl|atk|1
|-unboost|p2b: Flutter Mane|atk|1
|
|-heal|p2b: Flutter Mane|98/100|[from] Grassy Terrain
|-heal|p1b: Incineroar|83/100|[from] Grassy Terrain
|-heal|p2a: Grimmsnarl|30/100|[from] Grassy Terrain
|upkeep
|turn|6
|inactive|Vkh has 30 seconds left.
|
|t:|1750717894
|move|p2b: Flutter Mane|Protect|p2b: Flutter Mane
|-singleturn|p2b: Flutter Mane|Protect
|move|p2a: Grimmsnarl|Thunder Wave|p1a: Zamazenta
|-status|p1a: Zamazenta|par
|move|p1a: Zamazenta|Body Press|p2a: Grimmsnarl
|-damage|p2a: Grimmsnarl|0 fnt
|faint|p2a: Grimmsnarl
|move|p1b: Incineroar|U-turn|p2b: Flutter Mane
|-activate|p2b: Flutter Mane|move: Protect
|
|-heal|p2b: Flutter Mane|100/100|[from] Grassy Terrain
|-heal|p1b: Incineroar|89/100|[from] Grassy Terrain
|upkeep
|
|t:|1750717917
|switch|p2a: Miraidon|Miraidon, L50, tera:Electric|100/100
|-fieldstart|move: Electric Terrain|[from] ability: Hadron Engine|[of] p2a: Miraidon
|turn|7
|-message|Vkh forfeited.
|
|win|alecfromkanto
|raw|Vkh's rating: 1312 &rarr; <strong>1295</strong><br />(-17 for losing)
|raw|alecfromkanto's rating: 1356 &rarr; <strong>1373</strong><br />(+17 for winning)
|l|☆Vkh
|player|p1|
