|j|☆pxrwxhnzwnpy
|j|☆Redhoundoom
|t:|1750824125
|gametype|doubles
|player|p1|pxrwxhnzwnpy|2|1395
|player|p2|Redhoundoom|102|1399
|teamsize|p1|6
|teamsize|p2|6
|gen|9
|tier|[Gen 9] VGC 2025 Reg I
|rated|
|rule|Species Clause: Limit one of each Pokémon
|rule|Item Clause: Limit 1 of each item
|clearpoke
|poke|p1|Rayquaza, L50|
|poke|p1|Chien-Pao, L50|
|poke|p1|Lunala, L50|
|poke|p1|Brute Bonnet, L50|
|poke|p1|Farigiraf, L50, M|
|poke|p1|Incineroar, L50, M|
|poke|p2|Gastrodon-East, L50, M|
|poke|p2|Zamazenta-*, L50|
|poke|p2|Incineroar, L50, M|
|poke|p2|Calyrex-Shadow, L50|
|poke|p2|Regieleki, L50|
|poke|p2|Rillaboom, L50, M|
|teampreview|4
|inactive|Battle timer is ON: inactive players will automatically lose when time's up. (requested by Redhoundoom)
|inactive|pxrwxhnzwnpy has 60 seconds left.
|
|t:|1750824169
|start
|switch|p1a: Farigiraf|Farigiraf, L50, M, shiny|100/100
|switch|p1b: Lunala|Lunala, L50|100/100
|switch|p2a: Calyrex|Calyrex-Shadow, L50|100/100
|switch|p2b: Regieleki|Regieleki, L50|100/100
|-ability|p2a: Calyrex|As One
|-ability|p2a: Calyrex|Unnerve
|turn|1
|
|t:|1750824185
|-terastallize|p2a: Calyrex|Ghost
|-terastallize|p1b: Lunala|Fairy
|move|p2b: Regieleki|Electroweb|p1a: Farigiraf|[spread] p1a,p1b
|-damage|p1a: Farigiraf|81/100
|-damage|p1b: Lunala|93/100
|-unboost|p1a: Farigiraf|spe|1
|-unboost|p1b: Lunala|spe|1
|move|p2a: Calyrex|Shadow Ball|p1b: Lunala
|-damage|p1b: Lunala|17/100
|move|p1b: Lunala|Meteor Beam||[still]
|-prepare|p1b: Lunala|Meteor Beam
|-boost|p1b: Lunala|spa|1
|-enditem|p1b: Lunala|Power Herb
|-anim|p1b: Lunala|Meteor Beam|p2b: Regieleki
|-damage|p2b: Regieleki|0 fnt
|faint|p2b: Regieleki
|move|p1a: Farigiraf|Imprison|p1a: Farigiraf
|-start|p1a: Farigiraf|move: Imprison
|
|upkeep
|
|t:|1750824197
|switch|p2b: Incineroar|Incineroar, L50, M|100/100
|-ability|p2b: Incineroar|Intimidate|boost
|-unboost|p1a: Farigiraf|atk|1
|-unboost|p1b: Lunala|atk|1
|turn|2
|inactive|Redhoundoom has 30 seconds left.
|
|t:|1750824225
|move|p1a: Farigiraf|Protect|p1a: Farigiraf
|-singleturn|p1a: Farigiraf|Protect
|move|p2a: Calyrex|Shadow Ball|p1b: Lunala
|-damage|p1b: Lunala|0 fnt
|faint|p1b: Lunala
|-ability|p2a: Calyrex|Grim Neigh|boost
|-boost|p2a: Calyrex|spa|1
|move|p2b: Incineroar|Knock Off|p1a: Farigiraf
|-activate|p1a: Farigiraf|move: Protect
|
|upkeep
|
|t:|1750824237
|switch|p1b: Chien-Pao|Chien-Pao, L50|100/100
|-ability|p1b: Chien-Pao|Sword of Ruin
|turn|3
|inactive|pxrwxhnzwnpy has 30 seconds left.
|inactive|pxrwxhnzwnpy has 20 seconds left.
|inactive|pxrwxhnzwnpy has 15 seconds left.
|inactive|pxrwxhnzwnpy has 10 seconds left.
|
|t:|1750824287
|switch|p2a: Zamazenta|Zamazenta-Crowned, L50|100/100
|-ability|p2a: Zamazenta|Dauntless Shield|boost
|-boost|p2a: Zamazenta|def|1
|move|p1b: Chien-Pao|Sucker Punch||[still]
|-fail|p1b: Chien-Pao
|move|p2b: Incineroar|Flare Blitz|p1b: Chien-Pao
|-supereffective|p1b: Chien-Pao
|-enditem|p1b: Chien-Pao|Focus Sash
|-damage|p1b: Chien-Pao|1/100
|-damage|p2b: Incineroar|75/100|[from] Recoil
|move|p1a: Farigiraf|Trick Room|p1a: Farigiraf
|-fieldstart|move: Trick Room|[of] p1a: Farigiraf
|
|upkeep
|turn|4
|inactive|pxrwxhnzwnpy has 30 seconds left.
|inactive|Redhoundoom has 30 seconds left.
|
|t:|1750824320
|move|p1a: Farigiraf|Protect|p1a: Farigiraf
|-singleturn|p1a: Farigiraf|Protect
|move|p1b: Chien-Pao|Sucker Punch|p2b: Incineroar
|-resisted|p2b: Incineroar
|-damage|p2b: Incineroar|57/100
|move|p2b: Incineroar|Knock Off|p1a: Farigiraf
|-activate|p1a: Farigiraf|move: Protect
|move|p2a: Zamazenta|Body Press|p1b: Chien-Pao
|-supereffective|p1b: Chien-Pao
|-damage|p1b: Chien-Pao|0 fnt
|faint|p1b: Chien-Pao
|
|upkeep
|
|t:|1750824326
|switch|p1b: Rayquaza|Rayquaza, L50|100/100
|-ability|p1b: Rayquaza|Air Lock
|turn|5
|inactive|pxrwxhnzwnpy has 30 seconds left.
|
|t:|1750824355
|move|p1a: Farigiraf|Foul Play|p2a: Zamazenta
|-resisted|p2a: Zamazenta
|-damage|p2a: Zamazenta|96/100
|move|p2b: Incineroar|Knock Off|p1a: Farigiraf
|-supereffective|p1a: Farigiraf
|-damage|p1a: Farigiraf|8/100
|-enditem|p1a: Farigiraf|Safety Goggles|[from] move: Knock Off|[of] p2b: Incineroar
|move|p1b: Rayquaza|Swords Dance|p1b: Rayquaza
|-boost|p1b: Rayquaza|atk|2
|move|p2a: Zamazenta|Body Press|p1b: Rayquaza
|-resisted|p1b: Rayquaza
|-damage|p1b: Rayquaza|69/100
|
|upkeep
|turn|6
|
|t:|1750824377
|move|p1a: Farigiraf|Protect|p1a: Farigiraf
|-singleturn|p1a: Farigiraf|Protect
|move|p2b: Incineroar|U-turn|p1a: Farigiraf
|-activate|p1a: Farigiraf|move: Protect
|move|p1b: Rayquaza|Dragon Ascent|p2a: Zamazenta
|-damage|p2a: Zamazenta|46/100
|-unboost|p1b: Rayquaza|def|1
|-unboost|p1b: Rayquaza|spd|1
|move|p2a: Zamazenta|Body Press|p1a: Farigiraf
|-activate|p1a: Farigiraf|move: Protect
|
|upkeep
|turn|7
|inactive|pxrwxhnzwnpy has 30 seconds left.
|
|t:|1750824412
|move|p1a: Farigiraf|Foul Play|p2a: Zamazenta
|-resisted|p2a: Zamazenta
|-damage|p2a: Zamazenta|41/100
|move|p2b: Incineroar|U-turn|p1b: Rayquaza
|-resisted|p1b: Rayquaza
|-damage|p1b: Rayquaza|55/100
|
|t:|1750824425
|switch|p2b: Calyrex|Calyrex-Shadow, L50, tera:Ghost|100/100|[from] U-turn
|-ability|p2b: Calyrex|As One
|-ability|p2b: Calyrex|Unnerve
|move|p1b: Rayquaza|Dragon Ascent|p2a: Zamazenta
|-damage|p2a: Zamazenta|0 fnt
|-unboost|p1b: Rayquaza|def|1
|-unboost|p1b: Rayquaza|spd|1
|faint|p2a: Zamazenta
|
|-fieldend|move: Trick Room
|upkeep
|
|t:|1750824433
|switch|p2a: Incineroar|Incineroar, L50, M|57/100
|-ability|p2a: Incineroar|Intimidate|boost
|-unboost|p1a: Farigiraf|atk|1
|-fail|p1b: Rayquaza|unboost|[from] item: Clear Amulet|[of] p1b: Rayquaza
|turn|8
|inactive|Redhoundoom has 30 seconds left.
|inactive|pxrwxhnzwnpy has 30 seconds left.
|inactive|Redhoundoom has 20 seconds left.
|inactive|pxrwxhnzwnpy has 20 seconds left.
|inactive|pxrwxhnzwnpy has 15 seconds left.
|inactive|pxrwxhnzwnpy has 10 seconds left.
|
|t:|1750824492
|move|p2a: Incineroar|Fake Out||[still]
|cant|p1a: Farigiraf|ability: Armor Tail|Fake Out|[of] p2a: Incineroar
|move|p1b: Rayquaza|Extreme Speed|p2a: Incineroar
|-damage|p2a: Incineroar|13/100
|move|p2b: Calyrex|Pollen Puff|p1b: Rayquaza
|-resisted|p1b: Rayquaza
|-damage|p1b: Rayquaza|4/100
|move|p1a: Farigiraf|Foul Play|p2b: Calyrex
|-supereffective|p2b: Calyrex
|-damage|p2b: Calyrex|63/100
|
|upkeep
|turn|9
|inactive|pxrwxhnzwnpy has 30 seconds left.
|inactive|pxrwxhnzwnpy has 20 seconds left.
|inactive|pxrwxhnzwnpy has 15 seconds left.
|inactive|pxrwxhnzwnpy has 10 seconds left.
|
|t:|1750824541
|move|p1a: Farigiraf|Protect|p1a: Farigiraf
|-singleturn|p1a: Farigiraf|Protect
|move|p1b: Rayquaza|Extreme Speed|p2a: Incineroar
|-damage|p2a: Incineroar|0 fnt
|faint|p2a: Incineroar
|move|p2b: Calyrex|Pollen Puff|p1b: Rayquaza
|-resisted|p1b: Rayquaza
|-damage|p1b: Rayquaza|0 fnt
|faint|p1b: Rayquaza
|-ability|p2b: Calyrex|Grim Neigh|boost
|-boost|p2b: Calyrex|spa|1
|
|upkeep
|turn|10
|-message|pxrwxhnzwnpy forfeited.
|
|win|Redhoundoom
|raw|pxrwxhnzwnpy's rating: 1395 &rarr; <strong>1375</strong><br />(-20 for losing)
|raw|Redhoundoom's rating: 1399 &rarr; <strong>1419</strong><br />(+20 for winning)
|l|☆pxrwxhnzwnpy
|player|p1|
|l|☆Redhoundoom
|player|p2|
