|j|☆xxcaptainarchiexx
|j|☆Aabraao
|t:|1750860226
|gametype|doubles
|player|p1|xxcaptainarchiexx|265|1448
|player|p2|Aabraao|hilbert|1512
|teamsize|p1|6
|teamsize|p2|6
|gen|9
|tier|[Gen 9] VGC 2025 Reg I
|rated|
|rule|Species Clause: Limit one of each Pokémon
|rule|Item Clause: Limit 1 of each item
|clearpoke
|poke|p1|Calyrex-Ice, L50|
|poke|p1|Miraidon, L50|
|poke|p1|Grimmsnarl, L50, M|
|poke|p1|Urshifu-*, L50, M|
|poke|p1|Incineroar, L50, M|
|poke|p1|Landorus, L50, M|
|poke|p2|Lunala, L50|
|poke|p2|Calyrex-Ice, L50|
|poke|p2|Incineroar, L50, M|
|poke|p2|Kingambit, L50, F|
|poke|p2|Ogerpon-Cornerstone, L50, F|
|poke|p2|Torkoal, L50, F|
|teampreview|4
|inactive|Battle timer is ON: inactive players will automatically lose when time's up. (requested by Aabraao)
|inactive|xxcaptainarchiexx also wants the timer to be on.
xxcaptainarchiexx has agreed to open team sheets.
|inactive|xxcaptainarchiexx has 60 seconds left.
|inactive|Aabraao has 60 seconds left.
|inactive|Aabraao has 30 seconds left.
|inactive|Aabraao has 20 seconds left.
|
|t:|1750860300
|start
|switch|p1a: Calyrex|Calyrex-Ice, L50|100/100
|switch|p1b: Grimmsnarl|Grimmsnarl, L50, M|100/100
|switch|p2a: Calyrex|Calyrex-Ice, L50|100/100
|switch|p2b: Ogerpon|Ogerpon-Cornerstone, L50, F|100/100
|-ability|p1a: Calyrex|As One
|-ability|p1a: Calyrex|Unnerve
|-ability|p2a: Calyrex|As One
|-ability|p2a: Calyrex|Unnerve
|turn|1
|inactive|xxcaptainarchiexx has 30 seconds left.
|
|t:|1750860328
|move|p1b: Grimmsnarl|Reflect|p1b: Grimmsnarl
|-sidestart|p1: xxcaptainarchiexx|Reflect
|move|p2b: Ogerpon|Ivy Cudgel|p1b: Grimmsnarl|[anim] Ivy Cudgel Rock
|-damage|p1b: Grimmsnarl|52/100
|move|p1a: Calyrex|Glacial Lance|p2a: Calyrex|[spread] p2a,p2b
|-resisted|p2a: Calyrex
|-supereffective|p2b: Ogerpon
|-damage|p2a: Calyrex|85/100
|-ability|p2b: Ogerpon|Sturdy
|-damage|p2b: Ogerpon|1/100
|move|p2a: Calyrex|Glacial Lance|p1a: Calyrex|[spread] p1a,p1b
|-resisted|p1a: Calyrex
|-damage|p1a: Calyrex|88/100
|-damage|p1b: Grimmsnarl|12/100
|
|-heal|p1a: Calyrex|94/100|[from] item: Leftovers
|upkeep
|turn|2
|
|t:|1750860349
|move|p2b: Ogerpon|Spiky Shield|p2b: Ogerpon
|-singleturn|p2b: Ogerpon|move: Protect
|move|p1b: Grimmsnarl|Thunder Wave|p2a: Calyrex|[miss]
|-miss|p1b: Grimmsnarl|p2a: Calyrex
|move|p1a: Calyrex|Glacial Lance|p2a: Calyrex|[spread] p2a
|-activate|p2b: Ogerpon|move: Protect
|-resisted|p2a: Calyrex
|-damage|p2a: Calyrex|69/100
|move|p2a: Calyrex|Glacial Lance|p1a: Calyrex|[spread] p1a,p1b
|-resisted|p1a: Calyrex
|-damage|p1a: Calyrex|81/100
|-damage|p1b: Grimmsnarl|0 fnt
|faint|p1b: Grimmsnarl
|-ability|p2a: Calyrex|Chilling Neigh|boost
|-boost|p2a: Calyrex|atk|1
|
|-heal|p1a: Calyrex|87/100|[from] item: Leftovers
|upkeep
|
|t:|1750860361
|switch|p1b: Incineroar|Incineroar, L50, M|100/100
|-ability|p1b: Incineroar|Intimidate|boost
|-fail|p2a: Calyrex|unboost|[from] item: Clear Amulet|[of] p2a: Calyrex
|-unboost|p2b: Ogerpon|atk|1
|turn|3
|
|t:|1750860367
|switch|p2b: Lunala|Lunala, L50|100/100
|move|p2a: Calyrex|Protect|p2a: Calyrex
|-singleturn|p2a: Calyrex|Protect
|move|p1b: Incineroar|Fake Out|p2a: Calyrex
|-activate|p2a: Calyrex|move: Protect
|move|p1a: Calyrex|Glacial Lance|p2b: Lunala|[spread] p2b
|-activate|p2a: Calyrex|move: Protect
|-damage|p2b: Lunala|81/100
|
|-heal|p2b: Lunala|87/100|[from] item: Leftovers
|-heal|p1a: Calyrex|93/100|[from] item: Leftovers
|upkeep
|turn|4
|
|t:|1750860381
|-terastallize|p2b: Lunala|Water
|move|p1b: Incineroar|Knock Off|p2b: Lunala
|-damage|p2b: Lunala|59/100
|-enditem|p2b: Lunala|Leftovers|[from] move: Knock Off|[of] p1b: Incineroar
|move|p2b: Lunala|Moongeist Beam|p1a: Calyrex
|-supereffective|p1a: Calyrex
|-damage|p1a: Calyrex|28/100
|move|p1a: Calyrex|Leech Seed|p2a: Calyrex
|-start|p2a: Calyrex|move: Leech Seed
|move|p2a: Calyrex|High Horsepower|p1b: Incineroar
|-supereffective|p1b: Incineroar
|-damage|p1b: Incineroar|19/100
|
|-heal|p1a: Calyrex|34/100|[from] item: Leftovers
|-damage|p2a: Calyrex|57/100|[from] Leech Seed|[of] p1a: Calyrex
|-heal|p1a: Calyrex|46/100|[silent]
|upkeep
|turn|5
|
|t:|1750860396
|-terastallize|p1a: Calyrex|Water
|move|p1b: Incineroar|Flare Blitz|p2a: Calyrex
|-supereffective|p2a: Calyrex
|-damage|p2a: Calyrex|0 fnt
|faint|p2a: Calyrex
|-damage|p1b: Incineroar|0 fnt|[from] Recoil
|faint|p1b: Incineroar
|move|p1a: Calyrex|Leech Seed|p2b: Lunala
|-start|p2b: Lunala|move: Leech Seed
|move|p2b: Lunala|Trick Room|p2b: Lunala
|-fieldstart|move: Trick Room|[of] p2b: Lunala
|
|-heal|p1a: Calyrex|52/100|[from] item: Leftovers
|-damage|p2b: Lunala|47/100|[from] Leech Seed|[of] p1a: Calyrex
|-heal|p1a: Calyrex|66/100|[silent]
|upkeep
|
|t:|1750860401
|switch|p2a: Torkoal|Torkoal, L50, F|100/100
|switch|p1b: Miraidon|Miraidon, L50|100/100
|-weather|SunnyDay|[from] ability: Drought|[of] p2a: Torkoal
|-fieldstart|move: Electric Terrain|[from] ability: Hadron Engine|[of] p1b: Miraidon
|turn|6
|
|t:|1750860415
|move|p2a: Torkoal|Eruption|p1b: Miraidon|[spread] p1a,p1b
|-resisted|p1a: Calyrex
|-resisted|p1b: Miraidon
|-damage|p1a: Calyrex|39/100
|-damage|p1b: Miraidon|70/100
|move|p1a: Calyrex|Glacial Lance|p2a: Torkoal|[spread] p2a,p2b
|-resisted|p2a: Torkoal
|-resisted|p2b: Lunala
|-damage|p2a: Torkoal|81/100
|-damage|p2b: Lunala|28/100
|move|p2b: Lunala|Moonblast|p1b: Miraidon
|-supereffective|p1b: Miraidon
|-damage|p1b: Miraidon|19/100
|move|p1b: Miraidon|Electro Drift|p2b: Lunala
|-supereffective|p2b: Lunala
|-damage|p2b: Lunala|0 fnt
|faint|p2b: Lunala
|
|-weather|SunnyDay|[upkeep]
|-heal|p1a: Calyrex|45/100|[from] item: Leftovers
|upkeep
|
|t:|1750860417
|switch|p2b: Ogerpon|Ogerpon-Cornerstone, L50, F|1/100
|turn|7
|
|t:|1750860429
|move|p2b: Ogerpon|Spiky Shield|p2b: Ogerpon
|-singleturn|p2b: Ogerpon|move: Protect
|move|p2a: Torkoal|Eruption|p1a: Calyrex|[spread] p1a,p1b
|-resisted|p1a: Calyrex
|-resisted|p1b: Miraidon
|-damage|p1a: Calyrex|26/100
|-damage|p1b: Miraidon|0 fnt
|faint|p1b: Miraidon
|move|p1a: Calyrex|Glacial Lance|p2b: Ogerpon|[spread] p2a
|-activate|p2b: Ogerpon|move: Protect
|-resisted|p2a: Torkoal
|-damage|p2a: Torkoal|62/100
|
|-weather|SunnyDay|[upkeep]
|-heal|p1a: Calyrex|31/100|[from] item: Leftovers
|upkeep
|turn|8
|
|t:|1750860436
|move|p2a: Torkoal|Weather Ball|p1a: Calyrex
|-resisted|p1a: Calyrex
|-damage|p1a: Calyrex|9/100
|move|p1a: Calyrex|Glacial Lance|p2a: Torkoal|[spread] p2a,p2b
|-resisted|p2a: Torkoal
|-supereffective|p2b: Ogerpon
|-damage|p2a: Torkoal|43/100
|-damage|p2b: Ogerpon|0 fnt
|faint|p2b: Ogerpon
|-ability|p1a: Calyrex|Chilling Neigh|boost
|-boost|p1a: Calyrex|atk|1
|
|-weather|SunnyDay|[upkeep]
|-heal|p1a: Calyrex|15/100|[from] item: Leftovers
|-sideend|p1: xxcaptainarchiexx|Reflect
|upkeep
|turn|9
|
|t:|1750860441
|move|p1a: Calyrex|Protect|p1a: Calyrex
|-singleturn|p1a: Calyrex|Protect
|move|p2a: Torkoal|Weather Ball|p1a: Calyrex
|-activate|p1a: Calyrex|move: Protect
|
|-weather|SunnyDay|[upkeep]
|-heal|p1a: Calyrex|20/100|[from] item: Leftovers
|-fieldend|move: Trick Room
|upkeep
|turn|10
|
|t:|1750860451
|move|p1a: Calyrex|Leech Seed|p2a: Torkoal
|-start|p2a: Torkoal|move: Leech Seed
|move|p2a: Torkoal|Weather Ball|p1a: Calyrex
|-resisted|p1a: Calyrex
|-damage|p1a: Calyrex|0 fnt
|faint|p1a: Calyrex
|
|win|Aabraao
|raw|xxcaptainarchiexx's rating: 1448 &rarr; <strong>1432</strong><br />(-16 for losing)
|raw|Aabraao's rating: 1512 &rarr; <strong>1528</strong><br />(+16 for winning)
|l|☆Aabraao
|player|p2|
|l|☆xxcaptainarchiexx
|player|p1|
