|j|☆billyandersen24
|j|☆skytreewow
|t:|1750841560
|gametype|doubles
|player|p1|billyandersen24|biker-gen4|1161
|player|p2|skytreewow|ethan|1124
|teamsize|p1|6
|teamsize|p2|6
|gen|9
|tier|[Gen 9] VGC 2025 Reg I
|rated|
|rule|Species Clause: Limit one of each Pokémon
|rule|Item Clause: Limit 1 of each item
|clearpoke
|poke|p1|Incineroar, L50, F|
|poke|p1|Ursaluna, L50, F|
|poke|p1|Urshifu-*, L50, M|
|poke|p1|Miraidon, L50|
|poke|p1|Lunala, L50|
|poke|p1|Whimsicott, L50, M|
|poke|p2|Koraidon, L50|
|poke|p2|Brute Bonnet, L50|
|poke|p2|Groudon, L50|
|poke|p2|Ursaluna, L50, F|
|poke|p2|Incineroar, L50, M|
|poke|p2|Misdreavus, L50, M|
|teampreview|4
|inactive|Battle timer is ON: inactive players will automatically lose when time's up. (requested by billyandersen24)
|inactive|billyandersen24 has 60 seconds left.
|
|t:|1750841604
|start
|switch|p1a: Whimsicott|Whimsicott, L50, M|100/100
|switch|p1b: Miraidon|Miraidon, L50|100/100
|switch|p2a: Ursaluna|Ursaluna, L50, F|100/100
|switch|p2b: Misdreavus|Misdreavus, L50, M|100/100
|-fieldstart|move: Electric Terrain|[from] ability: Hadron Engine|[of] p1b: Miraidon
|turn|1
|
|t:|1750841626
|move|p2a: Ursaluna|Protect|p2a: Ursaluna
|-singleturn|p2a: Ursaluna|Protect
|move|p1b: Miraidon|Volt Switch|p2b: Misdreavus
|-damage|p2b: Misdreavus|28/100
|
|t:|1750841632
|switch|p1b: Ursaluna|Ursaluna, L50, F|100/100|[from] Volt Switch
|move|p1a: Whimsicott|Moonblast|p2b: Misdreavus
|-damage|p2b: Misdreavus|6/100
|-unboost|p2b: Misdreavus|spa|1
|move|p2b: Misdreavus|Trick Room|p2b: Misdreavus
|-fieldstart|move: Trick Room|[of] p2b: Misdreavus
|
|-status|p2a: Ursaluna|brn|[from] item: Flame Orb
|-status|p1b: Ursaluna|brn|[from] item: Flame Orb
|upkeep
|turn|2
|inactive|billyandersen24 has 30 seconds left.
|
|t:|1750841657
|move|p1a: Whimsicott|Encore|p2a: Ursaluna
|-start|p2a: Ursaluna|Encore
|move|p1b: Ursaluna|Headlong Rush|p2a: Ursaluna
|-damage|p2a: Ursaluna|27/100 brn
|-unboost|p1b: Ursaluna|def|1
|-unboost|p1b: Ursaluna|spd|1
|move|p2a: Ursaluna|Protect||[still]
|-fail|p2a: Ursaluna
|move|p2b: Misdreavus|Pain Split|p1a: Whimsicott
|-sethp|p1a: Whimsicott|53/100|[from] move: Pain Split|[silent]
|-sethp|p2b: Misdreavus|53/100|[from] move: Pain Split
|
|-damage|p1b: Ursaluna|95/100 brn|[from] brn
|-damage|p2a: Ursaluna|21/100 brn|[from] brn
|upkeep
|turn|3
|
|t:|1750841675
|switch|p2a: Groudon|Groudon, L50|100/100
|-weather|SunnyDay|[from] ability: Drought|[of] p2a: Groudon
|move|p1b: Ursaluna|Headlong Rush|p2b: Misdreavus
|-immune|p2b: Misdreavus|[from] ability: Levitate
|move|p2b: Misdreavus|Pain Split|p1b: Ursaluna
|-sethp|p1b: Ursaluna|67/100 brn|[from] move: Pain Split|[silent]
|-sethp|p2b: Misdreavus|89/100|[from] move: Pain Split
|move|p1a: Whimsicott|Moonblast|p2b: Misdreavus
|-damage|p2b: Misdreavus|69/100
|
|-weather|SunnyDay|[upkeep]
|-damage|p1b: Ursaluna|61/100 brn|[from] brn
|upkeep
|turn|4
|inactive|billyandersen24 has 30 seconds left.
|
|t:|1750841705
|move|p2b: Misdreavus|Helping Hand|p2a: Groudon
|-singleturn|p2a: Groudon|Helping Hand|[of] p2b: Misdreavus
|move|p1b: Ursaluna|Facade|p2a: Groudon
|-damage|p2a: Groudon|18/100
|move|p2a: Groudon|Heat Wave|p1a: Whimsicott|[spread] p1a,p1b
|-supereffective|p1a: Whimsicott
|-damage|p1a: Whimsicott|0 fnt
|-damage|p1b: Ursaluna|0 fnt
|faint|p1a: Whimsicott
|faint|p1b: Ursaluna
|
|-weather|SunnyDay|[upkeep]
|upkeep
|
|t:|1750841718
|switch|p1b: Miraidon|Miraidon, L50|100/100
|switch|p1a: Lunala|Lunala, L50|100/100
|-activate|p1b: Miraidon|ability: Hadron Engine
|-enditem|p1a: Lunala|Electric Seed
|-boost|p1a: Lunala|def|1|[from] item: Electric Seed
|turn|5
|inactive|skytreewow has 30 seconds left.
|
|t:|1750841745
|-terastallize|p1b: Miraidon|Fairy
|move|p1a: Lunala|Wide Guard|p1a: Lunala
|-singleturn|p1a: Lunala|Wide Guard
|move|p2b: Misdreavus|Shadow Ball|p1a: Lunala
|-supereffective|p1a: Lunala
|-damage|p1a: Lunala|77/100
|move|p2a: Groudon|Earth Power|p1b: Miraidon
|-damage|p1b: Miraidon|58/100
|move|p1b: Miraidon|Dazzling Gleam|p2a: Groudon|[spread] p2a,p2b
|-damage|p2a: Groudon|0 fnt
|-damage|p2b: Misdreavus|19/100
|faint|p2a: Groudon
|
|-weather|SunnyDay|[upkeep]
|-fieldend|move: Trick Room
|-fieldend|move: Electric Terrain
|upkeep
|
|t:|1750841761
|switch|p2a: Ursaluna|Ursaluna, L50, F|21/100 brn
|turn|6
|
|t:|1750841773
|move|p2a: Ursaluna|Protect|p2a: Ursaluna
|-singleturn|p2a: Ursaluna|Protect
|move|p1b: Miraidon|Dazzling Gleam|p2a: Ursaluna|[spread] p2b
|-activate|p2a: Ursaluna|move: Protect
|-damage|p2b: Misdreavus|0 fnt
|faint|p2b: Misdreavus
|move|p1a: Lunala|Moongeist Beam|p2a: Ursaluna
|-activate|p2a: Ursaluna|move: Protect
|
|-weather|SunnyDay|[upkeep]
|-damage|p2a: Ursaluna|15/100 brn|[from] brn
|upkeep
|
|t:|1750841788
|switch|p2b: Koraidon|Koraidon, L50|100/100
|-activate|p2b: Koraidon|ability: Orichalcum Pulse
|turn|7
|
|t:|1750841800
|-terastallize|p2b: Koraidon|Fire
|move|p1b: Miraidon|Dazzling Gleam|p2a: Ursaluna|[spread] p2a,p2b
|-resisted|p2b: Koraidon
|-damage|p2a: Ursaluna|0 fnt
|-damage|p2b: Koraidon|80/100
|faint|p2a: Ursaluna
|move|p2b: Koraidon|Flare Blitz|p1a: Lunala
|-damage|p1a: Lunala|0 fnt
|faint|p1a: Lunala
|-damage|p2b: Koraidon|52/100|[from] Recoil
|
|-weather|none
|upkeep
|turn|8
|
|t:|1750841811
|move|p1b: Miraidon|Dazzling Gleam|p2b: Koraidon
|-resisted|p2b: Koraidon
|-damage|p2b: Koraidon|24/100
|move|p2b: Koraidon|Flare Blitz|p1b: Miraidon
|-damage|p1b: Miraidon|0 fnt
|faint|p1b: Miraidon
|-damage|p2b: Koraidon|8/100|[from] Recoil
|
|win|skytreewow
|raw|billyandersen24's rating: 1161 &rarr; <strong>1133</strong><br />(-28 for losing)
|raw|skytreewow's rating: 1124 &rarr; <strong>1152</strong><br />(+28 for winning)
|l|☆skytreewow
|player|p2|
|l|☆billyandersen24
|player|p1|
