|j|☆DivinesilaPatrick
|j|☆Insanemate
|t:|1750720061
|gametype|doubles
|player|p1|DivinesilaPatrick|1|1195
|player|p2|Insanemate|265|1207
|teamsize|p1|6
|teamsize|p2|6
|gen|9
|tier|[Gen 9] VGC 2025 Reg I
|rated|
|rule|Species Clause: Limit one of each Pokémon
|rule|Item Clause: Limit 1 of each item
|clearpoke
|poke|p1|Miraidon, L50|
|poke|p1|Iron Hands, L50|
|poke|p1|Farigiraf, L50, M|
|poke|p1|Calyrex-Ice, L50|
|poke|p1|Rillaboom, L50, M|
|poke|p1|Heatran, L50, M|
|poke|p2|Calyrex-Ice, L50|
|poke|p2|Kyurem-Black, L50|
|poke|p2|Ninetales-Alola, L50, M|
|poke|p2|Iron Valiant, L50|
|poke|p2|Empoleon, L50, F|
|poke|p2|Sceptile, L50, F|
|teampreview|4
|inactive|Battle timer is ON: inactive players will automatically lose when time's up. (requested by DivinesilaPatrick)
|inactive|Insanemate has 60 seconds left.
DivinesilaPatrick rejected open team sheets.
|inactive|Insanemate has 30 seconds left.
|inactive|Insanemate has 20 seconds left.
|inactive|Insanemate has 15 seconds left.
|inactive|Insanemate has 10 seconds left.
|inactive|Insanemate has 5 seconds left.
|
|t:|1750720210
|start
|switch|p1a: Heatran|Heatran, L50, M, shiny|100/100
|switch|p1b: Rillaboom|Rillaboom, L50, M, shiny|100/100
|switch|p2a: Ninetales|Ninetales-Alola, L50, M|100/100
|switch|p2b: Kyurem|Kyurem-Black, L50|100/100
|-weather|Snowscape|[from] ability: Snow Warning|[of] p2a: Ninetales
|-ability|p2b: Kyurem|Teravolt
|-fieldstart|move: Grassy Terrain|[from] ability: Grassy Surge|[of] p1b: Rillaboom
|-enditem|p1b: Rillaboom|Grassy Seed
|-boost|p1b: Rillaboom|def|1|[from] item: Grassy Seed
|turn|1
|
|t:|1750720224
|move|p2a: Ninetales|Protect|p2a: Ninetales
|-singleturn|p2a: Ninetales|Protect
|move|p2b: Kyurem|Protect|p2b: Kyurem
|-singleturn|p2b: Kyurem|Protect
|move|p1b: Rillaboom|Fake Out|p2a: Ninetales
|-activate|p2a: Ninetales|move: Protect
|move|p1a: Heatran|Magma Storm|p2b: Kyurem
|-activate|p2b: Kyurem|move: Protect
|
|-weather|Snowscape|[upkeep]
|upkeep
|turn|2
|inactive|Insanemate has 30 seconds left.
|inactive|Insanemate has 20 seconds left.
|inactive|Insanemate has 15 seconds left.
|
|t:|1750720267
|move|p2a: Ninetales|Aurora Veil|p2a: Ninetales
|-sidestart|p2: Insanemate|move: Aurora Veil
|move|p2b: Kyurem|Dragon Dance|p2b: Kyurem
|-boost|p2b: Kyurem|atk|1
|-boost|p2b: Kyurem|spe|1
|move|p1a: Heatran|Magma Storm|p2b: Kyurem
|-damage|p2b: Kyurem|67/100
|-activate|p2b: Kyurem|move: Magma Storm|[of] p1a: Heatran
|move|p1b: Rillaboom|Knock Off|p2b: Kyurem
|-damage|p2b: Kyurem|55/100
|-enditem|p2b: Kyurem|Loaded Dice|[from] move: Knock Off|[of] p1b: Rillaboom
|
|-weather|Snowscape|[upkeep]
|-heal|p2b: Kyurem|61/100|[from] Grassy Terrain
|-damage|p2b: Kyurem|49/100|[from] move: Magma Storm|[partiallytrapped]
|upkeep
|turn|3
|inactive|DivinesilaPatrick has 30 seconds left.
|
|t:|1750720295
|move|p2a: Ninetales|Blizzard|p1a: Heatran|[spread] p1a,p1b
|-resisted|p1a: Heatran
|-supereffective|p1b: Rillaboom
|-damage|p1a: Heatran|94/100
|-damage|p1b: Rillaboom|40/100
|move|p2b: Kyurem|Fusion Bolt|p1a: Heatran
|-damage|p1a: Heatran|31/100
|move|p1a: Heatran|Magma Storm|p2a: Ninetales
|-supereffective|p2a: Ninetales
|-damage|p2a: Ninetales|12/100
|-activate|p2a: Ninetales|move: Magma Storm|[of] p1a: Heatran
|move|p1b: Rillaboom|Knock Off|p2a: Ninetales
|-resisted|p2a: Ninetales
|-damage|p2a: Ninetales|0 fnt
|-enditem|p2a: Ninetales|Focus Sash|[from] move: Knock Off|[of] p1b: Rillaboom
|faint|p2a: Ninetales
|
|-weather|Snowscape|[upkeep]
|-heal|p2b: Kyurem|55/100|[from] Grassy Terrain
|-heal|p1a: Heatran|37/100|[from] Grassy Terrain
|-heal|p1b: Rillaboom|47/100|[from] Grassy Terrain
|-damage|p2b: Kyurem|42/100|[from] move: Magma Storm|[partiallytrapped]
|upkeep
|inactive|Insanemate has 30 seconds left.
|
|t:|1750720321
|switch|p2a: Calyrex|Calyrex-Ice, L50|100/100
|-ability|p2a: Calyrex|As One
|-ability|p2a: Calyrex|Unnerve
|turn|4
|
|t:|1750720337
|move|p1a: Heatran|Protect|p1a: Heatran
|-singleturn|p1a: Heatran|Protect
|move|p1b: Rillaboom|Grassy Glide|p2b: Kyurem
|-resisted|p2b: Kyurem
|-damage|p2b: Kyurem|35/100
|move|p2b: Kyurem|Fusion Bolt|p1a: Heatran
|-activate|p1a: Heatran|move: Protect
|move|p2a: Calyrex|Glacial Lance|p1b: Rillaboom|[spread] p1b
|-activate|p1a: Heatran|move: Protect
|-supereffective|p1b: Rillaboom
|-damage|p1b: Rillaboom|0 fnt
|faint|p1b: Rillaboom
|-ability|p2a: Calyrex|Chilling Neigh|boost
|-boost|p2a: Calyrex|atk|1
|
|-weather|Snowscape|[upkeep]
|-heal|p2b: Kyurem|41/100|[from] Grassy Terrain
|-heal|p1a: Heatran|43/100|[from] Grassy Terrain
|-damage|p2b: Kyurem|28/100|[from] move: Magma Storm|[partiallytrapped]
|upkeep
|
|t:|1750720360
|switch|p1b: Sukana|Calyrex-Ice, L50|100/100
|-ability|p1b: Sukana|As One
|-ability|p1b: Sukana|Unnerve
|turn|5
|
|t:|1750720378
|move|p2a: Calyrex|Protect|p2a: Calyrex
|-singleturn|p2a: Calyrex|Protect
|move|p2b: Kyurem|Fusion Bolt|p1b: Sukana
|-damage|p1b: Sukana|71/100
|move|p1a: Heatran|Magma Storm|p2a: Calyrex
|-activate|p2a: Calyrex|move: Protect
|move|p1b: Sukana|Imprison|p1b: Sukana
|-start|p1b: Sukana|move: Imprison
|
|-weather|none
|-heal|p2b: Kyurem|34/100|[from] Grassy Terrain
|-heal|p1a: Heatran|49/100|[from] Grassy Terrain
|-heal|p1b: Sukana|76/100|[from] Grassy Terrain
|-damage|p2b: Kyurem|22/100|[from] move: Magma Storm|[partiallytrapped]
|-fieldend|move: Grassy Terrain
|upkeep
|turn|6
|inactive|DivinesilaPatrick has 30 seconds left.
|
|t:|1750720407
|move|p1b: Sukana|Protect|p1b: Sukana
|-singleturn|p1b: Sukana|Protect
|move|p2b: Kyurem|Fusion Bolt|p1b: Sukana
|-activate|p1b: Sukana|move: Protect
|move|p1a: Heatran|Magma Storm|p2a: Calyrex
|-supereffective|p2a: Calyrex
|-damage|p2a: Calyrex|48/100
|-activate|p2a: Calyrex|move: Magma Storm|[of] p1a: Heatran
|-enditem|p2a: Calyrex|Weakness Policy
|-boost|p2a: Calyrex|atk|2|[from] item: Weakness Policy
|-boost|p2a: Calyrex|spa|2|[from] item: Weakness Policy
|move|p2a: Calyrex|Body Press|p1a: Heatran
|-supereffective|p1a: Heatran
|-damage|p1a: Heatran|6/100
|
|-end|p2b: Kyurem|Magma Storm|[partiallytrapped]
|-damage|p2a: Calyrex|36/100|[from] move: Magma Storm|[partiallytrapped]
|-sideend|p2: Insanemate|move: Aurora Veil
|upkeep
|turn|7
|inactive|DivinesilaPatrick has 30 seconds left.
|
|t:|1750720440
|move|p1a: Heatran|Protect|p1a: Heatran
|-singleturn|p1a: Heatran|Protect
|move|p2b: Kyurem|Fusion Bolt|p1a: Heatran
|-activate|p1a: Heatran|move: Protect
|move|p2a: Calyrex|Body Press|p1b: Sukana
|-damage|p1b: Sukana|59/100
|move|p1b: Sukana|Glacial Lance|p2b: Kyurem|[spread] p2a,p2b
|-resisted|p2a: Calyrex
|-damage|p2a: Calyrex|18/100
|-damage|p2b: Kyurem|0 fnt
|faint|p2b: Kyurem
|-ability|p1b: Sukana|Chilling Neigh|boost
|-boost|p1b: Sukana|atk|1
|
|-damage|p2a: Calyrex|6/100|[from] move: Magma Storm|[partiallytrapped]
|upkeep
|
|t:|1750720451
|switch|p2b: Sceptile|Sceptile, L50, F|100/100
|turn|8
|inactive|DivinesilaPatrick has 30 seconds left.
|
|t:|1750720476
|move|p2b: Sceptile|Grass Pledge|p1a: Heatran
|-resisted|p1a: Heatran
|-crit|p1a: Heatran
|-damage|p1a: Heatran|0 fnt
|faint|p1a: Heatran
|move|p2a: Calyrex|Body Press|p1b: Sukana
|-damage|p1b: Sukana|43/100
|move|p1b: Sukana|Glacial Lance|p2b: Sceptile|[spread] p2a,p2b
|-resisted|p2a: Calyrex
|-supereffective|p2b: Sceptile
|-damage|p2a: Calyrex|0 fnt
|-damage|p2b: Sceptile|0 fnt
|faint|p2a: Calyrex
|faint|p2b: Sceptile
|
|win|DivinesilaPatrick
|raw|DivinesilaPatrick's rating: 1195 &rarr; <strong>1221</strong><br />(+26 for winning)
|raw|Insanemate's rating: 1207 &rarr; <strong>1181</strong><br />(-26 for losing)
|l|☆Insanemate
|player|p2|
|l|☆DivinesilaPatrick
|player|p1|
