|j|☆little haemorrhoid
|j|☆ittsaTRAP
|t:|1750773574
|gametype|doubles
|player|p1|little haemorrhoid|101|1320
|player|p2|ittsaTRAP|169|1236
|teamsize|p1|6
|teamsize|p2|6
|gen|9
|tier|[Gen 9] VGC 2025 Reg I
|rated|
|rule|Species Clause: Limit one of each Pokémon
|rule|Item Clause: Limit 1 of each item
|clearpoke
|poke|p1|Incineroar, L50, F|
|poke|p1|Flutter Mane, L50|
|poke|p1|Landorus, L50, M|
|poke|p1|Miraidon, L50|
|poke|p1|Koraidon, L50|
|poke|p1|Drifblim, L50, M|
|poke|p2|Torkoal, L50, M|
|poke|p2|Calyrex-Ice, L50|
|poke|p2|Jumpluff, L50, M|
|poke|p2|Necrozma-Dawn-Wings, L50|
|poke|p2|Indeedee-F, L50, F|
|poke|p2|Iron Hands, L50|
|teampreview|4
|c|☆little haemorrhoid|gl
|
|t:|1750773596
|start
|switch|p1a: Flutter Mane|Flutter Mane, L50|100/100
|switch|p1b: Incineroar|Incineroar, L50, F|100/100
|switch|p2a: Indeedee|Indeedee-F, L50, F|100/100
|switch|p2b: Necrozma|Necrozma-Dawn-Wings, L50|100/100
|-fieldstart|move: Psychic Terrain|[from] ability: Psychic Surge|[of] p2a: Indeedee
|-ability|p1b: Incineroar|Intimidate|boost
|-unboost|p2a: Indeedee|atk|1
|-unboost|p2b: Necrozma|atk|1
|turn|1
|
|t:|1750773617
|-terastallize|p1a: Flutter Mane|Normal
|move|p2a: Indeedee|Follow Me|p2a: Indeedee
|-singleturn|p2a: Indeedee|move: Follow Me
|move|p1a: Flutter Mane|Taunt|p2a: Indeedee
|-start|p2a: Indeedee|move: Taunt
|move|p1b: Incineroar|Knock Off|p2a: Indeedee
|-supereffective|p2a: Indeedee
|-damage|p2a: Indeedee|28/100
|-enditem|p2a: Indeedee|Safety Goggles|[from] move: Knock Off|[of] p1b: Incineroar
|move|p2b: Necrozma|Trick Room|p2b: Necrozma
|-fieldstart|move: Trick Room|[of] p2b: Necrozma
|
|upkeep
|turn|2
|
|t:|1750773643
|move|p1b: Incineroar|Knock Off|p2b: Necrozma
|-supereffective|p2b: Necrozma
|-damage|p2b: Necrozma|11/100
|-enditem|p2b: Necrozma|Power Herb|[from] move: Knock Off|[of] p1b: Incineroar
|move|p2b: Necrozma|Expanding Force|p1a: Flutter Mane|[spread] p1a
|-immune|p1b: Incineroar
|-damage|p1a: Flutter Mane|24/100
|move|p2a: Indeedee|Psychic|p1a: Flutter Mane
|-damage|p1a: Flutter Mane|0 fnt
|faint|p1a: Flutter Mane
|-end|p1a: Flutter Mane|Protosynthesis|[silent]
|
|upkeep
|
|t:|1750773656
|switch|p1a: Miraidon|Miraidon, L50|100/100
|-fieldstart|move: Electric Terrain|[from] ability: Hadron Engine|[of] p1a: Miraidon
|turn|3
|
|t:|1750773665
|move|p1b: Incineroar|Knock Off|p2b: Necrozma
|-supereffective|p2b: Necrozma
|-damage|p2b: Necrozma|0 fnt
|faint|p2b: Necrozma
|move|p2a: Indeedee|Psychic|p1a: Miraidon
|-damage|p1a: Miraidon|75/100
|move|p1a: Miraidon|Volt Switch|p2a: Indeedee
|-damage|p2a: Indeedee|0 fnt
|faint|p2a: Indeedee
|
|t:|1750773674
|switch|p1a: Koraidon|Koraidon, L50|100/100|[from] Volt Switch
|-weather|SunnyDay|[from] ability: Orichalcum Pulse|[of] p1a: Koraidon
|-activate|p1a: Koraidon|Orichalcum Pulse|[source]
|
|-weather|SunnyDay|[upkeep]
|upkeep
|
|t:|1750773682
|switch|p2b: Torkoal|Torkoal, L50, M|100/100
|switch|p2a: Calyrex|Calyrex-Ice, L50|100/100
|-ability|p2a: Calyrex|As One
|-ability|p2a: Calyrex|Unnerve
|turn|4
|
|t:|1750773693
|-terastallize|p2b: Torkoal|Fire
|move|p2b: Torkoal|Eruption|p1a: Koraidon|[spread] p1a,p1b
|-resisted|p1a: Koraidon
|-resisted|p1b: Incineroar
|-damage|p1a: Koraidon|46/100
|-damage|p1b: Incineroar|65/100
|move|p2a: Calyrex|Glacial Lance|p1a: Koraidon|[spread] p1a,p1b
|-supereffective|p1a: Koraidon
|-resisted|p1b: Incineroar
|-damage|p1a: Koraidon|0 fnt
|-damage|p1b: Incineroar|44/100
|faint|p1a: Koraidon
|-ability|p2a: Calyrex|Chilling Neigh|boost
|-boost|p2a: Calyrex|atk|1
|move|p1b: Incineroar|Flare Blitz|p2a: Calyrex
|-supereffective|p2a: Calyrex
|-damage|p2a: Calyrex|16/100
|-damage|p1b: Incineroar|15/100|[from] Recoil
|
|-weather|SunnyDay|[upkeep]
|upkeep
|
|t:|1750773709
|switch|p1a: Miraidon|Miraidon, L50|75/100
|-activate|p1a: Miraidon|ability: Hadron Engine
|turn|5
|
|t:|1750773720
|move|p2b: Torkoal|Eruption|p1b: Incineroar|[spread] p1a,p1b
|-resisted|p1a: Miraidon
|-resisted|p1b: Incineroar
|-damage|p1a: Miraidon|22/100
|-damage|p1b: Incineroar|0 fnt
|faint|p1b: Incineroar
|move|p2a: Calyrex|Glacial Lance|p1a: Miraidon
|-supereffective|p1a: Miraidon
|-damage|p1a: Miraidon|0 fnt
|faint|p1a: Miraidon
|
|win|ittsaTRAP
|raw|little haemorrhoid's rating: 1320 &rarr; <strong>1295</strong><br />(-25 for losing)
|raw|ittsaTRAP's rating: 1236 &rarr; <strong>1267</strong><br />(+31 for winning)
|c|☆little haemorrhoid|wp
|l|☆little haemorrhoid
|player|p1|
|l|☆ittsaTRAP
|player|p2|
