|j|☆sandstrummie
|j|☆BRdilas
|t:|1750812103
|gametype|doubles
|player|p1|sandstrummie|unknown|1463
|player|p2|BRdilas|266|1511
|teamsize|p1|6
|teamsize|p2|6
|gen|9
|tier|[Gen 9] VGC 2025 Reg I
|rated|
|rule|Species Clause: Limit one of each Pokémon
|rule|Item Clause: Limit 1 of each item
|clearpoke
|poke|p1|Calyrex-Shadow, L50|
|poke|p1|Zamazenta-*, L50|
|poke|p1|Tyranitar, L50, F|
|poke|p1|Garchomp, L50, F|
|poke|p1|Amoonguss, L50, F|
|poke|p1|Incineroar, L50, F|
|poke|p2|Koraidon, L50|
|poke|p2|Armarouge, L50, M|
|poke|p2|Calyrex-Shadow, L50|
|poke|p2|Indeedee-F, L50, F|
|poke|p2|Ceruledge, L50, F|
|poke|p2|Urshifu-*, L50, F|
|teampreview|4
|
|t:|1750812116
|start
|switch|p1a: Tyranitar|Tyranitar, L50, F|100/100
|switch|p1b: Garchomp|Garchomp, L50, F|100/100
|switch|p2a: Koraidon|Koraidon, L50|100/100
|switch|p2b: Armarouge|Armarouge, L50, M|100/100
|-weather|SunnyDay|[from] ability: Orichalcum Pulse|[of] p2a: Koraidon
|-activate|p2a: Koraidon|Orichalcum Pulse|[source]
|-weather|Sandstorm|[from] ability: Sand Stream|[of] p1a: Tyranitar
|turn|1
|inactive|Battle timer is ON: inactive players will automatically lose when time's up. (requested by sandstrummie)
|inactive|BRdilas has 60 seconds left.
|
|t:|1750812150
|-terastallize|p2b: Armarouge|Psychic
|-terastallize|p1a: Tyranitar|Ghost
|move|p2a: Koraidon|U-turn|p2b: Armarouge
|-supereffective|p2b: Armarouge
|-damage|p2b: Armarouge|60/100
|-ability|p2b: Armarouge|Weak Armor|boost
|-unboost|p2b: Armarouge|def|1
|-boost|p2b: Armarouge|spe|2
|-enditem|p2b: Armarouge|Weakness Policy
|-boost|p2b: Armarouge|atk|2|[from] item: Weakness Policy
|-boost|p2b: Armarouge|spa|2|[from] item: Weakness Policy
|
|t:|1750812161
|switch|p2a: Indeedee|Indeedee-F, L50, F|100/100|[from] U-turn
|-fieldstart|move: Psychic Terrain|[from] ability: Psychic Surge|[of] p2a: Indeedee
|-enditem|p2a: Indeedee|Psychic Seed
|-boost|p2a: Indeedee|spd|1|[from] item: Psychic Seed
|move|p2b: Armarouge|Expanding Force|p1b: Garchomp|[spread] p1a
|-miss|p2b: Armarouge|p1b: Garchomp
|-damage|p1a: Tyranitar|9/100
|move|p1b: Garchomp|Dragon Claw|p2a: Indeedee
|-damage|p2a: Indeedee|62/100
|move|p1a: Tyranitar|Knock Off|p2b: Armarouge
|-supereffective|p2b: Armarouge
|-damage|p2b: Armarouge|0 fnt
|faint|p2b: Armarouge
|
|-weather|Sandstorm|[upkeep]
|-damage|p2a: Indeedee|55/100|[from] Sandstorm
|-damage|p1a: Tyranitar|3/100|[from] Sandstorm
|upkeep
|
|t:|1750812177
|switch|p2b: Koraidon|Koraidon, L50|100/100
|-weather|SunnyDay|[from] ability: Orichalcum Pulse|[of] p2b: Koraidon
|-activate|p2b: Koraidon|Orichalcum Pulse|[source]
|turn|2
|
|t:|1750812188
|move|p2a: Indeedee|Helping Hand|p2b: Koraidon
|-singleturn|p2b: Koraidon|Helping Hand|[of] p2a: Indeedee
|move|p2b: Koraidon|Breaking Swipe|p1a: Tyranitar|[spread] p1a,p1b
|-supereffective|p1b: Garchomp
|-damage|p1a: Tyranitar|0 fnt
|-damage|p1b: Garchomp|29/100
|-unboost|p1b: Garchomp|atk|1
|faint|p1a: Tyranitar
|move|p1b: Garchomp|Dragon Claw|p2b: Koraidon
|-supereffective|p2b: Koraidon
|-damage|p2b: Koraidon|57/100
|
|-weather|SunnyDay|[upkeep]
|upkeep
|
|t:|1750812209
|switch|p1a: Calyrex|Calyrex-Shadow, L50|100/100
|-ability|p1a: Calyrex|As One
|-ability|p1a: Calyrex|Unnerve
|turn|3
|
|t:|1750812224
|move|p2a: Indeedee|Helping Hand|p2b: Koraidon
|-singleturn|p2b: Koraidon|Helping Hand|[of] p2a: Indeedee
|move|p2b: Koraidon|Breaking Swipe|p1a: Calyrex|[spread] p1a
|-miss|p2b: Koraidon|p1b: Garchomp
|-damage|p1a: Calyrex|53/100
|-unboost|p1a: Calyrex|atk|1
|move|p1a: Calyrex|Astral Barrage|p2a: Indeedee|[spread] p2b
|-immune|p2a: Indeedee
|-damage|p2b: Koraidon|3/100
|move|p1b: Garchomp|Stomping Tantrum|p2a: Indeedee
|-damage|p2a: Indeedee|31/100
|
|-weather|SunnyDay|[upkeep]
|upkeep
|turn|4
|inactive|sandstrummie has 30 seconds left.
|
|t:|1750812251
|switch|p1b: Zamazenta|Zamazenta-Crowned, L50|100/100
|-ability|p1b: Zamazenta|Dauntless Shield|boost
|-boost|p1b: Zamazenta|def|1
|move|p2a: Indeedee|Helping Hand|p2b: Koraidon
|-singleturn|p2b: Koraidon|Helping Hand|[of] p2a: Indeedee
|move|p1a: Calyrex|Protect|p1a: Calyrex
|-singleturn|p1a: Calyrex|Protect
|move|p2b: Koraidon|Breaking Swipe|p1b: Zamazenta|[spread] p1b
|-activate|p1a: Calyrex|move: Protect
|-resisted|p1b: Zamazenta
|-damage|p1b: Zamazenta|93/100
|-unboost|p1b: Zamazenta|atk|1
|
|-weather|SunnyDay|[upkeep]
|upkeep
|turn|5
|
|t:|1750812271
|move|p1b: Zamazenta|Wide Guard|p1b: Zamazenta
|-singleturn|p1b: Zamazenta|Wide Guard
|move|p2a: Indeedee|Follow Me|p2a: Indeedee
|-singleturn|p2a: Indeedee|move: Follow Me
|move|p2b: Koraidon|Breaking Swipe|p1b: Zamazenta|[spread] 
|-activate|p1a: Calyrex|move: Wide Guard
|-activate|p1b: Zamazenta|move: Wide Guard
|move|p1a: Calyrex|Astral Barrage|p2a: Indeedee|[spread] p2b
|-immune|p2a: Indeedee
|-damage|p2b: Koraidon|0 fnt
|faint|p2b: Koraidon
|-ability|p1a: Calyrex|Grim Neigh|boost
|-boost|p1a: Calyrex|spa|1
|
|-weather|SunnyDay|[upkeep]
|-fieldend|move: Psychic Terrain
|upkeep
|c|☆BRdilas|gg
|-message|BRdilas forfeited.
|
|win|sandstrummie
|raw|sandstrummie's rating: 1463 &rarr; <strong>1486</strong><br />(+23 for winning)
|raw|BRdilas's rating: 1511 &rarr; <strong>1488</strong><br />(-23 for losing)
|l|☆BRdilas
|player|p2|
|l|☆sandstrummie
|player|p1|
