|j|☆limaozin140794
|j|☆kock fan
|t:|1750818739
|gametype|doubles
|player|p1|limaozin140794|101|1513
|player|p2|kock fan|harlequin|1424
|teamsize|p1|6
|teamsize|p2|6
|gen|9
|tier|[Gen 9] VGC 2025 Reg I
|rated|
|rule|Species Clause: Limit one of each Pokémon
|rule|Item Clause: Limit 1 of each item
|clearpoke
|poke|p1|Whimsicott, L50, F|
|poke|p1|Calyrex-Shadow, L50|
|poke|p1|Zamazenta-*, L50|
|poke|p1|Flutter Mane, L50|
|poke|p1|Chi-Yu, L50|
|poke|p1|Urshifu-*, L50, F|
|poke|p2|Kyogre, L50|
|poke|p2|Incineroar, L50, M|
|poke|p2|Calyrex-Ice, L50|
|poke|p2|Archaludon, L50, M|
|poke|p2|Whimsicott, L50, F|
|poke|p2|Landorus, L50, M|
|teampreview|4
|inactive|Battle timer is ON: inactive players will automatically lose when time's up. (requested by limaozin140794)
|
|t:|1750818765
|start
|switch|p1a: Whimsicott|Whimsicott, L50, F|100/100
|switch|p1b: Chi-Yu|Chi-Yu, L50|100/100
|switch|p2a: Whimsicott|Whimsicott, L50, F|100/100
|switch|p2b: Archaludon|Archaludon, L50, M|100/100
|-ability|p1b: Chi-Yu|Beads of Ruin
|turn|1
|
|t:|1750818786
|move|p1b: Chi-Yu|Protect|p1b: Chi-Yu
|-singleturn|p1b: Chi-Yu|Protect
|move|p2a: Whimsicott|Taunt|p1a: Whimsicott
|-start|p1a: Whimsicott|move: Taunt
|cant|p1a: Whimsicott|move: Taunt|Taunt
|move|p2b: Archaludon|Body Press|p1b: Chi-Yu
|-activate|p1b: Chi-Yu|move: Protect
|
|upkeep
|turn|2
|inactive|kock fan has 30 seconds left.
|inactive|kock fan has 20 seconds left.
|inactive|kock fan has 15 seconds left.
|inactive|kock fan has 10 seconds left.
|inactive|kock fan has 5 seconds left.
|
|t:|1750818838
|switch|p1b: Calyrex|Calyrex-Shadow, L50|100/100
|-ability|p1b: Calyrex|As One
|-ability|p1b: Calyrex|Unnerve
|move|p2a: Whimsicott|Encore||[still]
|-fail|p2a: Whimsicott
|move|p1a: Whimsicott|Moonblast|p2b: Archaludon
|-damage|p2b: Archaludon|78/100
|-ability|p2b: Archaludon|Stamina|boost
|-boost|p2b: Archaludon|def|1
|move|p2b: Archaludon|Body Press|p1b: Calyrex
|-immune|p1b: Calyrex
|
|upkeep
|turn|3
|inactive|limaozin140794 has 30 seconds left.
|inactive|kock fan has 30 seconds left.
|
|t:|1750818865
|move|p2a: Whimsicott|Tailwind|p2a: Whimsicott
|-sidestart|p2: kock fan|move: Tailwind
|move|p1b: Calyrex|Astral Barrage|p2b: Archaludon|[spread] p2a,p2b
|-enditem|p2a: Whimsicott|Focus Sash
|-damage|p2a: Whimsicott|1/100
|-damage|p2b: Archaludon|38/100
|-ability|p2b: Archaludon|Stamina|boost
|-boost|p2b: Archaludon|def|1
|move|p2b: Archaludon|Flash Cannon|p1a: Whimsicott
|-supereffective|p1a: Whimsicott
|-enditem|p1a: Whimsicott|Focus Sash
|-damage|p1a: Whimsicott|1/100
|move|p1a: Whimsicott|Moonblast|p2a: Whimsicott
|-damage|p2a: Whimsicott|0 fnt
|faint|p2a: Whimsicott
|
|-end|p1a: Whimsicott|move: Taunt
|upkeep
|
|t:|1750818883
|switch|p2a: Kyogre|Kyogre, L50|100/100
|-weather|RainDance|[from] ability: Drizzle|[of] p2a: Kyogre
|turn|4
|
|t:|1750818898
|-terastallize|p1b: Calyrex|Grass
|move|p1a: Whimsicott|Tailwind|p1a: Whimsicott
|-sidestart|p1: limaozin140794|move: Tailwind
|move|p1b: Calyrex|Giga Drain|p2a: Kyogre
|-supereffective|p2a: Kyogre
|-damage|p2a: Kyogre|35/100
|move|p2a: Kyogre|Water Spout|p1a: Whimsicott|[spread] p1a,p1b
|-resisted|p1a: Whimsicott
|-crit|p1a: Whimsicott
|-resisted|p1b: Calyrex
|-damage|p1a: Whimsicott|0 fnt
|-damage|p1b: Calyrex|82/100
|faint|p1a: Whimsicott
|move|p2b: Archaludon|Electro Shot||[still]
|-prepare|p2b: Archaludon|Electro Shot
|-boost|p2b: Archaludon|spa|1
|-anim|p2b: Archaludon|Electro Shot|p1b: Calyrex
|-resisted|p1b: Calyrex
|-damage|p1b: Calyrex|50/100
|
|-weather|RainDance|[upkeep]
|upkeep
|
|t:|1750818915
|switch|p1a: Zamazenta|Zamazenta-Crowned, L50|100/100
|-ability|p1a: Zamazenta|Dauntless Shield|boost
|-boost|p1a: Zamazenta|def|1
|turn|5
|inactive|kock fan has 30 seconds left.
|
|t:|1750818944
|move|p1b: Calyrex|Astral Barrage|p2b: Archaludon|[spread] p2a,p2b
|-damage|p2a: Kyogre|0 fnt
|-damage|p2b: Archaludon|1/100
|-ability|p2b: Archaludon|Stamina|boost
|-boost|p2b: Archaludon|def|1
|faint|p2a: Kyogre
|-ability|p1b: Calyrex|Grim Neigh|boost
|-boost|p1b: Calyrex|spa|1
|move|p1a: Zamazenta|Body Press|p2b: Archaludon
|-supereffective|p2b: Archaludon
|-damage|p2b: Archaludon|0 fnt
|faint|p2b: Archaludon
|
|-weather|RainDance|[upkeep]
|upkeep
|
|t:|1750818958
|switch|p2b: Calyrex|Calyrex-Ice, L50|100/100
|-ability|p2b: Calyrex|As One
|-ability|p2b: Calyrex|Unnerve
|turn|6
|
|t:|1750818966
|-terastallize|p2b: Calyrex|Dark
|move|p1b: Calyrex|Astral Barrage|p2b: Calyrex
|-resisted|p2b: Calyrex
|-damage|p2b: Calyrex|62/100
|move|p1a: Zamazenta|Behemoth Bash|p2b: Calyrex
|-damage|p2b: Calyrex|36/100
|move|p2b: Calyrex|Glacial Lance|p1b: Calyrex|[spread] p1a,p1b
|-resisted|p1a: Zamazenta
|-supereffective|p1b: Calyrex
|-damage|p1a: Zamazenta|89/100
|-damage|p1b: Calyrex|0 fnt
|faint|p1b: Calyrex
|-ability|p2b: Calyrex|Chilling Neigh|boost
|-boost|p2b: Calyrex|atk|1
|
|-weather|RainDance|[upkeep]
|-sideend|p2: kock fan|move: Tailwind
|upkeep
|
|t:|1750818977
|switch|p1b: Chi-Yu|Chi-Yu, L50|100/100
|-ability|p1b: Chi-Yu|Beads of Ruin
|turn|7
|
|t:|1750818985
|move|p1a: Zamazenta|Body Press|p2b: Calyrex
|-supereffective|p2b: Calyrex
|-damage|p2b: Calyrex|0 fnt
|faint|p2b: Calyrex
|
|win|limaozin140794
|raw|limaozin140794's rating: 1513 &rarr; <strong>1528</strong><br />(+15 for winning)
|raw|kock fan's rating: 1424 &rarr; <strong>1409</strong><br />(-15 for losing)
|l|☆limaozin140794
|player|p1|
|l|☆kock fan
|player|p2|
