|j|‽xGSx3ntr0py
|j|☆billbond
|t:|1750739999
|gametype|doubles
|player|p1|xGSx3ntr0py|169|1488
|player|p2|billbond|steven|1491
|teamsize|p1|6
|teamsize|p2|6
|gen|9
|tier|[Gen 9] VGC 2025 Reg I
|rated|
|rule|Species Clause: Limit one of each Pokémon
|rule|Item Clause: Limit 1 of each item
|clearpoke
|poke|p1|Calyrex-Ice, L50|
|poke|p1|Smeargle, L50, M|
|poke|p1|Incineroar, L50, M|
|poke|p1|Rillaboom, L50, M|
|poke|p1|Lunala, L50|
|poke|p1|Muk-Alola, L50, F|
|poke|p2|Zamazenta-*, L50|
|poke|p2|Lunala, L50|
|poke|p2|Chi-Yu, L50|
|poke|p2|Rillaboom, L50, F|
|poke|p2|Urshifu-*, L50, M|
|poke|p2|Overqwil, L50, F|
|teampreview|4
|
|t:|1750740044
|start
|switch|p1a: Smeargle|Smeargle, L50, M|100/100
|switch|p1b: Incineroar|Incineroar, L50, M|100/100
|switch|p2a: Urshifu|Urshifu-Rapid-Strike, L50, M|100/100
|switch|p2b: Overqwil|Overqwil, L50, F|100/100
|-ability|p2b: Overqwil|Intimidate|boost
|-unboost|p1a: Smeargle|atk|1
|-unboost|p1b: Incineroar|atk|1
|-ability|p1b: Incineroar|Intimidate|boost
|-unboost|p2a: Urshifu|atk|1
|-unboost|p2b: Overqwil|atk|1
|turn|1
|
|t:|1750740065
|switch|p1b: Lunala|Lunala, L50|100/100
|move|p2a: Urshifu|Protect|p2a: Urshifu
|-singleturn|p2a: Urshifu|Protect
|move|p2b: Overqwil|Toxic Spikes|p1b: Lunala
|-sidestart|p1: xGSx3ntr0py|move: Toxic Spikes
|move|p1a: Smeargle|Decorate|p1b: Lunala
|-boost|p1b: Lunala|atk|2
|-boost|p1b: Lunala|spa|2
|
|-ability|p1a: Smeargle|Moody|boost
|-boost|p1a: Smeargle|atk|2
|-unboost|p1a: Smeargle|def|1
|upkeep
|turn|2
|
|t:|1750740098
|-terastallize|p1b: Lunala|Fairy
|move|p1a: Smeargle|Follow Me|p1a: Smeargle
|-singleturn|p1a: Smeargle|move: Follow Me
|move|p2a: Urshifu|Surging Strikes|p1a: Smeargle
|-crit|p1a: Smeargle
|-damage|p1a: Smeargle|44/100
|-crit|p1a: Smeargle
|-damage|p1a: Smeargle|0 fnt
|faint|p1a: Smeargle
|-hitcount|p1: Smeargle|2
|move|p2b: Overqwil|Throat Chop|p1b: Lunala
|-resisted|p1b: Lunala
|-damage|p1b: Lunala|96/100
|-start|p1b: Lunala|Throat Chop|[silent]
|move|p1b: Lunala|Trick Room|p1b: Lunala
|-fieldstart|move: Trick Room|[of] p1b: Lunala
|
|-heal|p1b: Lunala|100/100|[from] item: Leftovers
|upkeep
|
|t:|1750740114
|switch|p1a: Calyrex|Calyrex-Ice, L50|100/100
|-ability|p1a: Calyrex|As One
|-ability|p1a: Calyrex|Unnerve
|-status|p1a: Calyrex|psn
|turn|3
|
|t:|1750740133
|move|p2b: Overqwil|Protect|p2b: Overqwil
|-singleturn|p2b: Overqwil|Protect
|move|p2a: Urshifu|Protect|p2a: Urshifu
|-singleturn|p2a: Urshifu|Protect
|move|p1a: Calyrex|Glacial Lance|p2b: Overqwil|[spread] 
|-activate|p2a: Urshifu|move: Protect
|-activate|p2b: Overqwil|move: Protect
|move|p1b: Lunala|Moonblast|p2a: Urshifu
|-activate|p2a: Urshifu|move: Protect
|
|-damage|p1a: Calyrex|88/100 psn|[from] psn
|-end|p1b: Lunala|Throat Chop|[silent]
|upkeep
|turn|4
|
|t:|1750740147
|move|p1a: Calyrex|Glacial Lance|p2a: Urshifu|[spread] p2a,p2b
|-resisted|p2a: Urshifu
|-damage|p2a: Urshifu|68/100
|-damage|p2b: Overqwil|54/100
|move|p2b: Overqwil|Barb Barrage|p1b: Lunala
|-supereffective|p1b: Lunala
|-damage|p1b: Lunala|88/100
|-status|p1b: Lunala|psn
|move|p1b: Lunala|Moonblast|p2a: Urshifu
|-supereffective|p2a: Urshifu
|-damage|p2a: Urshifu|0 fnt
|faint|p2a: Urshifu
|
|-heal|p2b: Overqwil|60/100|[from] item: Black Sludge
|-heal|p1b: Lunala|94/100 psn|[from] item: Leftovers
|-damage|p1a: Calyrex|76/100 psn|[from] psn
|-damage|p1b: Lunala|82/100 psn|[from] psn
|upkeep
|
|t:|1750740165
|switch|p2a: Lunala|Lunala, L50|100/100
|turn|5
|
|t:|1750740186
|-terastallize|p2a: Lunala|Water
|move|p2b: Overqwil|Protect|p2b: Overqwil
|-singleturn|p2b: Overqwil|Protect
|move|p1a: Calyrex|Crunch|p2a: Lunala
|-crit|p2a: Lunala
|-damage|p2a: Lunala|81/100
|-unboost|p2a: Lunala|def|1
|move|p1b: Lunala|Moonblast|p2a: Lunala
|-crit|p2a: Lunala
|-damage|p2a: Lunala|0 fnt
|faint|p2a: Lunala
|
|-heal|p2b: Overqwil|66/100|[from] item: Black Sludge
|-heal|p1b: Lunala|88/100 psn|[from] item: Leftovers
|-damage|p1a: Calyrex|64/100 psn|[from] psn
|-damage|p1b: Lunala|76/100 psn|[from] psn
|upkeep
|
|t:|1750740193
|switch|p2a: Zamazenta|Zamazenta, L50|100/100
|-ability|p2a: Zamazenta|Dauntless Shield|boost
|-boost|p2a: Zamazenta|def|1
|turn|6
|
|t:|1750740217
|switch|p1a: Incineroar|Incineroar, L50, M|100/100
|-status|p1a: Incineroar|psn
|-ability|p1a: Incineroar|Intimidate|boost
|-unboost|p2a: Zamazenta|atk|1
|-unboost|p2b: Overqwil|atk|1
|move|p1b: Lunala|Protect|p1b: Lunala
|-singleturn|p1b: Lunala|Protect
|move|p2a: Zamazenta|Protect|p2a: Zamazenta
|-singleturn|p2a: Zamazenta|Protect
|move|p2b: Overqwil|Barb Barrage|p1b: Lunala
|-activate|p1b: Lunala|move: Protect
|
|-heal|p2b: Overqwil|72/100|[from] item: Black Sludge
|-heal|p1b: Lunala|82/100 psn|[from] item: Leftovers
|-damage|p1a: Incineroar|88/100 psn|[from] psn
|-damage|p1b: Lunala|70/100 psn|[from] psn
|-fieldend|move: Trick Room
|upkeep
|turn|7
|
|t:|1750740231
|move|p2a: Zamazenta|Protect||[still]
|-fail|p2a: Zamazenta
|move|p1a: Incineroar|Fake Out|p2a: Zamazenta
|-damage|p2a: Zamazenta|94/100
|move|p2b: Overqwil|Barb Barrage|p1b: Lunala
|-supereffective|p1b: Lunala
|-damage|p1b: Lunala|32/100 psn
|move|p1b: Lunala|Trick Room|p1b: Lunala
|-fieldstart|move: Trick Room|[of] p1b: Lunala
|
|-heal|p2b: Overqwil|79/100|[from] item: Black Sludge
|-heal|p1b: Lunala|38/100 psn|[from] item: Leftovers
|-damage|p1a: Incineroar|76/100 psn|[from] psn
|-damage|p1b: Lunala|26/100 psn|[from] psn
|upkeep
|turn|8
|
|t:|1750740253
|move|p2a: Zamazenta|Protect|p2a: Zamazenta
|-singleturn|p2a: Zamazenta|Protect
|move|p1a: Incineroar|Will-O-Wisp|p2a: Zamazenta
|-activate|p2a: Zamazenta|move: Protect
|move|p2b: Overqwil|Barb Barrage|p1b: Lunala
|-supereffective|p1b: Lunala
|-damage|p1b: Lunala|0 fnt
|faint|p1b: Lunala
|
|-heal|p2b: Overqwil|85/100|[from] item: Black Sludge
|-damage|p1a: Incineroar|63/100 psn|[from] psn
|upkeep
|
|t:|1750740263
|switch|p1b: Calyrex|Calyrex-Ice, L50|64/100 psn
|-ability|p1b: Calyrex|As One
|-ability|p1b: Calyrex|Unnerve
|turn|9
|
|t:|1750740269
|move|p1b: Calyrex|Glacial Lance|p2b: Overqwil|[spread] p2a,p2b
|-damage|p2a: Zamazenta|56/100
|-damage|p2b: Overqwil|33/100
|move|p1a: Incineroar|Will-O-Wisp|p2a: Zamazenta
|-status|p2a: Zamazenta|brn
|move|p2b: Overqwil|Barb Barrage|p1b: Calyrex
|-damage|p1b: Calyrex|49/100 psn
|move|p2a: Zamazenta|Body Press|p1a: Incineroar
|-supereffective|p1a: Incineroar
|-damage|p1a: Incineroar|5/100 psn
|-damage|p2a: Zamazenta|47/100 brn|[from] item: Life Orb
|
|-heal|p2b: Overqwil|40/100|[from] item: Black Sludge
|-damage|p1b: Calyrex|37/100 psn|[from] psn
|-damage|p1a: Incineroar|0 fnt|[from] psn
|faint|p1a: Incineroar
|-damage|p2a: Zamazenta|41/100 brn|[from] brn
|upkeep
|turn|10
|
|t:|1750740280
|move|p2b: Overqwil|Protect|p2b: Overqwil
|-singleturn|p2b: Overqwil|Protect
|move|p2a: Zamazenta|Protect|p2a: Zamazenta
|-singleturn|p2a: Zamazenta|Protect
|move|p1b: Calyrex|Glacial Lance|p2a: Zamazenta|[spread] 
|-activate|p2a: Zamazenta|move: Protect
|-activate|p2b: Overqwil|move: Protect
|
|-heal|p2b: Overqwil|46/100|[from] item: Black Sludge
|-damage|p1b: Calyrex|25/100 psn|[from] psn
|-damage|p2a: Zamazenta|35/100 brn|[from] brn
|upkeep
|turn|11
|
|t:|1750740290
|move|p1b: Calyrex|Glacial Lance|p2a: Zamazenta|[spread] p2a,p2b
|-damage|p2a: Zamazenta|0 fnt
|-damage|p2b: Overqwil|0 fnt
|faint|p2a: Zamazenta
|faint|p2b: Overqwil
|
|win|xGSx3ntr0py
|raw|xGSx3ntr0py's rating: 1488 &rarr; <strong>1508</strong><br />(+20 for winning)
|raw|billbond's rating: 1491 &rarr; <strong>1471</strong><br />(-20 for losing)
|l|‽xGSx3ntr0py
|player|p1|
|l|☆billbond
|player|p2|
