|j|☆yaasuto
|j|☆khal_draco1472
|t:|1750742003
|gametype|doubles
|player|p1|yaasuto|hilbert|1484
|player|p2|khal_draco1472|266|1504
|teamsize|p1|6
|teamsize|p2|6
|gen|9
|tier|[Gen 9] VGC 2025 Reg I
|rated|
|rule|Species Clause: Limit one of each Pokémon
|rule|Item Clause: Limit 1 of each item
|clearpoke
|poke|p1|Ho-Oh, L50|
|poke|p1|Eternatus, L50|
|poke|p1|Wo-Chien, L50|
|poke|p1|Incineroar, L50, F|
|poke|p1|Rillaboom, L50, F|
|poke|p1|Ting-Lu, L50|
|poke|p2|Calyrex-Shadow, L50|
|poke|p2|Koraidon, L50|
|poke|p2|Weezing-Galar, L50, F|
|poke|p2|Incineroar, L50, F|
|poke|p2|Walking Wake, L50|
|poke|p2|Chi-Yu, L50|
|teampreview|4
|inactive|Battle timer is ON: inactive players will automatically lose when time's up. (requested by yaasuto)
|
|t:|1750742031
|start
|switch|p1a: Eternatus|Eternatus, L50|100/100
|switch|p1b: Incineroar|Incineroar, L50, F|100/100
|switch|p2a: Weezing|Weezing-Galar, L50, F, shiny|100/100
|switch|p2b: Calyrex|Calyrex-Shadow, L50|100/100
|-ability|p2a: Weezing|Neutralizing Gas
|-ability|p2b: Calyrex|As One
|-ability|p2b: Calyrex|Unnerve
|turn|1
|inactive|khal_draco1472 has 30 seconds left.
|
|t:|1750742064
|switch|p1a: Ting-Lu|Ting-Lu, L50|100/100
|move|p2b: Calyrex|Protect|p2b: Calyrex
|-singleturn|p2b: Calyrex|Protect
|move|p2a: Weezing|Sludge Bomb|p1b: Incineroar
|-damage|p1b: Incineroar|81/100
|-status|p1b: Incineroar|psn
|move|p1b: Incineroar|Parting Shot|p2b: Calyrex
|-activate|p2b: Calyrex|move: Protect
|
|-damage|p1b: Incineroar|69/100 psn|[from] psn
|upkeep
|turn|2
|
|t:|1750742084
|switch|p2b: Koraidon|Koraidon, L50|100/100
|-weather|SunnyDay|[from] ability: Orichalcum Pulse|[of] p2b: Koraidon
|-activate|p2b: Koraidon|Orichalcum Pulse|[source]
|move|p2a: Weezing|Will-O-Wisp|p1a: Ting-Lu|[miss]
|-miss|p2a: Weezing|p1a: Ting-Lu
|move|p1b: Incineroar|Knock Off|p2b: Koraidon
|-resisted|p2b: Koraidon
|-damage|p2b: Koraidon|85/100
|-enditem|p2b: Koraidon|Ability Shield|[from] move: Knock Off|[of] p1b: Incineroar
|move|p1a: Ting-Lu|Snarl|p2b: Koraidon|[spread] p2a,p2b
|-resisted|p2a: Weezing
|-resisted|p2b: Koraidon
|-damage|p2a: Weezing|95/100
|-damage|p2b: Koraidon|81/100
|-unboost|p2b: Koraidon|spa|1
|
|-weather|SunnyDay|[upkeep]
|-damage|p1b: Incineroar|56/100 psn|[from] psn
|upkeep
|turn|3
|inactive|khal_draco1472 has 30 seconds left.
|
|t:|1750742115
|switch|p1b: Ho-Oh|Ho-Oh, L50|100/100
|move|p1a: Ting-Lu|Protect|p1a: Ting-Lu
|-singleturn|p1a: Ting-Lu|Protect
|move|p2b: Koraidon|Collision Course|p1b: Ho-Oh
|-resisted|p1b: Ho-Oh
|-damage|p1b: Ho-Oh|81/100
|-damage|p2b: Koraidon|64/100|[from] item: Rocky Helmet|[of] p1b: Ho-Oh
|move|p2a: Weezing|Will-O-Wisp|p1a: Ting-Lu
|-activate|p1a: Ting-Lu|move: Protect
|
|-weather|SunnyDay|[upkeep]
|upkeep
|turn|4
|
|t:|1750742135
|switch|p2b: Walking Wake|Walking Wake, L50|100/100
|switch|p1a: Eternatus|Eternatus, L50|100/100
|move|p1b: Ho-Oh|Sacred Fire|p2a: Weezing
|-damage|p2a: Weezing|35/100
|move|p2a: Weezing|Sludge Bomb|p1b: Ho-Oh
|-damage|p1b: Ho-Oh|65/100
|
|-weather|SunnyDay|[upkeep]
|upkeep
|turn|5
|
|t:|1750742158
|move|p1a: Eternatus|Protect|p1a: Eternatus
|-singleturn|p1a: Eternatus|Protect
|move|p1b: Ho-Oh|Protect|p1b: Ho-Oh
|-singleturn|p1b: Ho-Oh|Protect
|move|p2a: Weezing|Protect|p2a: Weezing
|-singleturn|p2a: Weezing|Protect
|move|p2b: Walking Wake|Hydro Steam|p1b: Ho-Oh
|-activate|p1b: Ho-Oh|move: Protect
|
|-weather|SunnyDay|[upkeep]
|upkeep
|turn|6
|
|t:|1750742180
|-terastallize|p1b: Ho-Oh|Grass
|move|p2b: Walking Wake|Draco Meteor|p1a: Eternatus
|-supereffective|p1a: Eternatus
|-damage|p1a: Eternatus|25/100
|-unboost|p2b: Walking Wake|spa|2
|move|p1a: Eternatus|Toxic|p2b: Walking Wake
|-status|p2b: Walking Wake|tox
|move|p1b: Ho-Oh|Life Dew|p1b: Ho-Oh|[spread] p1a,p1b
|-heal|p1a: Eternatus|50/100
|-heal|p1b: Ho-Oh|90/100
|move|p2a: Weezing|Will-O-Wisp|p1a: Eternatus
|-status|p1a: Eternatus|brn
|
|-weather|none
|-heal|p1a: Eternatus|56/100 brn|[from] item: Black Sludge
|-damage|p2b: Walking Wake|95/100 tox|[from] psn
|-damage|p1a: Eternatus|50/100 brn|[from] brn
|upkeep
|turn|7
|inactive|khal_draco1472 has 30 seconds left.
|
|t:|1750742208
|-end|p2b: Walking Wake|Protosynthesis|[silent]
|switch|p2b: Koraidon|Koraidon, L50|64/100
|-end|p2a: Weezing|ability: Neutralizing Gas
|-weather|SunnyDay|[from] ability: Orichalcum Pulse|[of] p2b: Koraidon
|-activate|p2b: Koraidon|Orichalcum Pulse|[source]
|-ability|p1a: Eternatus|Pressure
|switch|p2a: Calyrex|Calyrex-Shadow, L50|100/100
|-ability|p2a: Calyrex|As One
|-ability|p2a: Calyrex|Unnerve
|move|p1a: Eternatus|Substitute|p1a: Eternatus
|-start|p1a: Eternatus|Substitute
|-damage|p1a: Eternatus|25/100 brn
|move|p1b: Ho-Oh|Life Dew|p1b: Ho-Oh|[spread] p1a,p1b
|-heal|p1a: Eternatus|50/100 brn
|-heal|p1b: Ho-Oh|100/100
|
|-weather|SunnyDay|[upkeep]
|-heal|p1a: Eternatus|57/100 brn|[from] item: Black Sludge
|-damage|p1a: Eternatus|50/100 brn|[from] brn
|upkeep
|turn|8
|
|t:|1750742232
|switch|p1b: Incineroar|Incineroar, L50, F|56/100 psn
|-ability|p1b: Incineroar|Intimidate|boost
|-unboost|p2a: Calyrex|atk|1
|-unboost|p2b: Koraidon|atk|1
|move|p2a: Calyrex|Encore|p1a: Eternatus
|-start|p1a: Eternatus|Encore
|move|p2b: Koraidon|Flare Blitz|p1b: Incineroar
|-resisted|p1b: Incineroar
|-damage|p1b: Incineroar|33/100 psn
|-damage|p2b: Koraidon|56/100|[from] Recoil
|move|p1a: Eternatus|Substitute|p1a: Eternatus
|-fail|p1a: Eternatus|move: Substitute
|
|-weather|SunnyDay|[upkeep]
|-heal|p1a: Eternatus|57/100 brn|[from] item: Black Sludge
|-damage|p1b: Incineroar|20/100 psn|[from] psn
|-damage|p1a: Eternatus|50/100 brn|[from] brn
|upkeep
|turn|9
|-message|yaasuto forfeited.
|
|win|khal_draco1472
|raw|yaasuto's rating: 1484 &rarr; <strong>1465</strong><br />(-19 for losing)
|raw|khal_draco1472's rating: 1504 &rarr; <strong>1523</strong><br />(+19 for winning)
|l|☆yaasuto
|player|p1|
|l|☆khal_draco1472
|player|p2|
