|j|☆Gooner Morgan!
|j|☆666 dig
|t:|1750770963
|gametype|doubles
|player|p1|Gooner Morgan!|swimmer-gen4|1090
|player|p2|666 dig|burglar|1051
|teamsize|p1|6
|teamsize|p2|6
|gen|9
|tier|[Gen 9] VGC 2025 Reg I
|rated|
|rule|Species Clause: Limit one of each Pokémon
|rule|Item Clause: Limit 1 of each item
|clearpoke
|poke|p1|Zacian-*, L50|
|poke|p1|Miraidon, L50|
|poke|p1|Incineroar, L50, F|
|poke|p1|Serperior, L50, M|
|poke|p1|Primarina, L50, F|
|poke|p1|Breloom, L50, F|
|poke|p2|Dondozo, L50, F|
|poke|p2|Tatsugiri, L50, F|
|poke|p2|Miraidon, L50|
|poke|p2|Calyrex-Shadow, L50|
|poke|p2|Dragonite, L50, M|
|poke|p2|Chien-Pao, L50|
|teampreview|4
|
|t:|1750770981
|start
|switch|p1a: Serperior|Serperior, L50, M|100/100
|switch|p1b: Incineroar|Incineroar, L50, F|100/100
|switch|p2a: Miraidon|Miraidon, L50|100/100
|switch|p2b: Calyrex|Calyrex-Shadow, L50|100/100
|-ability|p2b: Calyrex|As One
|-ability|p2b: Calyrex|Unnerve
|-fieldstart|move: Electric Terrain|[from] ability: Hadron Engine|[of] p2a: Miraidon
|-ability|p1b: Incineroar|Intimidate|boost
|-unboost|p2a: Miraidon|atk|1
|-unboost|p2b: Calyrex|atk|1
|turn|1
|inactive|Battle timer is ON: inactive players will automatically lose when time's up. (requested by 666 dig)
|
|t:|1750771009
|move|p1b: Incineroar|Fake Out|p2a: Miraidon
|-damage|p2a: Miraidon|86/100
|move|p2b: Calyrex|Astral Barrage|p1a: Serperior|[spread] p1a,p1b
|-resisted|p1b: Incineroar
|-damage|p1a: Serperior|36/100
|-damage|p1b: Incineroar|76/100
|cant|p2a: Miraidon|flinch
|move|p1a: Serperior|Leaf Storm|p2b: Calyrex
|-damage|p2b: Calyrex|51/100
|-boost|p1a: Serperior|spa|2
|
|-heal|p1b: Incineroar|82/100|[from] item: Leftovers
|upkeep
|turn|2
|inactive|Gooner Morgan! has 30 seconds left.
|inactive|Gooner Morgan! has 20 seconds left.
|inactive|Gooner Morgan! has 15 seconds left.
|inactive|Gooner Morgan! has 10 seconds left.
|inactive|Gooner Morgan! has 5 seconds left.
|
|t:|1750771061
|switch|p1a: Zacian|Zacian-Crowned, L50|100/100
|-ability|p1a: Zacian|Intrepid Sword|boost
|-boost|p1a: Zacian|atk|1
|move|p2b: Calyrex|Astral Barrage|p1a: Zacian|[spread] p1a,p1b
|-resisted|p1b: Incineroar
|-damage|p1a: Zacian|48/100
|-damage|p1b: Incineroar|53/100
|move|p2a: Miraidon|Electro Drift|p1b: Incineroar
|-damage|p1b: Incineroar|0 fnt
|faint|p1b: Incineroar
|
|upkeep
|
|t:|1750771077
|switch|p1b: Miraidon|Miraidon, L50|100/100
|-activate|p1b: Miraidon|ability: Hadron Engine
|turn|3
|
|t:|1750771093
|move|p2b: Calyrex|Astral Barrage|p1b: Miraidon|[spread] p1a,p1b
|-damage|p1a: Zacian|0 fnt
|-damage|p1b: Miraidon|54/100
|faint|p1a: Zacian
|-ability|p2b: Calyrex|Grim Neigh|boost
|-boost|p2b: Calyrex|spa|1
|move|p2a: Miraidon|Electro Drift|p1b: Miraidon
|-resisted|p1b: Miraidon
|-damage|p1b: Miraidon|20/100
|move|p1b: Miraidon|Draco Meteor|p2a: Miraidon
|-supereffective|p2a: Miraidon
|-damage|p2a: Miraidon|0 fnt
|-unboost|p1b: Miraidon|spa|2
|faint|p2a: Miraidon
|
|upkeep
|
|t:|1750771110
|switch|p1a: Serperior|Serperior, L50, M|36/100
|switch|p2a: Dondozo|Dondozo, L50, F|100/100
|turn|4
|
|t:|1750771127
|switch|p2b: Tatsugiri|Tatsugiri, L50, F|100/100
|-activate|p2b: Tatsugiri|ability: Commander|[of] p2a: Dondozo
|-boost|p2a: Dondozo|atk|2
|-boost|p2a: Dondozo|spa|2
|-boost|p2a: Dondozo|spe|2
|-boost|p2a: Dondozo|def|2
|-boost|p2a: Dondozo|spd|2
|-terastallize|p2a: Dondozo|Grass
|move|p1b: Miraidon|Draco Meteor|p2b: Tatsugiri|[miss]
|-miss|p1b: Miraidon|p2b: Tatsugiri
|move|p1a: Serperior|Leaf Storm|p2a: Dondozo|[miss]
|-miss|p1a: Serperior|p2a: Dondozo
|move|p2a: Dondozo|Order Up|p1b: Miraidon
|-supereffective|p1b: Miraidon
|-damage|p1b: Miraidon|0 fnt
|faint|p1b: Miraidon
|-boost|p2a: Dondozo|atk|1
|
|upkeep
|turn|5
|
|t:|1750771148
|move|p1a: Serperior|Leaf Storm|p2a: Dondozo
|-resisted|p2a: Dondozo
|-damage|p2a: Dondozo|92/100
|-boost|p1a: Serperior|spa|2
|move|p2a: Dondozo|Order Up|p1a: Serperior
|-damage|p1a: Serperior|0 fnt
|faint|p1a: Serperior
|
|win|666 dig
|raw|Gooner Morgan!'s rating: 1090 &rarr; <strong>1064</strong><br />(-26 for losing)
|raw|666 dig's rating: 1051 &rarr; <strong>1087</strong><br />(+36 for winning)
|l|☆666 dig
|player|p2|
|l|☆Gooner Morgan!
|player|p1|
