|j|☆he0
|j|☆BrDilas
|t:|1750776428
|gametype|doubles
|player|p1|he0|cynthia-masters|1549
|player|p2|BrDilas|benga|1497
|teamsize|p1|6
|teamsize|p2|6
|gen|9
|tier|[Gen 9] VGC 2025 Reg I
|rated|
|rule|Species Clause: Limit one of each Pokémon
|rule|Item Clause: Limit 1 of each item
|clearpoke
|poke|p1|Lunala, L50|
|poke|p1|Koraidon, L50|
|poke|p1|Chi-Yu, L50|
|poke|p1|Iron Moth, L50|
|poke|p1|Whimsicott, L50, F|
|poke|p1|Ursaluna, L50, M|
|poke|p2|Calyrex-Shadow, L50|
|poke|p2|Zamazenta-*, L50|
|poke|p2|Rillaboom, L50, F|
|poke|p2|Urshifu-*, L50, M|
|poke|p2|Chi-Yu, L50|
|poke|p2|Whimsicott, L50, F|
|teampreview|4
|inactive|Battle timer is ON: inactive players will automatically lose when time's up. (requested by BrDilas)
BrDilas rejected open team sheets.
|inactive|he0 has 60 seconds left.
|
|t:|1750776463
|start
|switch|p1a: 怕水的鱼|Chi-Yu, L50|100/100
|switch|p1b: Iron Moth|Iron Moth, L50|100/100
|switch|p2a: Calyrex|Calyrex-Shadow, L50|100/100
|switch|p2b: Urshifu|Urshifu, L50, M|100/100
|-ability|p2a: Calyrex|As One
|-ability|p2a: Calyrex|Unnerve
|-ability|p1a: 怕水的鱼|Beads of Ruin
|-enditem|p1b: Iron Moth|Booster Energy
|-activate|p1b: Iron Moth|ability: Quark Drive|[fromitem]
|-start|p1b: Iron Moth|quarkdrivespe
|turn|1
|inactive|BrDilas has 30 seconds left.
|inactive|BrDilas has 20 seconds left.
|
|t:|1750776499
|move|p2a: Calyrex|Protect|p2a: Calyrex
|-singleturn|p2a: Calyrex|Protect
|move|p1b: Iron Moth|Struggle Bug|p2a: Calyrex|[spread] p2b
|-activate|p2a: Calyrex|move: Protect
|-damage|p2b: Urshifu|78/100
|-unboost|p2b: Urshifu|spa|1
|move|p1a: 怕水的鱼|Fire Blast|p2b: Urshifu
|-damage|p2b: Urshifu|0 fnt
|faint|p2b: Urshifu
|
|upkeep
|
|t:|1750776514
|switch|p2b: Rillaboom|Rillaboom, L50, F|100/100
|-fieldstart|move: Grassy Terrain|[from] ability: Grassy Surge|[of] p2b: Rillaboom
|turn|2
|
|t:|1750776534
|move|p2b: Rillaboom|Fake Out|p1a: 怕水的鱼
|-damage|p1a: 怕水的鱼|83/100
|move|p1b: Iron Moth|Struggle Bug|p2b: Rillaboom|[spread] p2a,p2b
|-supereffective|p2b: Rillaboom
|-damage|p2a: Calyrex|82/100
|-damage|p2b: Rillaboom|82/100
|-unboost|p2a: Calyrex|spa|1
|-unboost|p2b: Rillaboom|spa|1
|cant|p1a: 怕水的鱼|flinch
|move|p2a: Calyrex|Astral Barrage|p1b: Iron Moth|[spread] p1a,p1b
|-resisted|p1a: 怕水的鱼
|-damage|p1a: 怕水的鱼|53/100
|-damage|p1b: Iron Moth|37/100
|-damage|p2a: Calyrex|72/100|[from] item: Life Orb
|
|-heal|p1b: Iron Moth|43/100|[from] Grassy Terrain
|-heal|p1a: 怕水的鱼|59/100|[from] Grassy Terrain
|-heal|p2a: Calyrex|78/100|[from] Grassy Terrain
|-heal|p2b: Rillaboom|88/100|[from] Grassy Terrain
|upkeep
|turn|3
|
|t:|1750776554
|switch|p2a: Zamazenta|Zamazenta-Crowned, L50|100/100
|-ability|p2a: Zamazenta|Dauntless Shield|boost
|-boost|p2a: Zamazenta|def|1
|-terastallize|p2b: Rillaboom|Fire
|move|p1b: Iron Moth|Struggle Bug|p2b: Rillaboom|[spread] p2a,p2b
|-resisted|p2a: Zamazenta
|-resisted|p2b: Rillaboom
|-damage|p2a: Zamazenta|98/100
|-damage|p2b: Rillaboom|83/100
|-unboost|p2a: Zamazenta|spa|1
|-unboost|p2b: Rillaboom|spa|1
|move|p1a: 怕水的鱼|Fire Blast|p2b: Rillaboom
|-resisted|p2b: Rillaboom
|-damage|p2b: Rillaboom|60/100
|move|p2b: Rillaboom|Wood Hammer|p1a: 怕水的鱼
|-resisted|p1a: 怕水的鱼
|-crit|p1a: 怕水的鱼
|-damage|p1a: 怕水的鱼|0 fnt
|faint|p1a: 怕水的鱼
|-damage|p2b: Rillaboom|47/100|[from] Recoil
|
|-heal|p1b: Iron Moth|49/100|[from] Grassy Terrain
|-heal|p2a: Zamazenta|100/100|[from] Grassy Terrain
|-heal|p2b: Rillaboom|53/100|[from] Grassy Terrain
|upkeep
|
|t:|1750776570
|switch|p1a: 五指拳心剑|Koraidon, L50|100/100
|-weather|SunnyDay|[from] ability: Orichalcum Pulse|[of] p1a: 五指拳心剑
|-activate|p1a: 五指拳心剑|Orichalcum Pulse|[source]
|turn|4
|
|t:|1750776587
|switch|p1a: 月神怕鬼|Lunala, L50|100/100
|move|p1b: Iron Moth|Acid Spray|p2b: Rillaboom
|-damage|p2b: Rillaboom|41/100
|-unboost|p2b: Rillaboom|spd|2
|move|p2a: Zamazenta|Body Press|p1a: 月神怕鬼
|-immune|p1a: 月神怕鬼
|move|p2b: Rillaboom|U-turn|p1a: 月神怕鬼
|-damage|p1a: 月神怕鬼|93/100
|
|t:|1750776597
|switch|p2b: Calyrex|Calyrex-Shadow, L50|78/100|[from] U-turn
|-ability|p2b: Calyrex|As One
|-ability|p2b: Calyrex|Unnerve
|
|-weather|SunnyDay|[upkeep]
|-heal|p1b: Iron Moth|56/100|[from] Grassy Terrain
|-heal|p2b: Calyrex|84/100|[from] Grassy Terrain
|-heal|p1a: 月神怕鬼|99/100|[from] Grassy Terrain
|upkeep
|turn|5
|
|t:|1750776613
|move|p1a: 月神怕鬼|Wide Guard|p1a: 月神怕鬼
|-singleturn|p1a: 月神怕鬼|Wide Guard
|move|p1b: Iron Moth|Struggle Bug|p2a: Zamazenta|[spread] p2a,p2b
|-resisted|p2a: Zamazenta
|-damage|p2a: Zamazenta|98/100
|-damage|p2b: Calyrex|71/100
|-unboost|p2a: Zamazenta|spa|1
|-unboost|p2b: Calyrex|spa|1
|move|p2b: Calyrex|Astral Barrage|p1b: Iron Moth|[spread] 
|-activate|p1a: 月神怕鬼|move: Wide Guard
|-activate|p1b: Iron Moth|move: Wide Guard
|move|p2a: Zamazenta|Body Press|p1b: Iron Moth
|-resisted|p1b: Iron Moth
|-damage|p1b: Iron Moth|12/100
|
|-weather|SunnyDay|[upkeep]
|-heal|p1b: Iron Moth|18/100|[from] Grassy Terrain
|-heal|p2b: Calyrex|77/100|[from] Grassy Terrain
|-heal|p2a: Zamazenta|100/100|[from] Grassy Terrain
|-heal|p1a: 月神怕鬼|100/100|[from] Grassy Terrain
|upkeep
|turn|6
|inactive|BrDilas has 30 seconds left.
|
|t:|1750776645
|move|p2b: Calyrex|Protect|p2b: Calyrex
|-singleturn|p2b: Calyrex|Protect
|move|p2a: Zamazenta|Protect|p2a: Zamazenta
|-singleturn|p2a: Zamazenta|Protect
|move|p1a: 月神怕鬼|Wide Guard|p1a: 月神怕鬼
|-singleturn|p1a: 月神怕鬼|Wide Guard
|move|p1b: Iron Moth|Heat Wave|p2a: Zamazenta|[spread] 
|-activate|p2a: Zamazenta|move: Protect
|-activate|p2b: Calyrex|move: Protect
|
|-weather|SunnyDay|[upkeep]
|-heal|p1b: Iron Moth|25/100|[from] Grassy Terrain
|-heal|p2b: Calyrex|83/100|[from] Grassy Terrain
|-fieldend|move: Grassy Terrain
|upkeep
|turn|7
|
|t:|1750776666
|-terastallize|p1a: 月神怕鬼|Dark
|move|p1b: Iron Moth|Heat Wave|p2a: Zamazenta|[spread] p2a,p2b
|-supereffective|p2a: Zamazenta
|-damage|p2a: Zamazenta|27/100
|-damage|p2b: Calyrex|33/100
|-status|p2b: Calyrex|brn
|move|p2b: Calyrex|Psychic|p1b: Iron Moth
|-supereffective|p1b: Iron Moth
|-damage|p1b: Iron Moth|0 fnt
|faint|p1b: Iron Moth
|-end|p1b: Iron Moth|Quark Drive|[silent]
|-ability|p2b: Calyrex|Grim Neigh|boost
|-boost|p2b: Calyrex|spa|1
|-damage|p2b: Calyrex|23/100 brn|[from] item: Life Orb
|move|p2a: Zamazenta|Behemoth Bash|p1a: 月神怕鬼
|-damage|p1a: 月神怕鬼|83/100
|move|p1a: 月神怕鬼|Moongeist Beam|p2b: Calyrex
|-supereffective|p2b: Calyrex
|-damage|p2b: Calyrex|0 fnt
|faint|p2b: Calyrex
|
|-weather|SunnyDay|[upkeep]
|upkeep
|
|t:|1750776683
|switch|p2b: Rillaboom|Rillaboom, L50, F, tera:Fire|41/100
|switch|p1b: 五指拳心剑|Koraidon, L50|100/100
|-activate|p1b: 五指拳心剑|ability: Orichalcum Pulse
|-fieldstart|move: Grassy Terrain|[from] ability: Grassy Surge|[of] p2b: Rillaboom
|turn|8
|
|t:|1750776701
|move|p1b: 五指拳心剑|Protect|p1b: 五指拳心剑
|-singleturn|p1b: 五指拳心剑|Protect
|move|p2b: Rillaboom|Fake Out|p1b: 五指拳心剑
|-activate|p1b: 五指拳心剑|move: Protect
|move|p2a: Zamazenta|Body Press|p1a: 月神怕鬼
|-supereffective|p1a: 月神怕鬼
|-damage|p1a: 月神怕鬼|0 fnt
|faint|p1a: 月神怕鬼
|
|-weather|none
|-heal|p2a: Zamazenta|33/100|[from] Grassy Terrain
|-heal|p2b: Rillaboom|47/100|[from] Grassy Terrain
|upkeep
|turn|9
|
|t:|1750776719
|move|p2a: Zamazenta|Protect|p2a: Zamazenta
|-singleturn|p2a: Zamazenta|Protect
|move|p1b: 五指拳心剑|Close Combat|p2b: Rillaboom
|-damage|p2b: Rillaboom|0 fnt
|-unboost|p1b: 五指拳心剑|def|1
|-unboost|p1b: 五指拳心剑|spd|1
|faint|p2b: Rillaboom
|-damage|p1b: 五指拳心剑|91/100|[from] item: Life Orb
|
|-heal|p1b: 五指拳心剑|97/100|[from] Grassy Terrain
|-heal|p2a: Zamazenta|39/100|[from] Grassy Terrain
|upkeep
|turn|10
|
|t:|1750776731
|move|p1b: 五指拳心剑|Close Combat|p2a: Zamazenta
|-supereffective|p2a: Zamazenta
|-damage|p2a: Zamazenta|0 fnt
|-unboost|p1b: 五指拳心剑|def|1
|-unboost|p1b: 五指拳心剑|spd|1
|faint|p2a: Zamazenta
|-damage|p1b: 五指拳心剑|87/100|[from] item: Life Orb
|
|win|he0
|raw|he0's rating: 1549 &rarr; <strong>1566</strong><br />(+17 for winning)
|raw|BrDilas's rating: 1497 &rarr; <strong>1480</strong><br />(-17 for losing)
|c|☆BrDilas|gg
|l|☆BrDilas
|player|p2|
