|j|☆M4ssiill
|j|☆MakoGP
|t:|1750732356
|gametype|doubles
|player|p1|M4ssiill|n|1049
|player|p2|MakoGP|elesa-masters2|1062
|teamsize|p1|6
|teamsize|p2|6
|gen|9
|tier|[Gen 9] VGC 2025 Reg I
|rated|
|rule|Species Clause: Limit one of each Pokémon
|rule|Item Clause: Limit 1 of each item
|clearpoke
|poke|p1|Amoonguss, L50, M|
|poke|p1|Calyrex-Ice, L50|
|poke|p1|Politoed, L50, F|
|poke|p1|Ursaluna, L50, M|
|poke|p1|Gothitelle, L50, F|
|poke|p1|Incineroar, L50, M|
|poke|p2|Lunala, L50|
|poke|p2|Miraidon, L50|
|poke|p2|Incineroar, L50, F|
|poke|p2|Rillaboom, L50, M|
|poke|p2|Urshifu-*, L50, M|
|poke|p2|Volcarona, L50, M|
|teampreview|4
|
|t:|1750732403
|start
|switch|p1a: Gothitelle|Gothitelle, L50, F, shiny|100/100
|switch|p1b: Calyrex|Calyrex-Ice, L50|100/100
|switch|p2a: Volcarona|Volcarona, L50, M|100/100
|switch|p2b: Urshifu|Urshifu-Rapid-Strike, L50, M|100/100
|-ability|p1b: Calyrex|As One
|-ability|p1b: Calyrex|Unnerve
|turn|1
|
|t:|1750732424
|move|p1a: Gothitelle|Fake Out|p2b: Urshifu
|-damage|p2b: Urshifu|95/100
|cant|p2b: Urshifu|flinch
|move|p2a: Volcarona|Fiery Dance|p1b: Calyrex
|-supereffective|p1b: Calyrex
|-crit|p1b: Calyrex
|-damage|p1b: Calyrex|27/100
|move|p1b: Calyrex|Trick Room|p1b: Calyrex
|-fieldstart|move: Trick Room|[of] p1b: Calyrex
|
|upkeep
|turn|2
|
|t:|1750732441
|move|p2a: Volcarona|Rage Powder|p2a: Volcarona
|-singleturn|p2a: Volcarona|move: Rage Powder
|move|p2b: Urshifu|Aqua Jet|p1b: Calyrex
|-damage|p1b: Calyrex|17/100
|move|p1b: Calyrex|Glacial Lance|p2b: Urshifu|[spread] p2a,p2b
|-resisted|p2a: Volcarona
|-resisted|p2b: Urshifu
|-damage|p2a: Volcarona|80/100
|-damage|p2b: Urshifu|73/100
|move|p1a: Gothitelle|Psychic|p2a: Volcarona
|-damage|p2a: Volcarona|52/100
|
|upkeep
|turn|3
|
|t:|1750732468
|move|p1b: Calyrex|Protect|p1b: Calyrex
|-singleturn|p1b: Calyrex|Protect
|move|p2b: Urshifu|Protect|p2b: Urshifu
|-singleturn|p2b: Urshifu|Protect
|move|p1a: Gothitelle|Psychic|p2b: Urshifu
|-activate|p2b: Urshifu|move: Protect
|move|p2a: Volcarona|Fiery Dance|p1b: Calyrex
|-activate|p1b: Calyrex|move: Protect
|
|upkeep
|turn|4
|
|t:|1750732491
|switch|p1b: Ursaluna|Ursaluna, L50, M|100/100
|move|p2a: Volcarona|Rage Powder|p2a: Volcarona
|-singleturn|p2a: Volcarona|move: Rage Powder
|move|p1a: Gothitelle|Psychic|p2a: Volcarona
|-damage|p2a: Volcarona|27/100
|move|p2b: Urshifu|Surging Strikes|p1b: Ursaluna
|-supereffective|p1b: Ursaluna
|-crit|p1b: Ursaluna
|-damage|p1b: Ursaluna|72/100
|-supereffective|p1b: Ursaluna
|-crit|p1b: Ursaluna
|-damage|p1b: Ursaluna|41/100
|-supereffective|p1b: Ursaluna
|-crit|p1b: Ursaluna
|-damage|p1b: Ursaluna|12/100
|-hitcount|p1b: Ursaluna|3
|
|-status|p1b: Ursaluna|brn|[from] item: Flame Orb
|upkeep
|turn|5
|
|t:|1750732543
|-terastallize|p1b: Ursaluna|Ghost
|move|p2b: Urshifu|Aqua Jet|p1b: Ursaluna
|-damage|p1b: Ursaluna|0 fnt
|faint|p1b: Ursaluna
|move|p1a: Gothitelle|Psychic|p2a: Volcarona
|-damage|p2a: Volcarona|2/100
|-unboost|p2a: Volcarona|spd|1
|move|p2a: Volcarona|Fiery Dance|p1a: Gothitelle
|-damage|p1a: Gothitelle|67/100
|
|-heal|p1a: Gothitelle|73/100|[from] item: Leftovers
|-fieldend|move: Trick Room
|upkeep
|
|t:|1750732556
|switch|p1b: Incineroar|Incineroar, L50, M|100/100
|-ability|p1b: Incineroar|Intimidate|boost
|-unboost|p2a: Volcarona|atk|1
|-unboost|p2b: Urshifu|atk|1
|turn|6
|
|t:|1750732572
|move|p2b: Urshifu|Protect|p2b: Urshifu
|-singleturn|p2b: Urshifu|Protect
|move|p1b: Incineroar|Fake Out|p2b: Urshifu
|-activate|p2b: Urshifu|move: Protect
|move|p2a: Volcarona|Will-O-Wisp|p1a: Gothitelle
|-status|p1a: Gothitelle|brn
|move|p1a: Gothitelle|Trick Room|p1a: Gothitelle
|-fieldstart|move: Trick Room|[of] p1a: Gothitelle
|
|-heal|p1a: Gothitelle|79/100 brn|[from] item: Leftovers
|-damage|p1a: Gothitelle|73/100 brn|[from] brn
|upkeep
|turn|7
|inactive|Battle timer is ON: inactive players will automatically lose when time's up. (requested by M4ssiill)
|
|t:|1750732613
|-terastallize|p2b: Urshifu|Stellar
|move|p2a: Volcarona|Rage Powder|p2a: Volcarona
|-singleturn|p2a: Volcarona|move: Rage Powder
|move|p1b: Incineroar|Flare Blitz|p2a: Volcarona
|-damage|p2a: Volcarona|0 fnt
|-damage|p1b: Incineroar|84/100|[from] item: Rocky Helmet|[of] p2a: Volcarona
|faint|p2a: Volcarona
|-damage|p1b: Incineroar|84/100|[from] Recoil
|move|p1a: Gothitelle|Psychic|p2b: Urshifu
|-supereffective|p2b: Urshifu
|-damage|p2b: Urshifu|0 fnt
|faint|p2b: Urshifu
|
|-heal|p1a: Gothitelle|79/100 brn|[from] item: Leftovers
|-damage|p1a: Gothitelle|73/100 brn|[from] brn
|upkeep
|
|t:|1750732624
|switch|p2a: Lunala|Lunala, L50|100/100
|switch|p2b: Rillaboom|Rillaboom, L50, M|100/100
|-fieldstart|move: Grassy Terrain|[from] ability: Grassy Surge|[of] p2b: Rillaboom
|turn|8
|
|t:|1750732643
|move|p1b: Incineroar|Flare Blitz|p2b: Rillaboom
|-supereffective|p2b: Rillaboom
|-crit|p2b: Rillaboom
|-damage|p2b: Rillaboom|0 fnt
|faint|p2b: Rillaboom
|-damage|p1b: Incineroar|50/100|[from] Recoil
|move|p1a: Gothitelle|Psychic|p2a: Lunala
|-resisted|p2a: Lunala
|-damage|p2a: Lunala|96/100
|move|p2a: Lunala|Moongeist Beam|p1a: Gothitelle
|-supereffective|p1a: Gothitelle
|-damage|p1a: Gothitelle|0 fnt
|faint|p1a: Gothitelle
|
|-heal|p1b: Incineroar|56/100|[from] Grassy Terrain
|-heal|p2a: Lunala|100/100|[from] Grassy Terrain
|upkeep
|
|t:|1750732657
|switch|p1a: Calyrex|Calyrex-Ice, L50|17/100
|-ability|p1a: Calyrex|As One
|-ability|p1a: Calyrex|Unnerve
|turn|9
|
|t:|1750732680
|move|p1a: Calyrex|Glacial Lance|p2a: Lunala
|-damage|p2a: Lunala|77/100
|move|p1b: Incineroar|Flare Blitz|p2a: Lunala
|-damage|p2a: Lunala|42/100
|-damage|p1b: Incineroar|42/100|[from] Recoil
|move|p2a: Lunala|Moongeist Beam|p1a: Calyrex
|-supereffective|p1a: Calyrex
|-damage|p1a: Calyrex|0 fnt
|faint|p1a: Calyrex
|
|-heal|p1b: Incineroar|48/100|[from] Grassy Terrain
|-heal|p2a: Lunala|48/100|[from] Grassy Terrain
|-heal|p2a: Lunala|54/100|[from] item: Leftovers
|upkeep
|turn|10
|
|t:|1750732696
|move|p1b: Incineroar|Flare Blitz|p2a: Lunala
|-damage|p2a: Lunala|16/100
|-damage|p1b: Incineroar|33/100|[from] Recoil
|move|p2a: Lunala|Moonblast|p1b: Incineroar
|-damage|p1b: Incineroar|0 fnt
|faint|p1b: Incineroar
|
|win|MakoGP
|raw|M4ssiill's rating: 1049 &rarr; <strong>1032</strong><br />(-17 for losing)
|raw|MakoGP's rating: 1062 &rarr; <strong>1092</strong><br />(+30 for winning)
|l|☆M4ssiill
|player|p1|
