|j|☆WrestlingDemon
|j|☆004B
|t:|1750778065
|gametype|doubles
|player|p1|WrestlingDemon|hiker-gen4|1476
|player|p2|004B|ghetsis|1608
|teamsize|p1|6
|teamsize|p2|6
|gen|9
|tier|[Gen 9] VGC 2025 Reg I
|rated|
|rule|Species Clause: Limit one of each Pokémon
|rule|Item Clause: Limit 1 of each item
|clearpoke
|poke|p1|Kyurem-White, L50|
|poke|p1|Zamazenta-*, L50|
|poke|p1|Ninetales-Alola, L50, M|
|poke|p1|Tornadus, L50, M|
|poke|p1|Mimikyu, L50, M|
|poke|p1|Rillaboom, L50, F|
|poke|p2|Miraidon, L50|
|poke|p2|Landorus, L50, M|
|poke|p2|Tornadus, L50, M|
|poke|p2|Farigiraf, L50, M|
|poke|p2|Conkeldurr, L50, M|
|poke|p2|Calyrex-Ice, L50|
|teampreview|4
|c|☆004B|Nice kyurem
|inactive|Battle timer is ON: inactive players will automatically lose when time's up. (requested by WrestlingDemon)
WrestlingDemon rejected open team sheets.
|c|☆WrestlingDemon|I’m trying him again… good luck
|inactive|004B has 60 seconds left.
|
|t:|1750778122
|start
|switch|p1a: Ninetales|Ninetales-Alola, L50, M|100/100
|switch|p1b: Zamazenta|Zamazenta-Crowned, L50|100/100
|switch|p2a: Zekrom-|Miraidon, L50|100/100
|switch|p2b: Deerling-|Farigiraf, L50, M|100/100
|-fieldstart|move: Electric Terrain|[from] ability: Hadron Engine|[of] p2a: Zekrom-
|-enditem|p2b: Deerling-|Electric Seed
|-boost|p2b: Deerling-|def|1|[from] item: Electric Seed
|-weather|Snowscape|[from] ability: Snow Warning|[of] p1a: Ninetales
|-ability|p1b: Zamazenta|Dauntless Shield|boost
|-boost|p1b: Zamazenta|def|1
|turn|1
|
|t:|1750778145
|-terastallize|p1b: Zamazenta|Dragon
|move|p2a: Zekrom-|Volt Switch|p1b: Zamazenta
|-resisted|p1b: Zamazenta
|-damage|p1b: Zamazenta|79/100
|
|t:|1750778150
|switch|p2a: Calyrex|Calyrex-Ice, L50|100/100|[from] Volt Switch
|-ability|p2a: Calyrex|As One
|-ability|p2a: Calyrex|Unnerve
|move|p1a: Ninetales|Aurora Veil|p1a: Ninetales
|-sidestart|p1: WrestlingDemon|move: Aurora Veil
|move|p1b: Zamazenta|Iron Defense|p1b: Zamazenta
|-boost|p1b: Zamazenta|def|2
|move|p2b: Deerling-|Trick Room|p2b: Deerling-
|-fieldstart|move: Trick Room|[of] p2b: Deerling-
|
|-weather|Snowscape|[upkeep]
|upkeep
|turn|2
|
|t:|1750778164
|switch|p1a: Rillaboom|Rillaboom, L50, F|100/100
|-fieldstart|move: Grassy Terrain|[from] ability: Grassy Surge|[of] p1a: Rillaboom
|move|p2a: Calyrex|Protect|p2a: Calyrex
|-singleturn|p2a: Calyrex|Protect
|move|p1b: Zamazenta|Wide Guard|p1b: Zamazenta
|-singleturn|p1b: Zamazenta|Wide Guard
|move|p2b: Deerling-|Roar|p1b: Zamazenta
|drag|p1b: Ninetales|Ninetales-Alola, L50, M|100/100
|
|-weather|Snowscape|[upkeep]
|upkeep
|turn|3
|inactive|004B has 30 seconds left.
|
|t:|1750778190
|switch|p2b: Y.M.C.A|Conkeldurr, L50, M|100/100
|move|p2a: Calyrex|Glacial Lance|p1b: Ninetales|[spread] p1a,p1b
|-supereffective|p1a: Rillaboom
|-resisted|p1b: Ninetales
|-damage|p1a: Rillaboom|35/100
|-damage|p1b: Ninetales|82/100
|move|p1a: Rillaboom|Wood Hammer|p2a: Calyrex
|-damage|p2a: Calyrex|66/100
|-damage|p1a: Rillaboom|23/100|[from] Recoil
|move|p1b: Ninetales|Blizzard|p2a: Calyrex|[spread] p2a,p2b
|-resisted|p2a: Calyrex
|-damage|p2a: Calyrex|54/100
|-damage|p2b: Y.M.C.A|62/100
|
|-weather|Snowscape|[upkeep]
|-heal|p2b: Y.M.C.A|68/100|[from] Grassy Terrain
|-heal|p2a: Calyrex|60/100|[from] Grassy Terrain
|-heal|p1a: Rillaboom|28/100|[from] Grassy Terrain
|-heal|p1b: Ninetales|88/100|[from] Grassy Terrain
|-status|p2b: Y.M.C.A|brn|[from] item: Flame Orb
|upkeep
|turn|4
|c|☆WrestlingDemon|Not good
|inactive|004B has 30 seconds left.
|inactive|004B has 20 seconds left.
|inactive|004B has 15 seconds left.
|inactive|004B has 10 seconds left.
|
|t:|1750778235
|move|p1a: Rillaboom|Grassy Glide|p2a: Calyrex
|-damage|p2a: Calyrex|44/100
|move|p2b: Y.M.C.A|Coaching|p2a: Calyrex
|-boost|p2a: Calyrex|atk|1
|-boost|p2a: Calyrex|def|1
|move|p2a: Calyrex|Glacial Lance|p1a: Rillaboom|[spread] p1a,p1b
|-supereffective|p1a: Rillaboom
|-resisted|p1b: Ninetales
|-damage|p1a: Rillaboom|0 fnt
|-damage|p1b: Ninetales|58/100
|faint|p1a: Rillaboom
|-ability|p2a: Calyrex|Chilling Neigh|boost
|-boost|p2a: Calyrex|atk|1
|move|p1b: Ninetales|Moonblast|p2b: Y.M.C.A
|-supereffective|p2b: Y.M.C.A
|-damage|p2b: Y.M.C.A|0 fnt
|faint|p2b: Y.M.C.A
|
|-weather|Snowscape|[upkeep]
|-heal|p2a: Calyrex|50/100|[from] Grassy Terrain
|-heal|p1b: Ninetales|64/100|[from] Grassy Terrain
|upkeep
|
|t:|1750778248
|switch|p2b: Deerling-|Farigiraf, L50, M|100/100
|switch|p1a: Zamazenta|Zamazenta-Crowned, L50, tera:Dragon|79/100
|turn|5
|inactive|WrestlingDemon has 30 seconds left.
|inactive|004B has 30 seconds left.
|inactive|WrestlingDemon has 20 seconds left.
|inactive|WrestlingDemon has 15 seconds left.
|inactive|WrestlingDemon has 10 seconds left.
|
|t:|1750778297
|move|p2b: Deerling-|Helping Hand|p2a: Calyrex
|-singleturn|p2a: Calyrex|Helping Hand|[of] p2b: Deerling-
|move|p1a: Zamazenta|Wide Guard|p1a: Zamazenta
|-singleturn|p1a: Zamazenta|Wide Guard
|move|p2a: Calyrex|Glacial Lance|p1b: Ninetales|[spread] 
|-activate|p1a: Zamazenta|move: Wide Guard
|-activate|p1b: Ninetales|move: Wide Guard
|move|p1b: Ninetales|Blizzard|p2a: Calyrex|[spread] p2a,p2b
|-resisted|p2a: Calyrex
|-damage|p2a: Calyrex|40/100
|-damage|p2b: Deerling-|76/100
|
|-weather|none
|-heal|p2a: Calyrex|46/100|[from] Grassy Terrain
|-heal|p2b: Deerling-|82/100|[from] Grassy Terrain
|-heal|p1a: Zamazenta|85/100|[from] Grassy Terrain
|-heal|p1b: Ninetales|70/100|[from] Grassy Terrain
|-fieldend|move: Trick Room
|upkeep
|turn|6
|
|t:|1750778316
|move|p2a: Calyrex|Protect|p2a: Calyrex
|-singleturn|p2a: Calyrex|Protect
|move|p1b: Ninetales|Blizzard|p2b: Deerling-|[spread] p2b
|-activate|p2a: Calyrex|move: Protect
|-damage|p2b: Deerling-|54/100
|move|p1a: Zamazenta|Body Press|p2b: Deerling-
|-damage|p2b: Deerling-|13/100
|move|p2b: Deerling-|Trick Room|p2b: Deerling-
|-fieldstart|move: Trick Room|[of] p2b: Deerling-
|
|-heal|p2a: Calyrex|52/100|[from] Grassy Terrain
|-heal|p2b: Deerling-|19/100|[from] Grassy Terrain
|-heal|p1a: Zamazenta|91/100|[from] Grassy Terrain
|-heal|p1b: Ninetales|76/100|[from] Grassy Terrain
|-fieldend|move: Grassy Terrain
|upkeep
|turn|7
|inactive|004B has 30 seconds left.
|
|t:|1750778343
|move|p2b: Deerling-|Helping Hand|p2a: Calyrex
|-singleturn|p2a: Calyrex|Helping Hand|[of] p2b: Deerling-
|move|p1a: Zamazenta|Wide Guard|p1a: Zamazenta
|-singleturn|p1a: Zamazenta|Wide Guard
|move|p2a: Calyrex|High Horsepower|p1b: Ninetales
|-damage|p1b: Ninetales|0 fnt
|faint|p1b: Ninetales
|-ability|p2a: Calyrex|Chilling Neigh|boost
|-boost|p2a: Calyrex|atk|1
|
|upkeep
|inactive|WrestlingDemon has 30 seconds left.
|
|t:|1750778370
|switch|p1b: Kyurem|Kyurem-White, L50|100/100
|-ability|p1b: Kyurem|Turboblaze
|turn|8
|
|t:|1750778376
|-terastallize|p2a: Calyrex|Water
|move|p2b: Deerling-|Helping Hand|p2a: Calyrex
|-singleturn|p2a: Calyrex|Helping Hand|[of] p2b: Deerling-
|move|p1a: Zamazenta|Wide Guard|p1a: Zamazenta
|-singleturn|p1a: Zamazenta|Wide Guard
|move|p2a: Calyrex|High Horsepower|p1a: Zamazenta
|-damage|p1a: Zamazenta|25/100
|move|p1b: Kyurem|Fusion Flare|p2a: Calyrex
|-resisted|p2a: Calyrex
|-damage|p2a: Calyrex|32/100
|-damage|p1b: Kyurem|91/100|[from] item: Life Orb
|
|-sideend|p1: WrestlingDemon|move: Aurora Veil
|upkeep
|turn|9
|j| mendako_peace
|inactive|004B has 30 seconds left.
|
|t:|1750778407
|move|p2b: Deerling-|Helping Hand|p2a: Calyrex
|-singleturn|p2a: Calyrex|Helping Hand|[of] p2b: Deerling-
|move|p1a: Zamazenta|Wide Guard|p1a: Zamazenta
|-singleturn|p1a: Zamazenta|Wide Guard
|move|p2a: Calyrex|High Horsepower|p1b: Kyurem
|-damage|p1b: Kyurem|0 fnt
|faint|p1b: Kyurem
|-ability|p2a: Calyrex|Chilling Neigh|boost
|-boost|p2a: Calyrex|atk|1
|
|upkeep
|turn|10
|inactive|WrestlingDemon has 30 seconds left.
|-message|WrestlingDemon forfeited.
|
|win|004B
|raw|WrestlingDemon's rating: 1476 &rarr; <strong>1463</strong><br />(-13 for losing)
|raw|004B's rating: 1608 &rarr; <strong>1621</strong><br />(+13 for winning)
|l|☆WrestlingDemon
|player|p1|
|l|☆004B
|player|p2|
