|j|☆mpds44
|j|☆Mameon
|t:|1750844131
|gametype|doubles
|player|p1|mpds44|170|1283
|player|p2|Mameon|red|1297
|teamsize|p1|6
|teamsize|p2|6
|gen|9
|tier|[Gen 9] VGC 2025 Reg I
|rated|
|rule|Species Clause: Limit one of each Pokémon
|rule|Item Clause: Limit 1 of each item
|clearpoke
|poke|p1|Koraidon, L50|
|poke|p1|Weezing-Galar, L50, M|
|poke|p1|Calyrex-Shadow, L50|
|poke|p1|Chi-Yu, L50|
|poke|p1|Dondozo, L50, F|
|poke|p1|Tatsugiri, L50, F|
|poke|p2|Calyrex-Ice, L50|
|poke|p2|Scraggy, L50, M|
|poke|p2|Miraidon, L50|
|poke|p2|Farigiraf, L50, F|
|poke|p2|Iron Treads, L50|
|poke|p2|Iron Hands, L50|
|teampreview|4
|
|t:|1750844158
|start
|switch|p1a: Koraidon|Koraidon, L50|100/100
|switch|p1b: Weezing|Weezing-Galar, L50, M|100/100
|switch|p2a: Calyrex|Calyrex-Ice, L50|100/100
|switch|p2b: Scraggy|Scraggy, L50, M|100/100
|-ability|p1b: Weezing|Neutralizing Gas
|-block|p1a: Koraidon|item: Ability Shield
|-ability|p2a: Calyrex|As One
|-ability|p2a: Calyrex|Unnerve
|-weather|SunnyDay|[from] ability: Orichalcum Pulse|[of] p1a: Koraidon
|-activate|p1a: Koraidon|Orichalcum Pulse|[source]
|turn|1
|inactive|Battle timer is ON: inactive players will automatically lose when time's up. (requested by Mameon)
|
|t:|1750844176
|-terastallize|p1a: Koraidon|Fire
|move|p2b: Scraggy|Fake Out|p1a: Koraidon
|-damage|p1a: Koraidon|94/100
|cant|p1a: Koraidon|flinch
|move|p1b: Weezing|Strange Steam|p2b: Scraggy
|-supereffective|p2b: Scraggy
|-damage|p2b: Scraggy|2/100
|move|p2a: Calyrex|Trick Room|p2a: Calyrex
|-fieldstart|move: Trick Room|[of] p2a: Calyrex
|
|-weather|SunnyDay|[upkeep]
|upkeep
|turn|2
|inactive|Mameon has 30 seconds left.
|
|t:|1750844202
|move|p1a: Koraidon|Protect|p1a: Koraidon
|-singleturn|p1a: Koraidon|Protect
|move|p2b: Scraggy|Endeavor|p1b: Weezing
|-damage|p1b: Weezing|2/100
|move|p2a: Calyrex|High Horsepower|p1a: Koraidon
|-activate|p1a: Koraidon|move: Protect
|move|p1b: Weezing|Will-O-Wisp|p2a: Calyrex
|-status|p2a: Calyrex|brn
|
|-weather|SunnyDay|[upkeep]
|-damage|p2a: Calyrex|95/100 brn|[from] brn
|upkeep
|turn|3
|inactive|mpds44 has 30 seconds left.
|inactive|mpds44 has 20 seconds left.
|inactive|mpds44 has 15 seconds left.
|
|t:|1750844246
|switch|p1a: Calyrex|Calyrex-Shadow, L50|100/100
|-ability|p1a: Calyrex|As One
|-ability|p1a: Calyrex|Unnerve
|move|p2b: Scraggy|Endeavor|p1a: Calyrex
|-immune|p1a: Calyrex
|move|p2a: Calyrex|Glacial Lance|p1a: Calyrex|[spread] p1a,p1b
|-damage|p1a: Calyrex|63/100
|-damage|p1b: Weezing|0 fnt
|faint|p1b: Weezing
|-end|p1b: Weezing|ability: Neutralizing Gas
|-ability|p2b: Scraggy|Intimidate|boost
|-unboost|p1a: Calyrex|atk|1
|-ability|p2a: Calyrex|Chilling Neigh|boost
|-boost|p2a: Calyrex|atk|1
|
|-weather|SunnyDay|[upkeep]
|-damage|p2a: Calyrex|89/100 brn|[from] brn
|upkeep
|l|☆Mameon
|inactive|Mameon disconnected and has a minute to reconnect!
|player|p2|
|
|t:|1750844259
|switch|p1b: Chi-Yu|Chi-Yu, L50|100/100
|-ability|p1b: Chi-Yu|Beads of Ruin
|turn|4
|j|☆Mameon
|inactive|Mameon reconnected and has 55 seconds left.
|player|p2|Mameon|red|
|
|t:|1750844284
|-terastallize|p2a: Calyrex|Fire
|move|p1a: Calyrex|Protect|p1a: Calyrex
|-singleturn|p1a: Calyrex|Protect
|move|p2b: Scraggy|Endeavor|p1b: Chi-Yu
|-damage|p1b: Chi-Yu|2/100
|move|p2a: Calyrex|Glacial Lance|p1b: Chi-Yu|[spread] p1b
|-activate|p1a: Calyrex|move: Protect
|-resisted|p1b: Chi-Yu
|-damage|p1b: Chi-Yu|0 fnt
|faint|p1b: Chi-Yu
|-ability|p2a: Calyrex|Chilling Neigh|boost
|-boost|p2a: Calyrex|atk|1
|
|-weather|SunnyDay|[upkeep]
|-damage|p2a: Calyrex|83/100 brn|[from] brn
|upkeep
|
|t:|1750844292
|switch|p1b: Koraidon|Koraidon, L50, tera:Fire|94/100
|-activate|p1b: Koraidon|ability: Orichalcum Pulse
|turn|5
|
|t:|1750844310
|move|p1b: Koraidon|Protect|p1b: Koraidon
|-singleturn|p1b: Koraidon|Protect
|move|p2b: Scraggy|Foul Play|p1a: Calyrex
|-supereffective|p1a: Calyrex
|-damage|p1a: Calyrex|0 fnt
|faint|p1a: Calyrex
|move|p2a: Calyrex|High Horsepower|p1b: Koraidon
|-activate|p1b: Koraidon|move: Protect
|
|-weather|none
|-damage|p2a: Calyrex|77/100 brn|[from] brn
|-fieldend|move: Trick Room
|upkeep
|turn|6
|
|t:|1750844326
|switch|p2b: Miraidon|Miraidon, L50|100/100
|-fieldstart|move: Electric Terrain|[from] ability: Hadron Engine|[of] p2b: Miraidon
|move|p1b: Koraidon|Flame Charge|p2b: Miraidon
|-resisted|p2b: Miraidon
|-damage|p2b: Miraidon|87/100
|-boost|p1b: Koraidon|spe|1
|move|p2a: Calyrex|Trick Room|p2a: Calyrex
|-fieldstart|move: Trick Room|[of] p2a: Calyrex
|
|-damage|p2a: Calyrex|72/100 brn|[from] brn
|upkeep
|turn|7
|-message|mpds44 forfeited.
|
|win|Mameon
|raw|mpds44's rating: 1283 &rarr; <strong>1259</strong><br />(-24 for losing)
|raw|Mameon's rating: 1297 &rarr; <strong>1321</strong><br />(+24 for winning)
|l|☆mpds44
|player|p1|
