|j|☆RandomTrainer26508
|j|☆Carlinhosmestre123
|t:|1750800864
|gametype|doubles
|player|p1|RandomTrainer26508|n|1099
|player|p2|Carlinhosmestre123|ghetsis|1146
|teamsize|p1|6
|teamsize|p2|6
|gen|9
|tier|[Gen 9] VGC 2025 Reg I
|rated|
|rule|Species Clause: Limit one of each Pokémon
|rule|Item Clause: Limit 1 of each item
|clearpoke
|poke|p1|Calyrex-Shadow, L50|
|poke|p1|Koraidon, L50|
|poke|p1|Whimsicott, L50, M|
|poke|p1|Farigiraf, L50, M|
|poke|p1|Ursaluna-Bloodmoon, L50, M|
|poke|p1|Pawmot, L50, F|
|poke|p2|Calyrex-Ice, L50|
|poke|p2|Rillaboom, L50, M|
|poke|p2|Kyogre, L50|
|poke|p2|Tornadus, L50, M|
|poke|p2|Volcarona, L50, M|
|poke|p2|Urshifu-*, L50, M|
|teampreview|4
|inactive|Battle timer is ON: inactive players will automatically lose when time's up. (requested by RandomTrainer26508)
|
|t:|1750800895
|start
|switch|p1a: El Bromas|Whimsicott, L50, M|100/100
|switch|p1b: Pawmot|Pawmot, L50, F|100/100
|switch|p2a: Volcarona|Volcarona, L50, M, shiny|100/100
|switch|p2b: Kyogre|Kyogre, L50, shiny|100/100
|-weather|RainDance|[from] ability: Drizzle|[of] p2b: Kyogre
|turn|1
|
|t:|1750800914
|move|p1b: Pawmot|Fake Out|p2a: Volcarona
|-damage|p2a: Volcarona|86/100
|-damage|p1b: Pawmot|84/100|[from] item: Rocky Helmet|[of] p2a: Volcarona
|-status|p1b: Pawmot|brn|[from] ability: Flame Body|[of] p2a: Volcarona
|cant|p2a: Volcarona|flinch
|move|p1a: El Bromas|Tailwind|p1a: El Bromas
|-sidestart|p1: RandomTrainer26508|move: Tailwind
|move|p2b: Kyogre|Origin Pulse|p1b: Pawmot|[spread] p1a,p1b
|-resisted|p1a: El Bromas
|-damage|p1a: El Bromas|48/100
|-damage|p1b: Pawmot|0 fnt
|faint|p1b: Pawmot
|
|-weather|RainDance|[upkeep]
|upkeep
|
|t:|1750800929
|switch|p1b: Koraidon|Koraidon, L50|100/100
|-weather|SunnyDay|[from] ability: Orichalcum Pulse|[of] p1b: Koraidon
|-activate|p1b: Koraidon|Orichalcum Pulse|[source]
|turn|2
|inactive|RandomTrainer26508 has 30 seconds left.
|
|t:|1750800958
|switch|p2b: Rillaboom|Rillaboom, L50, M|100/100
|-fieldstart|move: Grassy Terrain|[from] ability: Grassy Surge|[of] p2b: Rillaboom
|move|p1b: Koraidon|Flame Charge|p2a: Volcarona
|-damage|p2a: Volcarona|50/100
|-boost|p1b: Koraidon|spe|1
|-damage|p1b: Koraidon|84/100|[from] item: Rocky Helmet|[of] p2a: Volcarona
|-status|p1b: Koraidon|brn|[from] ability: Flame Body|[of] p2a: Volcarona
|move|p1a: El Bromas|Moonblast|p2b: Rillaboom
|-damage|p2b: Rillaboom|84/100
|move|p2a: Volcarona|Will-O-Wisp|p1b: Koraidon|[miss]
|-miss|p2a: Volcarona|p1b: Koraidon
|
|-weather|SunnyDay|[upkeep]
|-heal|p1b: Koraidon|90/100 brn|[from] Grassy Terrain
|-heal|p1a: El Bromas|54/100|[from] Grassy Terrain
|-heal|p2a: Volcarona|56/100|[from] Grassy Terrain
|-heal|p2b: Rillaboom|90/100|[from] Grassy Terrain
|-damage|p1b: Koraidon|84/100 brn|[from] brn
|upkeep
|turn|3
|
|t:|1750800983
|move|p2b: Rillaboom|Fake Out|p1b: Koraidon
|-damage|p1b: Koraidon|72/100 brn
|move|p1a: El Bromas|Misty Terrain|p1a: El Bromas
|-fieldstart|move: Misty Terrain
|cant|p1b: Koraidon|flinch
|move|p2a: Volcarona|Struggle Bug|p1b: Koraidon|[spread] p1a,p1b
|-resisted|p1b: Koraidon
|-damage|p1a: El Bromas|33/100
|-damage|p1b: Koraidon|64/100 brn
|
|-weather|SunnyDay|[upkeep]
|-damage|p1b: Koraidon|58/100 brn|[from] brn
|upkeep
|turn|4
|
|t:|1750801006
|switch|p2b: Kyogre|Kyogre, L50, shiny|100/100
|-weather|RainDance|[from] ability: Drizzle|[of] p2b: Kyogre
|move|p1a: El Bromas|Encore||[still]
|-fail|p1a: El Bromas
|move|p1b: Koraidon|Flame Charge|p2b: Kyogre
|-resisted|p2b: Kyogre
|-damage|p2b: Kyogre|99/100
|-boost|p1b: Koraidon|spe|1
|move|p2a: Volcarona|Struggle Bug|p1a: El Bromas|[spread] p1a,p1b
|-resisted|p1b: Koraidon
|-damage|p1a: El Bromas|12/100
|-damage|p1b: Koraidon|51/100 brn
|
|-weather|RainDance|[upkeep]
|-damage|p1b: Koraidon|45/100 brn|[from] brn
|-sideend|p1: RandomTrainer26508|move: Tailwind
|upkeep
|turn|5
|
|t:|1750801027
|switch|p2a: Rillaboom|Rillaboom, L50, M|90/100
|-fieldstart|move: Grassy Terrain|[from] ability: Grassy Surge|[of] p2a: Rillaboom
|move|p1a: El Bromas|Tailwind|p1a: El Bromas
|-sidestart|p1: RandomTrainer26508|move: Tailwind
|move|p1b: Koraidon|U-turn|p2a: Rillaboom
|-supereffective|p2a: Rillaboom
|-damage|p2a: Rillaboom|67/100
|
|t:|1750801036
|switch|p1b: Calyrex|Calyrex-Shadow, L50|100/100|[from] U-turn
|-ability|p1b: Calyrex|As One
|-ability|p1b: Calyrex|Unnerve
|move|p2b: Kyogre|Origin Pulse|p1a: El Bromas|[spread] p1b
|-miss|p2b: Kyogre|p1a: El Bromas
|-damage|p1b: Calyrex|26/100
|
|-weather|RainDance|[upkeep]
|-heal|p1b: Calyrex|32/100|[from] Grassy Terrain
|-heal|p1a: El Bromas|18/100|[from] Grassy Terrain
|-heal|p2b: Kyogre|100/100|[from] Grassy Terrain
|-heal|p2a: Rillaboom|73/100|[from] Grassy Terrain
|upkeep
|turn|6
|
|t:|1750801059
|move|p1a: El Bromas|Misty Terrain|p1a: El Bromas
|-fieldstart|move: Misty Terrain
|move|p1b: Calyrex|Astral Barrage|p2b: Kyogre|[spread] p2a,p2b
|-crit|p2a: Rillaboom
|-damage|p2a: Rillaboom|2/100
|-damage|p2b: Kyogre|49/100
|-damage|p1b: Calyrex|22/100|[from] item: Life Orb
|move|p2b: Kyogre|Origin Pulse|p1a: El Bromas|[spread] p1a
|-miss|p2b: Kyogre|p1b: Calyrex
|-resisted|p1a: El Bromas
|-damage|p1a: El Bromas|0 fnt
|faint|p1a: El Bromas
|move|p2a: Rillaboom|Grassy Glide|p1b: Calyrex
|-damage|p1b: Calyrex|0 fnt
|faint|p1b: Calyrex
|
|-weather|RainDance|[upkeep]
|upkeep
|
|t:|1750801067
|switch|p1b: Koraidon|Koraidon, L50|45/100 brn
|-weather|SunnyDay|[from] ability: Orichalcum Pulse|[of] p1b: Koraidon
|-activate|p1b: Koraidon|Orichalcum Pulse|[source]
|turn|7
|inactive|Carlinhosmestre123 has 30 seconds left.
|inactive|Carlinhosmestre123 has 20 seconds left.
|inactive|Carlinhosmestre123 has 15 seconds left.
|inactive|Carlinhosmestre123 has 10 seconds left.
|inactive|Carlinhosmestre123 has 5 seconds left.
|
|t:|1750801122
|move|p1b: Koraidon|Collision Course|p2b: Kyogre
|-damage|p2b: Kyogre|20/100
|move|p2b: Kyogre|Origin Pulse|p1b: Koraidon
|-resisted|p1b: Koraidon
|-damage|p1b: Koraidon|26/100 brn
|move|p2a: Rillaboom|Grassy Glide|p1b: Koraidon
|-resisted|p1b: Koraidon
|-damage|p1b: Koraidon|16/100 brn
|
|-weather|SunnyDay|[upkeep]
|-damage|p1b: Koraidon|10/100 brn|[from] brn
|upkeep
|turn|8
|
|t:|1750801140
|switch|p2b: Volcarona|Volcarona, L50, M, shiny|56/100
|move|p1b: Koraidon|Collision Course|p2b: Volcarona
|-resisted|p2b: Volcarona
|-damage|p2b: Volcarona|39/100
|-damage|p1b: Koraidon|0 fnt|[from] item: Rocky Helmet|[of] p2b: Volcarona
|faint|p1b: Koraidon
|
|win|Carlinhosmestre123
|raw|RandomTrainer26508's rating: 1099 &rarr; <strong>1077</strong><br />(-22 for losing)
|raw|Carlinhosmestre123's rating: 1146 &rarr; <strong>1168</strong><br />(+22 for winning)
|l|☆RandomTrainer26508
|player|p1|
|l|☆Carlinhosmestre123
|player|p2|
