|j|☆terradelta
|j|☆AaronAstro
|t:|1750742247
|gametype|doubles
|player|p1|terradelta|koga|1155
|player|p2|AaronAstro|ethan|1152
|teamsize|p1|6
|teamsize|p2|6
|gen|9
|tier|[Gen 9] VGC 2025 Reg I
|rated|
|rule|Species Clause: Limit one of each Pokémon
|rule|Item Clause: Limit 1 of each item
|clearpoke
|poke|p1|Terapagos, L50, M|
|poke|p1|Calyrex-Shadow, L50|
|poke|p1|Chi-Yu, L50|
|poke|p1|Sinistcha-Masterpiece, L50|
|poke|p1|Hitmontop, L50, M|
|poke|p1|Grafaiai, L50, F|
|poke|p2|Calyrex-Ice, L50|
|poke|p2|Iron Hands, L50|
|poke|p2|Farigiraf, L50, M|
|poke|p2|Incineroar, L50, M|
|poke|p2|Lunala, L50|
|poke|p2|Amoonguss, L50, M|
|teampreview|4
|
|t:|1750742275
|start
|switch|p1a: Terapagos|Terapagos, L50, M|100/100
|switch|p1b: Hitmontop|Hitmontop, L50, M, shiny|100/100
|switch|p2a: Iron Hands|Iron Hands, L50|100/100
|switch|p2b: Calyrex|Calyrex-Ice, L50|100/100
|-activate|p1a: Terapagos|ability: Tera Shift
|detailschange|p1a: Terapagos|Terapagos-Terastal, L50, M
|-heal|p1a: Terapagos|100/100|[silent]
|-ability|p2b: Calyrex|As One
|-ability|p2b: Calyrex|Unnerve
|-ability|p1b: Hitmontop|Intimidate|boost
|-unboost|p2a: Iron Hands|atk|1
|-fail|p2b: Calyrex|unboost|[from] item: Clear Amulet|[of] p2b: Calyrex
|turn|1
|
|t:|1750742302
|move|p1b: Hitmontop|Fake Out|p2b: Calyrex
|-damage|p2b: Calyrex|94/100
|move|p2a: Iron Hands|Fake Out|p1a: Terapagos
|-activate|p1a: Terapagos|ability: Tera Shell
|-resisted|p1a: Terapagos
|-damage|p1a: Terapagos|97/100
|cant|p1a: Terapagos|flinch
|cant|p2b: Calyrex|flinch
|
|upkeep
|turn|2
|
|t:|1750742317
|switch|p1b: Sinistcha|Sinistcha-Masterpiece, L50|100/100
|-heal|p1a: Terapagos|100/100|[from] ability: Hospitality|[of] p1b: Sinistcha
|move|p1a: Terapagos|Calm Mind|p1a: Terapagos
|-boost|p1a: Terapagos|spa|1
|-boost|p1a: Terapagos|spd|1
|move|p2b: Calyrex|Glacial Lance|p1a: Terapagos|[spread] p1a,p1b
|-activate|p1a: Terapagos|ability: Tera Shell
|-resisted|p1a: Terapagos
|-supereffective|p1b: Sinistcha
|-damage|p1a: Terapagos|79/100
|-enditem|p1b: Sinistcha|Focus Sash
|-damage|p1b: Sinistcha|1/100
|move|p2a: Iron Hands|Drain Punch|p1a: Terapagos
|-supereffective|p1a: Terapagos
|-damage|p1a: Terapagos|38/100
|
|upkeep
|turn|3
|
|t:|1750742344
|move|p1a: Terapagos|Protect|p1a: Terapagos
|-singleturn|p1a: Terapagos|Protect
|move|p2b: Calyrex|Protect|p2b: Calyrex
|-singleturn|p2b: Calyrex|Protect
|move|p1b: Sinistcha|Life Dew|p1b: Sinistcha|[spread] p1a,p1b
|-heal|p1a: Terapagos|63/100
|-heal|p1b: Sinistcha|27/100
|move|p2a: Iron Hands|Drain Punch|p1a: Terapagos
|-activate|p1a: Terapagos|move: Protect
|
|upkeep
|turn|4
|
|t:|1750742373
|-terastallize|p1a: Terapagos|Stellar
|detailschange|p1a: Terapagos|Terapagos-Stellar, L50, M, tera:Stellar
|-heal|p1a: Terapagos|72/100|[silent]
|move|p1b: Sinistcha|Shadow Ball|p2b: Calyrex
|-supereffective|p2b: Calyrex
|-damage|p2b: Calyrex|36/100
|move|p1a: Terapagos|Tera Starstorm|p2b: Calyrex|[spread] p2a,p2b
|-damage|p2a: Iron Hands|78/100
|-damage|p2b: Calyrex|6/100
|move|p2a: Iron Hands|Drain Punch|p1a: Terapagos
|-supereffective|p1a: Terapagos
|-damage|p1a: Terapagos|42/100
|-heal|p2a: Iron Hands|94/100|[from] drain|[of] p1a: Terapagos
|move|p2b: Calyrex|Glacial Lance|p1a: Terapagos|[spread] p1a,p1b
|-supereffective|p1b: Sinistcha
|-damage|p1a: Terapagos|6/100
|-damage|p1b: Sinistcha|0 fnt
|faint|p1b: Sinistcha
|-ability|p2b: Calyrex|Chilling Neigh|boost
|-boost|p2b: Calyrex|atk|1
|
|upkeep
|
|t:|1750742395
|switch|p1b: Hitmontop|Hitmontop, L50, M, shiny|100/100
|-ability|p1b: Hitmontop|Intimidate|boost
|-unboost|p2a: Iron Hands|atk|1
|-fail|p2b: Calyrex|unboost|[from] item: Clear Amulet|[of] p2b: Calyrex
|turn|5
|
|t:|1750742423
|switch|p2b: Lunala|Lunala, L50|100/100
|move|p1b: Hitmontop|Fake Out|p2a: Iron Hands
|-damage|p2a: Iron Hands|88/100
|move|p1a: Terapagos|Tera Starstorm|p2b: Lunala|[spread] p2a,p2b
|-damage|p2a: Iron Hands|63/100
|-damage|p2b: Lunala|85/100
|cant|p2a: Iron Hands|flinch
|
|-heal|p2b: Lunala|91/100|[from] item: Leftovers
|upkeep
|turn|6
|
|t:|1750742440
|move|p1a: Terapagos|Protect|p1a: Terapagos
|-singleturn|p1a: Terapagos|Protect
|move|p1b: Hitmontop|Sucker Punch|p2b: Lunala
|-supereffective|p2b: Lunala
|-damage|p2b: Lunala|32/100
|move|p2b: Lunala|Psyshock|p1b: Hitmontop
|-supereffective|p1b: Hitmontop
|-damage|p1b: Hitmontop|0 fnt
|faint|p1b: Hitmontop
|move|p2a: Iron Hands|Drain Punch|p1a: Terapagos
|-activate|p1a: Terapagos|move: Protect
|
|-heal|p2b: Lunala|39/100|[from] item: Leftovers
|upkeep
|
|t:|1750742455
|switch|p1b: Calyrex|Calyrex-Shadow, L50|100/100
|-ability|p1b: Calyrex|As One
|-ability|p1b: Calyrex|Unnerve
|turn|7
|
|t:|1750742491
|move|p2b: Lunala|Wide Guard|p2b: Lunala
|-singleturn|p2b: Lunala|Wide Guard
|move|p1b: Calyrex|Draining Kiss|p2b: Lunala
|-damage|p2b: Lunala|16/100
|move|p1a: Terapagos|Tera Starstorm|p2a: Iron Hands|[spread] 
|-activate|p2a: Iron Hands|move: Wide Guard
|-activate|p2b: Lunala|move: Wide Guard
|move|p2a: Iron Hands|Drain Punch|p1a: Terapagos
|-supereffective|p1a: Terapagos
|-damage|p1a: Terapagos|0 fnt
|-heal|p2a: Iron Hands|66/100|[from] drain|[of] p1a: Terapagos
|faint|p1a: Terapagos
|detailschange|p1: Terapagos|Terapagos, L50, M|[silent]
|
|-heal|p2b: Lunala|23/100|[from] item: Leftovers
|upkeep
|turn|8
|
|t:|1750742515
|move|p2b: Lunala|Wide Guard|p2b: Lunala
|-singleturn|p2b: Lunala|Wide Guard
|move|p1b: Calyrex|Draining Kiss|p2b: Lunala
|-damage|p2b: Lunala|2/100
|move|p2a: Iron Hands|Wild Charge|p1b: Calyrex
|-damage|p1b: Calyrex|66/100
|-damage|p2a: Iron Hands|60/100|[from] Recoil
|
|-heal|p2b: Lunala|8/100|[from] item: Leftovers
|upkeep
|turn|9
|
|t:|1750742532
|switch|p2b: Calyrex|Calyrex-Ice, L50|6/100
|-ability|p2b: Calyrex|As One
|-ability|p2b: Calyrex|Unnerve
|move|p1b: Calyrex|Draining Kiss|p2b: Calyrex
|-damage|p2b: Calyrex|0 fnt
|-heal|p1b: Calyrex|71/100|[from] drain|[of] p2b: Calyrex
|faint|p2b: Calyrex
|-ability|p1b: Calyrex|Grim Neigh|boost
|-boost|p1b: Calyrex|spa|1
|move|p2a: Iron Hands|Wild Charge|p1b: Calyrex
|-crit|p1b: Calyrex
|-damage|p1b: Calyrex|0 fnt
|faint|p1b: Calyrex
|-damage|p2a: Iron Hands|47/100|[from] Recoil
|
|win|AaronAstro
|raw|terradelta's rating: 1155 &rarr; <strong>1130</strong><br />(-25 for losing)
|raw|AaronAstro's rating: 1152 &rarr; <strong>1177</strong><br />(+25 for winning)
|l|☆terradelta
|player|p1|
|l|☆AaronAstro
|player|p2|
