|j|☆Pacasa33
|j|☆MonarchMD
|t:|1750785522
|gametype|doubles
|player|p1|Pacasa33|170|1174
|player|p2|MonarchMD|caitlin|1225
|teamsize|p1|6
|teamsize|p2|6
|gen|9
|tier|[Gen 9] VGC 2025 Reg I
|rated|
|rule|Species Clause: Limit one of each Pokémon
|rule|Item Clause: Limit 1 of each item
|clearpoke
|poke|p1|Miraidon, L50|
|poke|p1|Lunala, L50|
|poke|p1|Ursaluna, L50, M|
|poke|p1|Amoonguss, L50, F|
|poke|p1|Grimmsnarl, L50, M|
|poke|p1|Incineroar, L50, M|
|poke|p2|Indeedee, L50, M|
|poke|p2|Iron Crown, L50|
|poke|p2|Lunala, L50|
|poke|p2|Amoonguss, L50, F|
|poke|p2|Zamazenta-*, L50|
|poke|p2|Mabosstiff, L50, M|
|teampreview|4
|inactive|Battle timer is ON: inactive players will automatically lose when time's up. (requested by MonarchMD)
|inactive|MonarchMD has 60 seconds left.
|
|t:|1750785558
|start
|switch|p1a: Grimmsnarl|Grimmsnarl, L50, M|100/100
|switch|p1b: Lunala|Lunala, L50|100/100
|switch|p2a: Mabosstiff|Mabosstiff, L50, M|100/100
|switch|p2b: Lunala|Lunala, L50|100/100
|-ability|p2a: Mabosstiff|Intimidate|boost
|-unboost|p1a: Grimmsnarl|atk|1
|-unboost|p1b: Lunala|atk|1
|turn|1
|inactive|MonarchMD has 30 seconds left.
|
|t:|1750785584
|switch|p1b: Incineroar|Incineroar, L50, M|100/100
|-ability|p1b: Incineroar|Intimidate|boost
|-unboost|p2a: Mabosstiff|atk|1
|-unboost|p2b: Lunala|atk|1
|-terastallize|p2b: Lunala|Water
|move|p2a: Mabosstiff|Protect|p2a: Mabosstiff
|-singleturn|p2a: Mabosstiff|Protect
|move|p1a: Grimmsnarl|Thunder Wave|p2b: Lunala
|-status|p2b: Lunala|par
|move|p2b: Lunala|Meteor Beam||[still]
|-prepare|p2b: Lunala|Meteor Beam
|-boost|p2b: Lunala|spa|1
|-enditem|p2b: Lunala|Power Herb
|-anim|p2b: Lunala|Meteor Beam|p1b: Incineroar
|-supereffective|p1b: Incineroar
|-damage|p1b: Incineroar|0 fnt
|faint|p1b: Incineroar
|
|upkeep
|
|t:|1750785605
|switch|p1b: Miraidon|Miraidon, L50|100/100
|-fieldstart|move: Electric Terrain|[from] ability: Hadron Engine|[of] p1b: Miraidon
|turn|2
|
|t:|1750785626
|switch|p2a: Indeedee|Indeedee, L50, M|100/100
|-fieldstart|move: Psychic Terrain|[from] ability: Psychic Surge|[of] p2a: Indeedee
|move|p1a: Grimmsnarl|Light Screen|p1a: Grimmsnarl
|-sidestart|p1: Pacasa33|move: Light Screen
|move|p1b: Miraidon|Volt Switch|p2b: Lunala
|-supereffective|p2b: Lunala
|-damage|p2b: Lunala|72/100 par
|
|t:|1750785634
|switch|p1b: Lunala|Lunala, L50|100/100|[from] Volt Switch
|move|p2b: Lunala|Expanding Force|p1a: Grimmsnarl|[spread] p1b
|-immune|p1a: Grimmsnarl
|-resisted|p1b: Lunala
|-damage|p1b: Lunala|90/100
|
|upkeep
|turn|3
|inactive|Pacasa33 has 30 seconds left.
|inactive|Pacasa33 has 20 seconds left.
|
|t:|1750785672
|switch|p2a: Zamazenta|Zamazenta-Crowned, L50|100/100
|-ability|p2a: Zamazenta|Dauntless Shield|boost
|-boost|p2a: Zamazenta|def|1
|-terastallize|p1b: Lunala|Fairy
|move|p1b: Lunala|Moonblast|p2b: Lunala
|-damage|p2b: Lunala|39/100 par
|-unboost|p2b: Lunala|spa|1
|move|p1a: Grimmsnarl|Spirit Break|p2b: Lunala
|-damage|p2b: Lunala|21/100 par
|-unboost|p2b: Lunala|spa|1
|move|p2b: Lunala|Moongeist Beam|p1b: Lunala
|-damage|p1b: Lunala|73/100
|
|upkeep
|turn|4
|inactive|MonarchMD has 30 seconds left.
|inactive|MonarchMD has 20 seconds left.
|inactive|MonarchMD has 15 seconds left.
|inactive|MonarchMD has 10 seconds left.
|
|t:|1750785718
|switch|p1b: Miraidon|Miraidon, L50|100/100
|-fieldstart|move: Electric Terrain|[from] ability: Hadron Engine|[of] p1b: Miraidon
|move|p1a: Grimmsnarl|Thunder Wave|p2a: Zamazenta
|-status|p2a: Zamazenta|par
|move|p2a: Zamazenta|Heavy Slam|p1a: Grimmsnarl
|-supereffective|p1a: Grimmsnarl
|-damage|p1a: Grimmsnarl|0 fnt
|faint|p1a: Grimmsnarl
|move|p2b: Lunala|Moongeist Beam|p1b: Miraidon
|-damage|p1b: Miraidon|87/100
|
|upkeep
|
|t:|1750785731
|switch|p1a: Lunala|Lunala, L50, tera:Fairy|73/100
|-enditem|p1a: Lunala|Electric Seed
|-boost|p1a: Lunala|def|1|[from] item: Electric Seed
|turn|5
|
|t:|1750785755
|switch|p2b: Indeedee|Indeedee, L50, M|100/100
|-fieldstart|move: Psychic Terrain|[from] ability: Psychic Surge|[of] p2b: Indeedee
|move|p2a: Zamazenta|Protect|p2a: Zamazenta
|-singleturn|p2a: Zamazenta|Protect
|move|p1b: Miraidon|Electro Drift|p2a: Zamazenta
|-activate|p2a: Zamazenta|move: Protect
|move|p1a: Lunala|Moongeist Beam|p2a: Zamazenta
|-activate|p2a: Zamazenta|move: Protect
|
|upkeep
|turn|6
|
|t:|1750785775
|move|p2b: Indeedee|Healing Wish|p2b: Indeedee
|faint|p2b: Indeedee
|move|p1b: Miraidon|Electro Drift|p2a: Zamazenta
|-damage|p2a: Zamazenta|58/100 par
|move|p1a: Lunala|Moonblast|p2a: Zamazenta
|-damage|p2a: Zamazenta|19/100 par
|move|p2a: Zamazenta|Heavy Slam|p1a: Lunala
|-supereffective|p1a: Lunala
|-damage|p1a: Lunala|27/100
|
|upkeep
|
|t:|1750785785
|switch|p2b: Lunala|Lunala, L50, tera:Water|21/100 par
|-heal|p2b: Lunala|100/100|[from] move: Healing Wish
|turn|7
|
|t:|1750785805
|move|p2a: Zamazenta|Protect|p2a: Zamazenta
|-singleturn|p2a: Zamazenta|Protect
|move|p1b: Miraidon|Electro Drift|p2b: Lunala
|-supereffective|p2b: Lunala
|-damage|p2b: Lunala|53/100
|move|p2b: Lunala|Expanding Force|p1b: Miraidon|[spread] p1a,p1b
|-damage|p1a: Lunala|0 fnt
|-damage|p1b: Miraidon|64/100
|faint|p1a: Lunala
|
|upkeep
|turn|8
|inactive|Pacasa33 has 30 seconds left.
|inactive|Pacasa33 has 20 seconds left.
|inactive|Pacasa33 has 15 seconds left.
|inactive|Pacasa33 has 10 seconds left.
|l|☆Pacasa33
|inactive|Pacasa33 disconnected and has a minute to reconnect!
|player|p1|
|inactive|Pacasa33 has 5 seconds left.
|-message|Pacasa33 lost due to inactivity.
|
|win|MonarchMD
|raw|Pacasa33's rating: 1174 &rarr; <strong>1153</strong><br />(-21 for losing)
|raw|MonarchMD's rating: 1225 &rarr; <strong>1246</strong><br />(+21 for winning)
