|j|☆Fediz
|j|☆25th_mang
|t:|1750728685
|gametype|doubles
|player|p1|Fediz|2|1276
|player|p2|25th_mang|ballguy|1405
|teamsize|p1|6
|teamsize|p2|6
|gen|9
|tier|[Gen 9] VGC 2025 Reg I
|rated|
|rule|Species Clause: Limit one of each Pokémon
|rule|Item Clause: Limit 1 of each item
|clearpoke
|poke|p1|Miraidon, L50|
|poke|p1|Whimsicott, L50, M|
|poke|p1|Ursaluna, L50, M|
|poke|p1|Incineroar, L50, F|
|poke|p1|Lunala, L50|
|poke|p1|Urshifu-*, L50, F|
|poke|p2|Tornadus, L50, M|
|poke|p2|Kyogre, L50|
|poke|p2|Urshifu-*, L50, M|
|poke|p2|Zacian-*, L50|
|poke|p2|Landorus, L50, M|
|poke|p2|Tsareena, L50, F|
|teampreview|4
|inactive|Battle timer is ON: inactive players will automatically lose when time's up. (requested by 25th_mang)
|inactive|Fediz also wants the timer to be on.
|inactive|Fediz has 60 seconds left.
|inactive|Fediz has 30 seconds left.
|
|t:|1750728752
|start
|switch|p1a: Lunala|Lunala, L50|100/100
|switch|p1b: Incineroar|Incineroar, L50, F|100/100
|switch|p2a: CAUTION WET FLOOR|Zacian-Crowned, L50|100/100
|switch|p2b: HER MAJESTY|Tsareena, L50, F, shiny|100/100
|-ability|p2a: CAUTION WET FLOOR|Intrepid Sword|boost
|-boost|p2a: CAUTION WET FLOOR|atk|1
|-ability|p1b: Incineroar|Intimidate|boost
|-unboost|p2a: CAUTION WET FLOOR|atk|1
|-unboost|p2b: HER MAJESTY|atk|1
|turn|1
|inactive|25th_mang has 30 seconds left.
|inactive|25th_mang has 20 seconds left.
|
|t:|1750728791
|move|p2a: CAUTION WET FLOOR|Play Rough|p1a: Lunala
|-damage|p1a: Lunala|83/100
|move|p2b: HER MAJESTY|Taunt|p1a: Lunala
|-start|p1a: Lunala|move: Taunt
|move|p1b: Incineroar|Parting Shot|p2a: CAUTION WET FLOOR
|-unboost|p2a: CAUTION WET FLOOR|atk|1
|-unboost|p2a: CAUTION WET FLOOR|spa|1
|
|t:|1750728802
|switch|p1b: Miraidon|Miraidon, L50|100/100|[from] Parting Shot
|-fieldstart|move: Electric Terrain|[from] ability: Hadron Engine|[of] p1b: Miraidon
|cant|p1a: Lunala|move: Taunt|Trick Room
|
|-heal|p1a: Lunala|89/100|[from] item: Leftovers
|upkeep
|turn|2
|
|t:|1750728821
|switch|p1a: Incineroar|Incineroar, L50, F|100/100
|-ability|p1a: Incineroar|Intimidate|boost
|-unboost|p2a: CAUTION WET FLOOR|atk|1
|-unboost|p2b: HER MAJESTY|atk|1
|-terastallize|p1b: Miraidon|Fairy
|-terastallize|p2b: HER MAJESTY|Ice
|move|p2a: CAUTION WET FLOOR|Play Rough|p1b: Miraidon
|-damage|p1b: Miraidon|81/100
|move|p1b: Miraidon|Volt Switch|p2a: CAUTION WET FLOOR
|-damage|p2a: CAUTION WET FLOOR|12/100
|
|t:|1750728835
|switch|p1b: Lunala|Lunala, L50|89/100|[from] Volt Switch
|move|p2b: HER MAJESTY|Triple Axel|p1b: Lunala
|-damage|p1b: Lunala|85/100
|-damage|p1b: Lunala|77/100
|-damage|p1b: Lunala|64/100
|-hitcount|p1b: Lunala|3
|
|-heal|p1b: Lunala|71/100|[from] item: Leftovers
|upkeep
|turn|3
|
|t:|1750728852
|switch|p2a: WET|Tornadus, L50, M|100/100
|move|p1a: Incineroar|Fake Out||[still]
|cant|p2b: HER MAJESTY|ability: Queenly Majesty|Fake Out|[of] p1a: Incineroar
|move|p1b: Lunala|Moongeist Beam|p2b: HER MAJESTY
|-damage|p2b: HER MAJESTY|37/100
|move|p2b: HER MAJESTY|Taunt|p1b: Lunala
|-start|p1b: Lunala|move: Taunt
|
|-heal|p1b: Lunala|77/100|[from] item: Leftovers
|upkeep
|turn|4
|inactive|25th_mang has 30 seconds left.
|inactive|25th_mang has 20 seconds left.
|
|t:|1750728888
|move|p2a: WET|Bleakwind Storm|p1b: Lunala|[spread] p1a,p1b
|-damage|p1a: Incineroar|75/100
|-damage|p1b: Lunala|55/100
|move|p1b: Lunala|Moongeist Beam|p2b: HER MAJESTY
|-damage|p2b: HER MAJESTY|0 fnt
|faint|p2b: HER MAJESTY
|move|p1a: Incineroar|Knock Off|p2a: WET
|-damage|p2a: WET|44/100
|-enditem|p2a: WET|Covert Cloak|[from] move: Knock Off|[of] p1a: Incineroar
|
|-heal|p1b: Lunala|61/100|[from] item: Leftovers
|upkeep
|
|t:|1750728909
|switch|p2b: BORN TO WET|Kyogre, L50, shiny|100/100
|-weather|RainDance|[from] ability: Drizzle|[of] p2b: BORN TO WET
|turn|5
|inactive|Fediz has 30 seconds left.
|inactive|Fediz has 20 seconds left.
|
|t:|1750728947
|move|p2b: BORN TO WET|Water Spout|p1a: Incineroar|[spread] p1a,p1b
|-supereffective|p1a: Incineroar
|-damage|p1a: Incineroar|0 fnt
|-damage|p1b: Lunala|0 fnt
|faint|p1a: Incineroar
|faint|p1b: Lunala
|move|p2a: WET|Bleakwind Storm|p1: Incineroar|[notarget]
|-fail|p2a: WET
|
|-weather|RainDance|[upkeep]
|-fieldend|move: Electric Terrain
|upkeep
|
|t:|1750728950
|switch|p1b: Ursaluna|Ursaluna, L50, M|100/100
|switch|p1a: Miraidon|Miraidon, L50, tera:Fairy|81/100
|-fieldstart|move: Electric Terrain|[from] ability: Hadron Engine|[of] p1a: Miraidon
|turn|6
|inactive|25th_mang has 30 seconds left.
|
|t:|1750728980
|move|p1b: Ursaluna|Protect|p1b: Ursaluna
|-singleturn|p1b: Ursaluna|Protect
|move|p2b: BORN TO WET|Water Spout|p1b: Ursaluna|[spread] p1a
|-activate|p1b: Ursaluna|move: Protect
|-damage|p1a: Miraidon|0 fnt
|faint|p1a: Miraidon
|move|p2a: WET|Bleakwind Storm|p1b: Ursaluna
|-activate|p1b: Ursaluna|move: Protect
|
|-weather|RainDance|[upkeep]
|-status|p1b: Ursaluna|brn|[from] item: Flame Orb
|upkeep
|turn|7
|-message|Fediz forfeited.
|
|win|25th_mang
|raw|Fediz's rating: 1276 &rarr; <strong>1260</strong><br />(-16 for losing)
|raw|25th_mang's rating: 1405 &rarr; <strong>1418</strong><br />(+13 for winning)
|l|☆Fediz
|player|p1|
