|j|☆suc vat vk
|j|☆turok050
|t:|1750849780
|gametype|doubles
|player|p1|suc vat vk|kimonogirl|1199
|player|p2|turok050|2|1242
|teamsize|p1|6
|teamsize|p2|6
|gen|9
|tier|[Gen 9] VGC 2025 Reg I
|rated|
|rule|Species Clause: Limit one of each Pokémon
|rule|Item Clause: Limit 1 of each item
|clearpoke
|poke|p1|Incineroar, L50, M|
|poke|p1|Grimmsnarl, L50, M|
|poke|p1|Lunala, L50|
|poke|p1|Ogerpon-Hearthflame, L50, F|
|poke|p1|Koraidon, L50|
|poke|p1|Chien-Pao, L50|
|poke|p2|Koraidon, L50|
|poke|p2|Groudon, L50|
|poke|p2|Incineroar, L50, M|
|poke|p2|Milotic, L50, F|
|poke|p2|Venusaur, L50, F|
|poke|p2|Walking Wake, L50|
|teampreview|4
|inactive|Battle timer is ON: inactive players will automatically lose when time's up. (requested by turok050)
|
|t:|1750849804
|start
|switch|p1a: Lunala|Lunala, L50|100/100
|switch|p1b: Ogerpon|Ogerpon-Hearthflame, L50, F|100/100
|switch|p2a: Incineroar|Incineroar, L50, M|100/100
|switch|p2b: Milotic|Milotic, L50, F|100/100
|-ability|p1b: Ogerpon|Mold Breaker
|-ability|p2a: Incineroar|Intimidate|boost
|-unboost|p1a: Lunala|atk|1
|-unboost|p1b: Ogerpon|atk|1
|turn|1
|
|t:|1750849828
|switch|p1b: Grimmsnarl|Grimmsnarl, L50, M, shiny|100/100
|switch|p2a: Koraidon|Koraidon, L50|100/100
|-weather|SunnyDay|[from] ability: Orichalcum Pulse|[of] p2a: Koraidon
|-activate|p2a: Koraidon|Orichalcum Pulse|[source]
|-terastallize|p1a: Lunala|Fairy
|move|p1a: Lunala|Calm Mind|p1a: Lunala
|-boost|p1a: Lunala|spa|1
|-boost|p1a: Lunala|spd|1
|move|p2b: Milotic|Icy Wind|p1b: Grimmsnarl|[spread] p1a,p1b
|-damage|p1a: Lunala|98/100
|-damage|p1b: Grimmsnarl|91/100
|-unboost|p1a: Lunala|spe|1
|-unboost|p1b: Grimmsnarl|spe|1
|
|-weather|SunnyDay|[upkeep]
|-heal|p1a: Lunala|100/100|[from] item: Leftovers
|upkeep
|turn|2
|inactive|turok050 has 30 seconds left.
|
|t:|1750849859
|switch|p2b: Incineroar|Incineroar, L50, M|100/100
|-ability|p2b: Incineroar|Intimidate|boost
|-unboost|p1a: Lunala|atk|1
|-unboost|p1b: Grimmsnarl|atk|1
|-terastallize|p2a: Koraidon|Steel
|move|p1b: Grimmsnarl|Reflect|p1b: Grimmsnarl
|-sidestart|p1: suc vat vk|Reflect
|move|p2a: Koraidon|Iron Head|p1a: Lunala
|-supereffective|p1a: Lunala
|-damage|p1a: Lunala|63/100
|move|p1a: Lunala|Calm Mind|p1a: Lunala
|-boost|p1a: Lunala|spa|1
|-boost|p1a: Lunala|spd|1
|
|-weather|SunnyDay|[upkeep]
|-heal|p1a: Lunala|69/100|[from] item: Leftovers
|upkeep
|turn|3
|
|t:|1750849880
|move|p1a: Lunala|Protect|p1a: Lunala
|-singleturn|p1a: Lunala|Protect
|move|p1b: Grimmsnarl|Parting Shot|p2a: Koraidon
|-unboost|p2a: Koraidon|atk|1
|-unboost|p2a: Koraidon|spa|1
|
|t:|1750849885
|switch|p1b: Koraidon|Koraidon, L50|100/100|[from] Parting Shot
|-activate|p1b: Koraidon|ability: Orichalcum Pulse
|move|p2a: Koraidon|Iron Head|p1a: Lunala
|-activate|p1a: Lunala|move: Protect
|move|p2b: Incineroar|Knock Off|p1a: Lunala
|-activate|p1a: Lunala|move: Protect
|
|-weather|SunnyDay|[upkeep]
|-heal|p1a: Lunala|75/100|[from] item: Leftovers
|upkeep
|turn|4
|
|t:|1750849899
|switch|p2a: Walking Wake|Walking Wake, L50|100/100
|-activate|p2a: Walking Wake|ability: Protosynthesis
|-start|p2a: Walking Wake|protosynthesisspa
|move|p1b: Koraidon|Flame Charge|p2a: Walking Wake
|-resisted|p2a: Walking Wake
|-damage|p2a: Walking Wake|86/100
|-boost|p1b: Koraidon|spe|1
|-damage|p1b: Koraidon|91/100|[from] item: Life Orb
|move|p2b: Incineroar|Knock Off|p1a: Lunala
|-resisted|p1a: Lunala
|-damage|p1a: Lunala|66/100
|-enditem|p1a: Lunala|Leftovers|[from] move: Knock Off|[of] p2b: Incineroar
|move|p1a: Lunala|Calm Mind|p1a: Lunala
|-boost|p1a: Lunala|spa|1
|-boost|p1a: Lunala|spd|1
|
|-weather|SunnyDay|[upkeep]
|upkeep
|turn|5
|
|t:|1750849917
|move|p1b: Koraidon|Protect|p1b: Koraidon
|-singleturn|p1b: Koraidon|Protect
|move|p2a: Walking Wake|Dragon Pulse|p1b: Koraidon
|-activate|p1b: Koraidon|move: Protect
|move|p2b: Incineroar|Taunt|p1a: Lunala
|-start|p1a: Lunala|move: Taunt
|move|p1a: Lunala|Moonblast|p2a: Walking Wake
|-supereffective|p2a: Walking Wake
|-damage|p2a: Walking Wake|0 fnt
|faint|p2a: Walking Wake
|-end|p2a: Walking Wake|Protosynthesis|[silent]
|
|-weather|none
|upkeep
|
|t:|1750849921
|switch|p2a: Milotic|Milotic, L50, F|100/100
|turn|6
|inactive|suc vat vk has 30 seconds left.
|
|t:|1750849947
|move|p1b: Koraidon|Close Combat|p2b: Incineroar
|-supereffective|p2b: Incineroar
|-damage|p2b: Incineroar|0 fnt
|-unboost|p1b: Koraidon|def|1
|-unboost|p1b: Koraidon|spd|1
|faint|p2b: Incineroar
|-damage|p1b: Koraidon|81/100|[from] item: Life Orb
|move|p2a: Milotic|Haze|p2a: Milotic
|-clearallboost
|move|p1a: Lunala|Moonblast|p2a: Milotic
|-damage|p2a: Milotic|70/100
|
|upkeep
|
|t:|1750849959
|switch|p2b: Koraidon|Koraidon, L50, tera:Steel|100/100
|-weather|SunnyDay|[from] ability: Orichalcum Pulse|[of] p2b: Koraidon
|-activate|p2b: Koraidon|Orichalcum Pulse|[source]
|turn|7
|
|t:|1750849977
|move|p2b: Koraidon|Iron Head|p1a: Lunala
|-supereffective|p1a: Lunala
|-crit|p1a: Lunala
|-damage|p1a: Lunala|0 fnt
|faint|p1a: Lunala
|move|p1b: Koraidon|Flame Charge|p2b: Koraidon
|-supereffective|p2b: Koraidon
|-damage|p2b: Koraidon|10/100
|-boost|p1b: Koraidon|spe|1
|-damage|p1b: Koraidon|71/100|[from] item: Life Orb
|move|p2a: Milotic|Icy Wind|p1b: Koraidon
|-supereffective|p1b: Koraidon
|-damage|p1b: Koraidon|44/100
|-unboost|p1b: Koraidon|spe|1
|
|-weather|SunnyDay|[upkeep]
|upkeep
|
|t:|1750849995
|switch|p1a: Ogerpon|Ogerpon-Hearthflame, L50, F|100/100
|-ability|p1a: Ogerpon|Mold Breaker
|turn|8
|
|t:|1750850007
|move|p2a: Milotic|Protect|p2a: Milotic
|-singleturn|p2a: Milotic|Protect
|move|p1a: Ogerpon|Follow Me|p1a: Ogerpon
|-singleturn|p1a: Ogerpon|move: Follow Me
|move|p2b: Koraidon|Iron Head|p1a: Ogerpon
|-resisted|p1a: Ogerpon
|-crit|p1a: Ogerpon
|-damage|p1a: Ogerpon|11/100
|move|p1b: Koraidon|Flame Charge|p2b: Koraidon
|-supereffective|p2b: Koraidon
|-damage|p2b: Koraidon|0 fnt
|-boost|p1b: Koraidon|spe|1
|faint|p2b: Koraidon
|-damage|p1b: Koraidon|35/100|[from] item: Life Orb
|
|-weather|SunnyDay|[upkeep]
|upkeep
|turn|9
|
|t:|1750850027
|move|p1b: Koraidon|Protect|p1b: Koraidon
|-singleturn|p1b: Koraidon|Protect
|move|p1a: Ogerpon|Ivy Cudgel|p2a: Milotic|[anim] Ivy Cudgel Fire
|-resisted|p2a: Milotic
|-damage|p2a: Milotic|26/100
|move|p2a: Milotic|Icy Wind|p1b: Koraidon|[spread] p1a
|-activate|p1b: Koraidon|move: Protect
|-damage|p1a: Ogerpon|0 fnt
|faint|p1a: Ogerpon
|
|-weather|SunnyDay|[upkeep]
|-sideend|p1: suc vat vk|Reflect
|upkeep
|
|t:|1750850033
|switch|p1a: Grimmsnarl|Grimmsnarl, L50, M, shiny|91/100
|turn|10
|
|t:|1750850044
|move|p1b: Koraidon|Protect||[still]
|-fail|p1b: Koraidon
|move|p2a: Milotic|Icy Wind|p1b: Koraidon|[spread] p1a,p1b
|-supereffective|p1b: Koraidon
|-damage|p1a: Grimmsnarl|82/100
|-damage|p1b: Koraidon|14/100
|-unboost|p1a: Grimmsnarl|spe|1
|-unboost|p1b: Koraidon|spe|1
|move|p1a: Grimmsnarl|Spirit Break|p2a: Milotic
|-damage|p2a: Milotic|0 fnt
|faint|p2a: Milotic
|
|win|suc vat vk
|raw|suc vat vk's rating: 1199 &rarr; <strong>1227</strong><br />(+28 for winning)
|raw|turok050's rating: 1242 &rarr; <strong>1214</strong><br />(-28 for losing)
|l|☆turok050
|player|p2|
|l|☆suc vat vk
|player|p1|
