|j|☆Dannnnnnnnnry
|j|☆Ayayaphone2
|t:|1750831596
|gametype|doubles
|player|p1|Dannnnnnnnnry|1|1094
|player|p2|Ayayaphone2|169|1091
|teamsize|p1|6
|teamsize|p2|6
|gen|9
|tier|[Gen 9] VGC 2025 Reg I
|rated|
|rule|Species Clause: Limit one of each Pokémon
|rule|Item Clause: Limit 1 of each item
|clearpoke
|poke|p1|Miraidon, L50|
|poke|p1|Iron Hands, L50|
|poke|p1|Incineroar, L50, M|
|poke|p1|Urshifu-*, L50, M|
|poke|p1|Amoonguss, L50, F|
|poke|p1|Calyrex-Shadow, L50|
|poke|p2|Thundurus-Therian, L50, M|
|poke|p2|Pelipper, L50, M|
|poke|p2|Ludicolo, L50, M|
|poke|p2|Overqwil, L50, F|
|poke|p2|Pincurchin, L50, M|
|poke|p2|Tsareena, L50, F|
|teampreview|4
|inactive|Battle timer is ON: inactive players will automatically lose when time's up. (requested by Ayayaphone2)
|
|t:|1750831623
|start
|switch|p1a: Miraidon|Miraidon, L50|100/100
|switch|p1b: Iron Hands|Iron Hands, L50|100/100
|switch|p2a: Pelipper|Pelipper, L50, M|100/100
|switch|p2b: Pincurchin|Pincurchin, L50, M|100/100
|-fieldstart|move: Electric Terrain|[from] ability: Hadron Engine|[of] p1a: Miraidon
|-activate|p1b: Iron Hands|ability: Quark Drive
|-start|p1b: Iron Hands|quarkdriveatk
|-weather|RainDance|[from] ability: Drizzle|[of] p2a: Pelipper
|turn|1
|
|t:|1750831639
|switch|p2a: Thundurus|Thundurus-Therian, L50, M|100/100
|move|p1b: Iron Hands|Fake Out|p2b: Pincurchin
|-damage|p2b: Pincurchin|88/100
|move|p1a: Miraidon|Volt Switch|p2a: Thundurus
|-immune|p2a: Thundurus|[from] ability: Volt Absorb
|cant|p2b: Pincurchin|flinch
|
|-weather|RainDance|[upkeep]
|upkeep
|turn|2
|
|t:|1750831659
|switch|p1a: Amoonguss|Amoonguss, L50, F|100/100
|move|p2a: Thundurus|Snarl|p1b: Iron Hands|[spread] p1a,p1b
|-resisted|p1b: Iron Hands
|-damage|p1a: Amoonguss|87/100
|-damage|p1b: Iron Hands|96/100
|-unboost|p1a: Amoonguss|spa|1
|-unboost|p1b: Iron Hands|spa|1
|move|p1b: Iron Hands|Heavy Slam|p2b: Pincurchin
|-resisted|p2b: Pincurchin
|-damage|p2b: Pincurchin|66/100
|move|p2b: Pincurchin|Toxic Spikes|p1b: Iron Hands
|-sidestart|p1: Dannnnnnnnnry|move: Toxic Spikes
|
|-weather|RainDance|[upkeep]
|upkeep
|turn|3
|inactive|Ayayaphone2 has 30 seconds left.
|
|t:|1750831686
|switch|p2a: Overqwil|Overqwil, L50, F|100/100
|move|p1b: Iron Hands|Heavy Slam|p2b: Pincurchin
|-resisted|p2b: Pincurchin
|-damage|p2b: Pincurchin|46/100
|move|p1a: Amoonguss|Spore|p2a: Overqwil
|-activate|p2a: Overqwil|move: Electric Terrain
|move|p2b: Pincurchin|Acupressure|p2a: Overqwil
|-boost|p2a: Overqwil|spe|2
|
|-weather|RainDance|[upkeep]
|upkeep
|turn|4
|
|t:|1750831701
|move|p2a: Overqwil|Barb Barrage|p1b: Iron Hands
|-crit|p1b: Iron Hands
|-damage|p1b: Iron Hands|55/100
|-status|p1b: Iron Hands|psn
|-damage|p2a: Overqwil|91/100|[from] item: Life Orb
|move|p1b: Iron Hands|Heavy Slam|p2a: Overqwil
|-damage|p2a: Overqwil|45/100
|move|p1a: Amoonguss|Spore|p2b: Pincurchin
|-activate|p2b: Pincurchin|move: Electric Terrain
|move|p2b: Pincurchin|Recover|p2b: Pincurchin
|-heal|p2b: Pincurchin|96/100
|
|-weather|RainDance|[upkeep]
|-damage|p1b: Iron Hands|42/100 psn|[from] psn
|upkeep
|turn|5
|
|t:|1750831723
|move|p1a: Amoonguss|Rage Powder|p1a: Amoonguss
|-singleturn|p1a: Amoonguss|move: Rage Powder
|move|p2a: Overqwil|Barb Barrage|p1a: Amoonguss
|-damage|p1a: Amoonguss|48/100
|-damage|p2a: Overqwil|35/100|[from] item: Life Orb
|move|p1b: Iron Hands|Heavy Slam|p2a: Overqwil
|-damage|p2a: Overqwil|0 fnt
|faint|p2a: Overqwil
|move|p2b: Pincurchin|Acupressure|p2b: Pincurchin
|-boost|p2b: Pincurchin|spe|2
|
|-weather|RainDance|[upkeep]
|-damage|p1b: Iron Hands|30/100 psn|[from] psn
|-fieldend|move: Electric Terrain
|-end|p1b: Iron Hands|Quark Drive
|upkeep
|
|t:|1750831740
|switch|p2a: Pelipper|Pelipper, L50, M|100/100
|turn|6
|
|t:|1750831754
|move|p1a: Amoonguss|Rage Powder|p1a: Amoonguss
|-singleturn|p1a: Amoonguss|move: Rage Powder
|move|p2a: Pelipper|Hurricane|p1a: Amoonguss
|-supereffective|p1a: Amoonguss
|-damage|p1a: Amoonguss|0 fnt
|faint|p1a: Amoonguss
|move|p2b: Pincurchin|Acupressure|p2b: Pincurchin
|-boost|p2b: Pincurchin|evasion|2
|move|p1b: Iron Hands|Heavy Slam|p2b: Pincurchin
|-resisted|p2b: Pincurchin
|-damage|p2b: Pincurchin|79/100
|
|-weather|RainDance|[upkeep]
|-damage|p1b: Iron Hands|18/100 psn|[from] psn
|upkeep
|
|t:|1750831768
|switch|p1a: Miraidon|Miraidon, L50|100/100
|-status|p1a: Miraidon|psn
|-fieldstart|move: Electric Terrain|[from] ability: Hadron Engine|[of] p1a: Miraidon
|-activate|p1b: Iron Hands|ability: Quark Drive
|-start|p1b: Iron Hands|quarkdriveatk
|turn|7
|
|t:|1750831789
|switch|p2a: Thundurus|Thundurus-Therian, L50, M|100/100
|move|p1a: Miraidon|Draco Meteor|p2a: Thundurus
|-damage|p2a: Thundurus|3/100
|-unboost|p1a: Miraidon|spa|2
|move|p2b: Pincurchin|Discharge|p1a: Miraidon|[spread] p1a,p1b
|-heal|p2a: Thundurus|28/100|[from] ability: Volt Absorb|[of] p2b: Pincurchin
|-resisted|p1a: Miraidon
|-resisted|p1b: Iron Hands
|-damage|p1a: Miraidon|95/100 psn
|-damage|p1b: Iron Hands|12/100 psn
|move|p1b: Iron Hands|Low Kick|p2b: Pincurchin
|-damage|p2b: Pincurchin|66/100
|
|-weather|RainDance|[upkeep]
|-damage|p1a: Miraidon|83/100 psn|[from] psn
|-damage|p1b: Iron Hands|0 fnt|[from] psn
|faint|p1b: Iron Hands
|-end|p1b: Iron Hands|Quark Drive|[silent]
|upkeep
|
|t:|1750831806
|switch|p1b: Urshifu|Urshifu-Rapid-Strike, L50, M|100/100
|-status|p1b: Urshifu|psn
|turn|8
|
|t:|1750831820
|move|p1a: Miraidon|Draco Meteor|p2a: Thundurus
|-damage|p2a: Thundurus|0 fnt
|-unboost|p1a: Miraidon|spa|2
|faint|p2a: Thundurus
|move|p1b: Urshifu|Close Combat|p2b: Pincurchin|[miss]
|-miss|p1b: Urshifu|p2b: Pincurchin
|move|p2b: Pincurchin|Discharge|p1a: Miraidon|[spread] p1a,p1b
|-resisted|p1a: Miraidon
|-supereffective|p1b: Urshifu
|-damage|p1a: Miraidon|78/100 psn
|-damage|p1b: Urshifu|22/100 psn
|
|-weather|none
|-damage|p1a: Miraidon|66/100 psn|[from] psn
|-damage|p1b: Urshifu|10/100 psn|[from] psn
|upkeep
|
|t:|1750831829
|switch|p2a: Pelipper|Pelipper, L50, M|100/100
|-weather|RainDance|[from] ability: Drizzle|[of] p2a: Pelipper
|turn|9
|inactive|Dannnnnnnnnry has 30 seconds left.
|-message|Dannnnnnnnnry forfeited.
|
|win|Ayayaphone2
|raw|Dannnnnnnnnry's rating: 1094 &rarr; <strong>1070</strong><br />(-24 for losing)
|raw|Ayayaphone2's rating: 1091 &rarr; <strong>1118</strong><br />(+27 for winning)
|l|☆Dannnnnnnnnry
|player|p1|
|l|☆Ayayaphone2
|player|p2|
