|j|☆StarmanWilliam
|j|☆ness#1glazer
|t:|1750816984
|gametype|doubles
|player|p1|StarmanWilliam|102|1329
|player|p2|ness#1glazer|n|1350
|teamsize|p1|6
|teamsize|p2|6
|gen|9
|tier|[Gen 9] VGC 2025 Reg I
|rated|
|rule|Species Clause: Limit one of each Pokémon
|rule|Item Clause: Limit 1 of each item
|clearpoke
|poke|p1|Dialga-Origin, L50|
|poke|p1|Ursaluna, L50, M|
|poke|p1|Miraidon, L50|
|poke|p1|Flygon, L50, F|
|poke|p1|Ogerpon-Wellspring, L50, F|
|poke|p1|Incineroar, L50, F|
|poke|p2|Rillaboom, L50, M|
|poke|p2|Calyrex-Shadow, L50|
|poke|p2|Zamazenta-*, L50|
|poke|p2|Incineroar, L50, F|
|poke|p2|Raging Bolt, L50|
|poke|p2|Smeargle, L50, M|
|teampreview|4
|inactive|Battle timer is ON: inactive players will automatically lose when time's up. (requested by StarmanWilliam)
ness#1glazer rejected open team sheets.
|
|t:|1750817021
|start
|switch|p1a: Dialga|Dialga-Origin, L50|100/100
|switch|p1b: Incineroar|Incineroar, L50, F|100/100
|switch|p2a: Calyrex|Calyrex-Shadow, L50|100/100
|switch|p2b: Smeargle|Smeargle, L50, M|100/100
|-ability|p2a: Calyrex|As One
|-ability|p2a: Calyrex|Unnerve
|-ability|p1b: Incineroar|Intimidate|boost
|-unboost|p2a: Calyrex|atk|1
|-unboost|p2b: Smeargle|atk|1
|turn|1
|
|t:|1750817043
|-terastallize|p2a: Calyrex|Steel
|move|p1b: Incineroar|Fake Out|p2b: Smeargle
|-damage|p2b: Smeargle|75/100
|move|p2a: Calyrex|Nasty Plot|p2a: Calyrex
|-boost|p2a: Calyrex|spa|2
|cant|p2b: Smeargle|flinch
|move|p1a: Dialga|Trick Room|p1a: Dialga
|-fieldstart|move: Trick Room|[of] p1a: Dialga
|
|-ability|p2b: Smeargle|Moody|boost
|-boost|p2b: Smeargle|spe|2
|-unboost|p2b: Smeargle|atk|1
|upkeep
|turn|2
|inactive|ness#1glazer has 30 seconds left.
|
|t:|1750817071
|move|p2a: Calyrex|Protect|p2a: Calyrex
|-singleturn|p2a: Calyrex|Protect
|move|p1b: Incineroar|Knock Off|p2a: Calyrex
|-activate|p2a: Calyrex|move: Protect
|move|p1a: Dialga|Dragon Pulse|p2a: Calyrex
|-activate|p2a: Calyrex|move: Protect
|move|p2b: Smeargle|Spore|p1a: Dialga
|-status|p1a: Dialga|slp|[from] move: Spore
|
|-ability|p2b: Smeargle|Moody|boost
|-boost|p2b: Smeargle|def|2
|-unboost|p2b: Smeargle|spe|1
|upkeep
|turn|3
|
|t:|1750817089
|switch|p1b: Miraidon|Miraidon, L50|100/100
|-fieldstart|move: Electric Terrain|[from] ability: Hadron Engine|[of] p1b: Miraidon
|cant|p1a: Dialga|slp
|move|p2b: Smeargle|Decorate|p2a: Calyrex
|-boost|p2a: Calyrex|atk|2
|-boost|p2a: Calyrex|spa|2
|move|p2a: Calyrex|Astral Barrage|p1b: Miraidon|[spread] p1a,p1b
|-damage|p1a: Dialga|0 fnt
|-damage|p1b: Miraidon|0 fnt
|faint|p1a: Dialga
|faint|p1b: Miraidon
|-ability|p2a: Calyrex|Grim Neigh|boost
|-boost|p2a: Calyrex|spa|2
|
|-ability|p2b: Smeargle|Moody|boost
|-boost|p2b: Smeargle|def|2
|-unboost|p2b: Smeargle|spa|1
|upkeep
|
|t:|1750817103
|switch|p1a: Ursaluna|Ursaluna, L50, M|100/100
|switch|p1b: Incineroar|Incineroar, L50, F|100/100
|-ability|p1b: Incineroar|Intimidate|boost
|-unboost|p2a: Calyrex|atk|1
|-unboost|p2b: Smeargle|atk|1
|turn|4
|
|t:|1750817122
|move|p1b: Incineroar|Fake Out|p2a: Calyrex
|-resisted|p2a: Calyrex
|-damage|p2a: Calyrex|94/100
|move|p2b: Smeargle|Follow Me|p2b: Smeargle
|-singleturn|p2b: Smeargle|move: Follow Me
|move|p1a: Ursaluna|Facade|p2b: Smeargle
|-damage|p2b: Smeargle|41/100
|cant|p2a: Calyrex|flinch
|
|-status|p1a: Ursaluna|brn|[from] item: Flame Orb
|-ability|p2b: Smeargle|Moody|boost
|-boost|p2b: Smeargle|atk|2
|-unboost|p2b: Smeargle|spd|1
|upkeep
|turn|5
|
|t:|1750817146
|switch|p2b: Zamazenta|Zamazenta-Crowned, L50|100/100
|-ability|p2b: Zamazenta|Dauntless Shield|boost
|-boost|p2b: Zamazenta|def|1
|-terastallize|p1b: Incineroar|Bug
|move|p2a: Calyrex|Protect|p2a: Calyrex
|-singleturn|p2a: Calyrex|Protect
|move|p1a: Ursaluna|Earthquake|p2a: Calyrex|[spread] p1b,p2b
|-activate|p2a: Calyrex|move: Protect
|-resisted|p1b: Incineroar
|-supereffective|p2b: Zamazenta
|-damage|p1b: Incineroar|74/100
|-damage|p2b: Zamazenta|55/100
|move|p1b: Incineroar|Knock Off|p2a: Calyrex
|-activate|p2a: Calyrex|move: Protect
|
|-damage|p1a: Ursaluna|95/100 brn|[from] brn
|-fieldend|move: Trick Room
|upkeep
|turn|6
|-message|StarmanWilliam forfeited.
|
|win|ness#1glazer
|raw|StarmanWilliam's rating: 1329 &rarr; <strong>1310</strong><br />(-19 for losing)
|raw|ness#1glazer's rating: 1350 &rarr; <strong>1369</strong><br />(+19 for winning)
|l|☆StarmanWilliam
|player|p1|
