|j|☆danuwu
|j|☆nobletyphoon
|t:|1750737918
|gametype|doubles
|player|p1|danuwu|liko|1281
|player|p2|nobletyphoon|cheryl|1151
|teamsize|p1|6
|teamsize|p2|6
|gen|9
|tier|[Gen 9] VGC 2025 Reg I
|rated|
|rule|Species Clause: Limit one of each Pokémon
|rule|Item Clause: Limit 1 of each item
|clearpoke
|poke|p1|Whimsicott, L50, M|
|poke|p1|Urshifu-*, L50, F|
|poke|p1|Kyogre, L50|
|poke|p1|Miraidon, L50|
|poke|p1|Incineroar, L50, M|
|poke|p1|Garganacl, L50, M|
|poke|p2|Regice, L50|
|poke|p2|Regidrago, L50|
|poke|p2|Regieleki, L50|
|poke|p2|Regigigas, L50|
|poke|p2|Regirock, L50|
|poke|p2|Registeel, L50|
|teampreview|4
|inactive|Battle timer is ON: inactive players will automatically lose when time's up. (requested by danuwu)
|c|☆danuwu|What a based team
|c|☆danuwu|Un un un
danuwu has agreed to open team sheets.
|inactive|danuwu has 60 seconds left.
|inactive|nobletyphoon has 60 seconds left.
|
|t:|1750737956
|start
|switch|p1a: Urshifu|Urshifu-Rapid-Strike, L50, F|100/100
|switch|p1b: Kyogre|Kyogre, L50|100/100
|switch|p2a: Regieleki|Regieleki, L50|100/100
|switch|p2b: Registeel|Registeel, L50|100/100
|-weather|RainDance|[from] ability: Drizzle|[of] p1b: Kyogre
|turn|1
|inactive|nobletyphoon has 30 seconds left.
|
|t:|1750737986
|switch|p1a: Miraidon|Miraidon, L50|100/100
|-fieldstart|move: Electric Terrain|[from] ability: Hadron Engine|[of] p1a: Miraidon
|-terastallize|p2b: Registeel|Water
|move|p1b: Kyogre|Protect|p1b: Kyogre
|-singleturn|p1b: Kyogre|Protect
|move|p2a: Regieleki|Volt Switch|p1a: Miraidon
|-resisted|p1a: Miraidon
|-damage|p1a: Miraidon|82/100
|
|t:|1750738001
|switch|p2a: Regice|Regice, L50|100/100|[from] Volt Switch
|-enditem|p2a: Regice|Electric Seed
|-boost|p2a: Regice|def|1|[from] item: Electric Seed
|move|p2b: Registeel|Thunder Wave|p1b: Kyogre
|-activate|p1b: Kyogre|move: Protect
|
|-weather|RainDance|[upkeep]
|upkeep
|turn|2
|
|t:|1750738021
|move|p2b: Registeel|Protect|p2b: Registeel
|-singleturn|p2b: Registeel|Protect
|move|p1a: Miraidon|Electro Drift|p2b: Registeel
|-activate|p2b: Registeel|move: Protect
|move|p1b: Kyogre|Water Spout|p2a: Regice|[spread] p2a
|-activate|p2b: Registeel|move: Protect
|-damage|p2a: Regice|41/100
|move|p2a: Regice|Ice Beam|p1a: Miraidon
|-supereffective|p1a: Miraidon
|-damage|p1a: Miraidon|0 fnt
|faint|p1a: Miraidon
|
|-weather|RainDance|[upkeep]
|upkeep
|
|t:|1750738035
|switch|p1a: Urshifu|Urshifu-Rapid-Strike, L50, F|100/100
|turn|3
|inactive|nobletyphoon has 30 seconds left.
|
|t:|1750738066
|move|p1a: Urshifu|Close Combat|p2b: Registeel
|-damage|p2b: Registeel|62/100
|-unboost|p1a: Urshifu|def|1
|-unboost|p1a: Urshifu|spd|1
|move|p1b: Kyogre|Water Spout|p2a: Regice|[spread] p2a,p2b
|-crit|p2a: Regice
|-resisted|p2b: Registeel
|-damage|p2a: Regice|0 fnt
|-damage|p2b: Registeel|32/100
|faint|p2a: Regice
|move|p2b: Registeel|Thunder Wave|p1b: Kyogre
|-status|p1b: Kyogre|par
|
|-weather|RainDance|[upkeep]
|upkeep
|
|t:|1750738080
|switch|p2a: Regieleki|Regieleki, L50|100/100
|turn|4
|
|t:|1750738095
|switch|p1a: Incineroar|Incineroar, L50, M|100/100
|-ability|p1a: Incineroar|Intimidate|boost
|-unboost|p2a: Regieleki|atk|1
|-fail|p2b: Registeel|unboost|[from] ability: Clear Body|[of] p2b: Registeel
|-terastallize|p1b: Kyogre|Grass
|move|p2a: Regieleki|Volt Switch|p1a: Incineroar
|-damage|p1a: Incineroar|42/100
|-enditem|p1a: Incineroar|Sitrus Berry|[eat]
|-heal|p1a: Incineroar|67/100|[from] item: Sitrus Berry
|
|t:|1750738106
|switch|p2a: Regidrago|Regidrago, L50|100/100|[from] Volt Switch
|move|p2b: Registeel|Body Press|p1b: Kyogre
|-damage|p1b: Kyogre|73/100 par
|cant|p1b: Kyogre|par
|
|-weather|RainDance|[upkeep]
|-heal|p1b: Kyogre|79/100 par|[from] item: Leftovers
|upkeep
|turn|5
|l|☆danuwu
|inactive|danuwu disconnected and has a minute to reconnect!
|player|p1|
|j|☆danuwu
|inactive|danuwu reconnected and has 40 seconds left.
|player|p1|danuwu|liko|
|
|t:|1750738133
|move|p2a: Regidrago|Protect|p2a: Regidrago
|-singleturn|p2a: Regidrago|Protect
|move|p1a: Incineroar|Fake Out|p2a: Regidrago
|-activate|p2a: Regidrago|move: Protect
|move|p2b: Registeel|Thunder Wave|p1a: Incineroar
|-status|p1a: Incineroar|par
|move|p1b: Kyogre|Ice Beam|p2a: Regidrago
|-activate|p2a: Regidrago|move: Protect
|
|-weather|none
|-heal|p1b: Kyogre|84/100 par|[from] item: Leftovers
|-fieldend|move: Electric Terrain
|upkeep
|turn|6
|
|t:|1750738151
|move|p1b: Kyogre|Protect|p1b: Kyogre
|-singleturn|p1b: Kyogre|Protect
|move|p2a: Regidrago|Dragon Energy|p1a: Incineroar|[spread] p1a
|-activate|p1b: Kyogre|move: Protect
|-damage|p1a: Incineroar|8/100 par
|move|p2b: Registeel|Body Press|p1a: Incineroar
|-supereffective|p1a: Incineroar
|-damage|p1a: Incineroar|0 fnt
|faint|p1a: Incineroar
|
|-heal|p1b: Kyogre|90/100 par|[from] item: Leftovers
|upkeep
|
|t:|1750738158
|switch|p1a: Urshifu|Urshifu-Rapid-Strike, L50, F|100/100
|turn|7
|inactive|nobletyphoon has 30 seconds left.
|
|t:|1750738185
|move|p1a: Urshifu|Close Combat|p2a: Regidrago
|-damage|p2a: Regidrago|31/100
|-unboost|p1a: Urshifu|def|1
|-unboost|p1a: Urshifu|spd|1
|move|p2a: Regidrago|Dragon Energy|p1b: Kyogre|[spread] p1a,p1b
|-damage|p1a: Urshifu|45/100
|-damage|p1b: Kyogre|74/100 par
|move|p2b: Registeel|Body Press|p1a: Urshifu
|-damage|p1a: Urshifu|0 fnt
|faint|p1a: Urshifu
|move|p1b: Kyogre|Ice Beam|p2a: Regidrago
|-supereffective|p2a: Regidrago
|-damage|p2a: Regidrago|0 fnt
|faint|p2a: Regidrago
|
|-heal|p1b: Kyogre|80/100 par|[from] item: Leftovers
|upkeep
|
|t:|1750738202
|switch|p2a: Regieleki|Regieleki, L50|100/100
|turn|8
|
|t:|1750738223
|move|p2a: Regieleki|Thunderbolt|p1b: Kyogre
|-resisted|p1b: Kyogre
|-crit|p1b: Kyogre
|-damage|p1b: Kyogre|40/100 par
|move|p2b: Registeel|Body Press|p1b: Kyogre
|-damage|p1b: Kyogre|15/100 par
|move|p1b: Kyogre|Origin Pulse|p2b: Registeel|[spread] p2a,p2b
|-resisted|p2b: Registeel
|-damage|p2a: Regieleki|6/100
|-damage|p2b: Registeel|19/100
|
|-heal|p1b: Kyogre|20/100 par|[from] item: Leftovers
|upkeep
|turn|9
|
|t:|1750738238
|move|p1b: Kyogre|Protect|p1b: Kyogre
|-singleturn|p1b: Kyogre|Protect
|move|p2a: Regieleki|Thunderbolt|p1b: Kyogre
|-activate|p1b: Kyogre|move: Protect
|move|p2b: Registeel|Body Press|p1b: Kyogre
|-activate|p1b: Kyogre|move: Protect
|
|-heal|p1b: Kyogre|26/100 par|[from] item: Leftovers
|upkeep
|turn|10
|
|t:|1750738250
|move|p2a: Regieleki|Thunderbolt|p1b: Kyogre
|-resisted|p1b: Kyogre
|-damage|p1b: Kyogre|1/100 par
|move|p2b: Registeel|Body Press|p1b: Kyogre
|-damage|p1b: Kyogre|0 fnt
|faint|p1b: Kyogre
|
|win|nobletyphoon
|raw|danuwu's rating: 1281 &rarr; <strong>1247</strong><br />(-34 for losing)
|raw|nobletyphoon's rating: 1151 &rarr; <strong>1185</strong><br />(+34 for winning)
|c|☆danuwu|gg!
|l|☆danuwu
|player|p1|
|l|☆nobletyphoon
|player|p2|
