|j|☆TCBro89
|j|☆sanmie
|t:|1750869540
|gametype|doubles
|player|p1|TCBro89|red|1446
|player|p2|sanmie|170|1337
|teamsize|p1|6
|teamsize|p2|6
|gen|9
|tier|[Gen 9] VGC 2025 Reg I
|rated|
|rule|Species Clause: Limit one of each Pokémon
|rule|Item Clause: Limit 1 of each item
|clearpoke
|poke|p1|Miraidon, L50|
|poke|p1|Iron Bundle, L50|
|poke|p1|Groudon, L50|
|poke|p1|Whimsicott, L50, M|
|poke|p1|Raging Bolt, L50|
|poke|p1|Farigiraf, L50, F|
|poke|p2|Weezing-Galar, L50, M|
|poke|p2|Slaking, L50, M|
|poke|p2|Garganacl, L50, M|
|poke|p2|Dusclops, L50, M|
|poke|p2|Calyrex-Ice, L50|
|poke|p2|Ting-Lu, L50|
|teampreview|4
|inactive|Battle timer is ON: inactive players will automatically lose when time's up. (requested by TCBro89)
sanmie rejected open team sheets.
|inactive|TCBro89 has 60 seconds left.
|
|t:|1750869572
|start
|switch|p1a: Miraidon|Miraidon, L50|100/100
|switch|p1b: Iron Bundle|Iron Bundle, L50|100/100
|switch|p2a: Weezing|Weezing-Galar, L50, M|100/100
|switch|p2b: Slaking|Slaking, L50, M|100/100
|-ability|p2a: Weezing|Neutralizing Gas
|turn|1
|
|t:|1750869592
|switch|p1a: Groudon|Groudon, L50|100/100
|-terastallize|p2b: Slaking|Ground
|move|p1b: Iron Bundle|Protect|p1b: Iron Bundle
|-singleturn|p1b: Iron Bundle|Protect
|move|p2a: Weezing|Protect|p2a: Weezing
|-singleturn|p2a: Weezing|Protect
|move|p2b: Slaking|Earthquake|p1b: Iron Bundle|[spread] p1a
|-activate|p2a: Weezing|move: Protect
|-activate|p1b: Iron Bundle|move: Protect
|-damage|p1a: Groudon|67/100
|
|upkeep
|turn|2
|c|☆sanmie|HUH
|inactive|TCBro89 has 30 seconds left.
|inactive|sanmie has 30 seconds left.
|c|☆sanmie|did we play before?
|
|t:|1750869626
|-end|p2a: Weezing|ability: Neutralizing Gas
|-weather|SunnyDay|[from] ability: Drought|[of] p1a: Groudon
|switch|p2a: Ting-Lu|Ting-Lu, L50|100/100
|-ability|p2a: Ting-Lu|Vessel of Ruin
|move|p1b: Iron Bundle|Ice Beam|p2b: Slaking
|-supereffective|p2b: Slaking
|-damage|p2b: Slaking|23/100
|move|p2b: Slaking|Rock Slide|p1b: Iron Bundle|[spread] p1a,p1b
|-resisted|p1a: Groudon
|-supereffective|p1b: Iron Bundle
|-damage|p1a: Groudon|58/100
|-damage|p1b: Iron Bundle|41/100
|move|p1a: Groudon|Precipice Blades|p2a: Ting-Lu|[spread] p2a,p2b
|-damage|p2a: Ting-Lu|69/100
|-damage|p2b: Slaking|0 fnt
|faint|p2b: Slaking
|
|-weather|SunnyDay|[upkeep]
|upkeep
|inactive|sanmie has 30 seconds left.
|inactive|sanmie has 20 seconds left.
|inactive|sanmie has 15 seconds left.
|inactive|sanmie has 10 seconds left.
|inactive|sanmie has 5 seconds left.
|
|t:|1750869681
|switch|p2b: Calyrex|Calyrex-Ice, L50|100/100
|-ability|p2b: Calyrex|As One
|-ability|p2b: Calyrex|Unnerve
|turn|3
|inactive|sanmie has 30 seconds left.
|inactive|sanmie has 20 seconds left.
|inactive|sanmie has 15 seconds left.
|inactive|sanmie has 10 seconds left.
|inactive|sanmie has 5 seconds left.
|
|t:|1750869736
|move|p2a: Ting-Lu|Protect|p2a: Ting-Lu
|-singleturn|p2a: Ting-Lu|Protect
|move|p1b: Iron Bundle|Taunt|p2b: Calyrex
|-start|p2b: Calyrex|move: Taunt
|move|p1a: Groudon|Precipice Blades|p2a: Ting-Lu|[spread] p2b
|-activate|p2a: Ting-Lu|move: Protect
|-damage|p2b: Calyrex|68/100
|move|p2b: Calyrex|Glacial Lance|p1b: Iron Bundle|[spread] p1a,p1b
|-supereffective|p1a: Groudon
|-resisted|p1b: Iron Bundle
|-damage|p1a: Groudon|0 fnt
|-damage|p1b: Iron Bundle|27/100
|faint|p1a: Groudon
|-ability|p2b: Calyrex|Chilling Neigh|boost
|-boost|p2b: Calyrex|atk|1
|
|-weather|SunnyDay|[upkeep]
|upkeep
|
|t:|1750869751
|switch|p1a: Miraidon|Miraidon, L50|100/100
|-fieldstart|move: Electric Terrain|[from] ability: Hadron Engine|[of] p1a: Miraidon
|-activate|p1b: Iron Bundle|ability: Quark Drive
|-start|p1b: Iron Bundle|quarkdrivespe
|turn|4
|inactive|sanmie has 30 seconds left.
|inactive|sanmie has 20 seconds left.
|inactive|sanmie has 15 seconds left.
|inactive|sanmie has 10 seconds left.
|inactive|sanmie has 5 seconds left.
|
|t:|1750869806
|-terastallize|p1a: Miraidon|Fairy
|move|p2a: Ting-Lu|Protect||[still]
|-fail|p2a: Ting-Lu
|move|p1b: Iron Bundle|Ice Beam|p2a: Ting-Lu
|-supereffective|p2a: Ting-Lu
|-damage|p2a: Ting-Lu|25/100
|move|p1a: Miraidon|Dazzling Gleam|p2b: Calyrex|[spread] p2a,p2b
|-supereffective|p2a: Ting-Lu
|-damage|p2a: Ting-Lu|0 fnt
|-damage|p2b: Calyrex|45/100
|faint|p2a: Ting-Lu
|move|p2b: Calyrex|Glacial Lance|p1b: Iron Bundle|[spread] p1a,p1b
|-resisted|p1b: Iron Bundle
|-damage|p1a: Miraidon|17/100
|-damage|p1b: Iron Bundle|2/100
|
|-weather|SunnyDay|[upkeep]
|upkeep
|inactive|sanmie has 30 seconds left.
|inactive|sanmie has 20 seconds left.
|inactive|sanmie has 15 seconds left.
|inactive|sanmie has 10 seconds left.
|inactive|sanmie has 5 seconds left.
|
|t:|1750869861
|switch|p2a: Weezing|Weezing-Galar, L50, M|100/100
|-ability|p2a: Weezing|Neutralizing Gas
|turn|5
|inactive|sanmie has 30 seconds left.
|inactive|sanmie has 20 seconds left.
|inactive|sanmie has 15 seconds left.
|inactive|sanmie has 10 seconds left.
|inactive|sanmie has 5 seconds left.
|
|t:|1750869916
|switch|p1a: Raging Bolt|Raging Bolt, L50|100/100
|move|p1b: Iron Bundle|Ice Beam|p2a: Weezing
|-damage|p2a: Weezing|45/100
|-enditem|p2a: Weezing|Sitrus Berry|[eat]
|-heal|p2a: Weezing|69/100|[from] item: Sitrus Berry
|move|p2a: Weezing|Dark Pulse|p1b: Iron Bundle
|-damage|p1b: Iron Bundle|0 fnt
|faint|p1b: Iron Bundle
|-end|p1b: Iron Bundle|Quark Drive|[silent]
|move|p2b: Calyrex|Glacial Lance|p1a: Raging Bolt
|-supereffective|p1a: Raging Bolt
|-damage|p1a: Raging Bolt|0 fnt
|faint|p1a: Raging Bolt
|-end|p1a: Raging Bolt|Protosynthesis|[silent]
|-ability|p2b: Calyrex|Chilling Neigh|boost
|-boost|p2b: Calyrex|atk|1
|
|-weather|SunnyDay|[upkeep]
|-end|p2b: Calyrex|move: Taunt
|upkeep
|
|t:|1750869933
|switch|p1b: Miraidon|Miraidon, L50, tera:Fairy|17/100
|turn|6
|inactive|sanmie has 30 seconds left.
|inactive|sanmie has 20 seconds left.
|inactive|sanmie has 15 seconds left.
|inactive|sanmie has 10 seconds left.
|inactive|sanmie has 5 seconds left.
|
|t:|1750869988
|move|p1b: Miraidon|Electro Drift|p2b: Calyrex
|-damage|p2b: Calyrex|0 fnt
|faint|p2b: Calyrex
|move|p2a: Weezing|Dark Pulse|p1b: Miraidon
|-resisted|p1b: Miraidon
|-damage|p1b: Miraidon|7/100
|
|-weather|none
|upkeep
|turn|7
|
|t:|1750870007
|move|p1b: Miraidon|Electro Drift|p2a: Weezing
|-crit|p2a: Weezing
|-damage|p2a: Weezing|0 fnt
|faint|p2a: Weezing
|-end|p2a: Weezing|ability: Neutralizing Gas
|-activate|p1b: Miraidon|ability: Hadron Engine
|
|win|TCBro89
|raw|TCBro89's rating: 1446 &rarr; <strong>1460</strong><br />(+14 for winning)
|raw|sanmie's rating: 1337 &rarr; <strong>1323</strong><br />(-14 for losing)
|l|☆sanmie
|player|p2|
|l|☆TCBro89
|player|p1|
