|j|☆mizu_ouro
|j|☆olaf-18
|t:|1750734295
|gametype|doubles
|player|p1|mizu_ouro|1|1464
|player|p2|olaf-18|265|1442
|teamsize|p1|6
|teamsize|p2|6
|gen|9
|tier|[Gen 9] VGC 2025 Reg I
|rated|
|rule|Species Clause: Limit one of each Pokémon
|rule|Item Clause: Limit 1 of each item
|clearpoke
|poke|p1|Calyrex-Shadow, L50|
|poke|p1|Koraidon, L50|
|poke|p1|Smeargle, L50, M|
|poke|p1|Tornadus, L50, M|
|poke|p1|Rillaboom, L50, F|
|poke|p1|Raging Bolt, L50|
|poke|p2|Espathra, L50, F|
|poke|p2|Calyrex-Shadow, L50|
|poke|p2|Miraidon, L50|
|poke|p2|Indeedee-F, L50, F|
|poke|p2|Incineroar, L50, M|
|poke|p2|Volcarona, L50, M|
|teampreview|4
|inactive|Battle timer is ON: inactive players will automatically lose when time's up. (requested by mizu_ouro)
|
|t:|1750734319
|start
|switch|p1a: Calyrex|Calyrex-Shadow, L50|100/100
|switch|p1b: Smeargle|Smeargle, L50, M, shiny|100/100
|switch|p2a: Miraidon|Miraidon, L50|100/100
|switch|p2b: Espathra|Espathra, L50, F|100/100
|-ability|p1a: Calyrex|As One
|-ability|p1a: Calyrex|Unnerve
|-fieldstart|move: Electric Terrain|[from] ability: Hadron Engine|[of] p2a: Miraidon
|-enditem|p2b: Espathra|Electric Seed
|-boost|p2b: Espathra|def|1|[from] item: Electric Seed
|turn|1
|
|t:|1750734336
|-terastallize|p2b: Espathra|Fairy
|move|p1b: Smeargle|Fake Out|p2a: Miraidon
|-damage|p2a: Miraidon|95/100
|cant|p2a: Miraidon|flinch
|move|p1a: Calyrex|Astral Barrage|p2b: Espathra|[spread] p2a,p2b
|-damage|p2a: Miraidon|34/100
|-damage|p2b: Espathra|0 fnt
|faint|p2b: Espathra
|-ability|p1a: Calyrex|Grim Neigh|boost
|-boost|p1a: Calyrex|spa|1
|-damage|p1a: Calyrex|91/100|[from] item: Life Orb
|
|-ability|p1b: Smeargle|Moody|boost
|-boost|p1b: Smeargle|spe|2
|-unboost|p1b: Smeargle|atk|1
|upkeep
|
|t:|1750734351
|switch|p2b: Incineroar|Incineroar, L50, M|100/100
|-ability|p2b: Incineroar|Intimidate|boost
|-unboost|p1a: Calyrex|atk|1
|-unboost|p1b: Smeargle|atk|1
|turn|2
|
|t:|1750734367
|switch|p1b: Rillaboom|Rillaboom, L50, F, shiny|100/100
|-fieldstart|move: Grassy Terrain|[from] ability: Grassy Surge|[of] p1b: Rillaboom
|move|p1a: Calyrex|Protect|p1a: Calyrex
|-singleturn|p1a: Calyrex|Protect
|move|p2b: Incineroar|Fake Out|p1b: Rillaboom
|-damage|p1b: Rillaboom|87/100
|move|p2a: Miraidon|Electro Drift|p1a: Calyrex
|-activate|p1a: Calyrex|move: Protect
|
|-heal|p2a: Miraidon|40/100|[from] Grassy Terrain
|-heal|p1a: Calyrex|97/100|[from] Grassy Terrain
|-heal|p1b: Rillaboom|94/100|[from] Grassy Terrain
|upkeep
|turn|3
|
|t:|1750734385
|move|p1b: Rillaboom|Fake Out|p2b: Incineroar
|-damage|p2b: Incineroar|86/100
|move|p2a: Miraidon|Electro Drift|p1a: Calyrex
|-damage|p1a: Calyrex|40/100
|move|p1a: Calyrex|Astral Barrage|p2b: Incineroar|[spread] p2a,p2b
|-resisted|p2b: Incineroar
|-damage|p2a: Miraidon|0 fnt
|-damage|p2b: Incineroar|38/100
|faint|p2a: Miraidon
|-ability|p1a: Calyrex|Grim Neigh|boost
|-boost|p1a: Calyrex|spa|1
|-damage|p1a: Calyrex|31/100|[from] item: Life Orb
|cant|p2b: Incineroar|flinch
|
|-heal|p1a: Calyrex|37/100|[from] Grassy Terrain
|-heal|p1b: Rillaboom|99/100|[from] Grassy Terrain
|-heal|p2b: Incineroar|44/100|[from] Grassy Terrain
|upkeep
|inactive|olaf-18 has 30 seconds left.
|
|t:|1750734413
|switch|p2a: Calyrex|Calyrex-Shadow, L50|100/100
|-ability|p2a: Calyrex|As One
|-ability|p2a: Calyrex|Unnerve
|turn|4
|
|t:|1750734422
|move|p1a: Calyrex|Protect|p1a: Calyrex
|-singleturn|p1a: Calyrex|Protect
|move|p2a: Calyrex|Astral Barrage|p1a: Calyrex|[spread] p1b
|-activate|p1a: Calyrex|move: Protect
|-damage|p1b: Rillaboom|60/100
|move|p1b: Rillaboom|Wood Hammer|p2a: Calyrex
|-enditem|p2a: Calyrex|Focus Sash
|-damage|p2a: Calyrex|1/100
|-damage|p1b: Rillaboom|31/100|[from] Recoil
|move|p2b: Incineroar|Flare Blitz|p1b: Rillaboom
|-supereffective|p1b: Rillaboom
|-damage|p1b: Rillaboom|0 fnt
|faint|p1b: Rillaboom
|-damage|p2b: Incineroar|35/100|[from] Recoil
|
|-heal|p2a: Calyrex|7/100|[from] Grassy Terrain
|-heal|p1a: Calyrex|43/100|[from] Grassy Terrain
|-heal|p2b: Incineroar|41/100|[from] Grassy Terrain
|upkeep
|
|t:|1750734443
|switch|p1b: Smeargle|Smeargle, L50, M, shiny|100/100
|turn|5
|
|t:|1750734453
|-terastallize|p1a: Calyrex|Dark
|move|p1b: Smeargle|Fake Out|p2b: Incineroar
|-damage|p2b: Incineroar|37/100
|move|p1a: Calyrex|Astral Barrage|p2a: Calyrex|[spread] p2a,p2b
|-supereffective|p2a: Calyrex
|-resisted|p2b: Incineroar
|-damage|p2a: Calyrex|0 fnt
|-damage|p2b: Incineroar|0 fnt
|faint|p2a: Calyrex
|faint|p2b: Incineroar
|-damage|p1a: Calyrex|33/100|[from] item: Life Orb
|
|win|mizu_ouro
|raw|mizu_ouro's rating: 1464 &rarr; <strong>1483</strong><br />(+19 for winning)
|raw|olaf-18's rating: 1442 &rarr; <strong>1423</strong><br />(-19 for losing)
|l|☆olaf-18
|player|p2|
|l|☆mizu_ouro
|player|p1|
