|j|☆seemeier
|j|☆RustyTacos27
|t:|1750798971
|gametype|doubles
|player|p1|seemeier|265|1586
|player|p2|RustyTacos27|169|1528
|teamsize|p1|6
|teamsize|p2|6
|gen|9
|tier|[Gen 9] VGC 2025 Reg I
|rated|
|rule|Species Clause: Limit one of each Pokémon
|rule|Item Clause: Limit 1 of each item
|clearpoke
|poke|p1|Scizor, L50, F|
|poke|p1|Roaring Moon, L50|
|poke|p1|Okidogi, L50, M|
|poke|p1|Indeedee-F, L50, F|
|poke|p1|Lunala, L50|
|poke|p1|Kyurem-Black, L50|
|poke|p2|Kyogre, L50|
|poke|p2|Calyrex-Shadow, L50|
|poke|p2|Indeedee-F, L50, F|
|poke|p2|Urshifu-*, L50, F|
|poke|p2|Grimmsnarl, L50, M|
|poke|p2|Bruxish, L50, F|
|teampreview|4
|inactive|Battle timer is ON: inactive players will automatically lose when time's up. (requested by seemeier)
|inactive|RustyTacos27 has 60 seconds left.
|
|t:|1750799009
|start
|switch|p1a: Roaring Moon|Roaring Moon, L50|100/100
|switch|p1b: Lunala|Lunala, L50|100/100
|switch|p2a: Kyogre|Kyogre, L50|100/100
|switch|p2b: Grimmsnarl|Grimmsnarl, L50, M|100/100
|-weather|RainDance|[from] ability: Drizzle|[of] p2a: Kyogre
|-enditem|p1a: Roaring Moon|Booster Energy
|-activate|p1a: Roaring Moon|ability: Protosynthesis|[fromitem]
|-start|p1a: Roaring Moon|protosynthesisspe
|turn|1
|inactive|seemeier has 30 seconds left.
|
|t:|1750799040
|-terastallize|p1b: Lunala|Water
|move|p2b: Grimmsnarl|Fake Out|p1a: Roaring Moon
|-damage|p1a: Roaring Moon|86/100
|cant|p1a: Roaring Moon|flinch
|move|p2a: Kyogre|Origin Pulse|p1a: Roaring Moon|[spread] p1a,p1b
|-resisted|p1a: Roaring Moon
|-resisted|p1b: Lunala
|-damage|p1a: Roaring Moon|37/100
|-damage|p1b: Lunala|80/100
|move|p1b: Lunala|Meteor Beam||[still]
|-prepare|p1b: Lunala|Meteor Beam
|-boost|p1b: Lunala|spa|1
|-enditem|p1b: Lunala|Power Herb
|-anim|p1b: Lunala|Meteor Beam|p2a: Kyogre
|-damage|p2a: Kyogre|48/100
|
|-weather|RainDance|[upkeep]
|upkeep
|turn|2
|
|t:|1750799061
|move|p2b: Grimmsnarl|Thunder Wave|p1b: Lunala
|-status|p1b: Lunala|par
|move|p1a: Roaring Moon|Knock Off|p2a: Kyogre
|-damage|p2a: Kyogre|0 fnt
|-enditem|p2a: Kyogre|Choice Specs|[from] move: Knock Off|[of] p1a: Roaring Moon
|faint|p2a: Kyogre
|cant|p1b: Lunala|par
|
|-weather|RainDance|[upkeep]
|upkeep
|j| Dreme meam
|l| Dreme meam
|
|t:|1750799074
|switch|p2a: Urshifu|Urshifu-Rapid-Strike, L50, F|100/100
|turn|3
|
|t:|1750799080
|move|p2b: Grimmsnarl|Fake Tears|p1b: Lunala
|-unboost|p1b: Lunala|spd|2
|move|p1a: Roaring Moon|Tailwind|p1a: Roaring Moon
|-sidestart|p1: seemeier|move: Tailwind
|move|p2a: Urshifu|Surging Strikes|p1a: Roaring Moon
|-resisted|p1a: Roaring Moon
|-crit|p1a: Roaring Moon
|-damage|p1a: Roaring Moon|17/100
|-resisted|p1a: Roaring Moon
|-crit|p1a: Roaring Moon
|-damage|p1a: Roaring Moon|0 fnt
|faint|p1a: Roaring Moon
|-end|p1a: Roaring Moon|Protosynthesis|[silent]
|-hitcount|p1: Roaring Moon|2
|cant|p1b: Lunala|par
|
|-weather|RainDance|[upkeep]
|upkeep
|
|t:|1750799101
|switch|p1a: Kyurem|Kyurem-Black, L50|100/100
|-ability|p1a: Kyurem|Teravolt
|turn|4
|
|t:|1750799109
|move|p2b: Grimmsnarl|Thunder Wave|p1a: Kyurem
|-status|p1a: Kyurem|par
|move|p2a: Urshifu|Close Combat|p1a: Kyurem
|-supereffective|p1a: Kyurem
|-damage|p1a: Kyurem|2/100 par
|-unboost|p2a: Urshifu|def|1
|-unboost|p2a: Urshifu|spd|1
|move|p1b: Lunala|Moongeist Beam|p2b: Grimmsnarl
|-resisted|p2b: Grimmsnarl
|-damage|p2b: Grimmsnarl|59/100
|move|p1a: Kyurem|Fusion Bolt|p2a: Urshifu
|-supereffective|p2a: Urshifu
|-enditem|p2a: Urshifu|Focus Sash
|-damage|p2a: Urshifu|1/100
|
|-weather|RainDance|[upkeep]
|upkeep
|turn|5
|
|t:|1750799130
|switch|p1a: Scizor|Scizor, L50, F|100/100
|move|p2a: Urshifu|Close Combat|p1b: Lunala
|-damage|p1b: Lunala|22/100 par
|-unboost|p2a: Urshifu|def|1
|-unboost|p2a: Urshifu|spd|1
|move|p2b: Grimmsnarl|Foul Play|p1a: Scizor
|-damage|p1a: Scizor|49/100
|move|p1b: Lunala|Trick Room|p1b: Lunala
|-fieldstart|move: Trick Room|[of] p1b: Lunala
|
|-weather|none
|upkeep
|turn|6
|
|t:|1750799149
|move|p1a: Scizor|Bullet Punch|p2a: Urshifu
|-resisted|p2a: Urshifu
|-damage|p2a: Urshifu|0 fnt
|faint|p2a: Urshifu
|move|p2b: Grimmsnarl|Foul Play|p1b: Lunala
|-damage|p1b: Lunala|0 fnt
|faint|p1b: Lunala
|
|-sideend|p1: seemeier|move: Tailwind
|upkeep
|
|t:|1750799157
|switch|p1b: Kyurem|Kyurem-Black, L50|2/100 par
|switch|p2a: Calyrex|Calyrex-Shadow, L50|100/100
|-ability|p2a: Calyrex|As One
|-ability|p2a: Calyrex|Unnerve
|-ability|p1b: Kyurem|Teravolt
|turn|7
|
|t:|1750799175
|-terastallize|p2a: Calyrex|Fire
|move|p2b: Grimmsnarl|Thunder Wave|p1a: Scizor
|-status|p1a: Scizor|par
|move|p1a: Scizor|Knock Off|p2a: Calyrex
|-damage|p2a: Calyrex|52/100
|-enditem|p2a: Calyrex|Weakness Policy|[from] move: Knock Off|[of] p1a: Scizor
|cant|p1b: Kyurem|par
|move|p2a: Calyrex|Astral Barrage|p1b: Kyurem|[spread] p1a,p1b
|-damage|p1a: Scizor|5/100 par
|-damage|p1b: Kyurem|0 fnt
|faint|p1b: Kyurem
|-ability|p2a: Calyrex|Grim Neigh|boost
|-boost|p2a: Calyrex|spa|1
|
|upkeep
|turn|8
|-message|seemeier forfeited.
|
|win|RustyTacos27
|raw|seemeier's rating: 1586 &rarr; <strong>1563</strong><br />(-23 for losing)
|raw|RustyTacos27's rating: 1528 &rarr; <strong>1551</strong><br />(+23 for winning)
|l|☆seemeier
|player|p1|
|l|☆RustyTacos27
|player|p2|
