|j|☆johnkharkiv
|j|☆juanessamal
|t:|1750715030
|gametype|doubles
|player|p1|johnkharkiv|swimmerf-gen4dp|1489
|player|p2|juanessamal|2|1523
|teamsize|p1|6
|teamsize|p2|6
|gen|9
|tier|[Gen 9] VGC 2025 Reg I
|rated|
|rule|Species Clause: Limit one of each Pokémon
|rule|Item Clause: Limit 1 of each item
|clearpoke
|poke|p1|Calyrex-Ice, L50|
|poke|p1|Miraidon, L50|
|poke|p1|Torkoal, L50, M|
|poke|p1|Whimsicott, L50, M|
|poke|p1|Farigiraf, L50, M|
|poke|p1|Passimian, L50, F|
|poke|p2|Calyrex-Shadow, L50|
|poke|p2|Whimsicott, L50, M|
|poke|p2|Miraidon, L50|
|poke|p2|Armarouge, L50, F|
|poke|p2|Scream Tail, L50|
|poke|p2|Indeedee-F, L50, F|
|teampreview|4
|
|t:|1750715050
|start
|switch|p1a: Passimian|Passimian, L50, F, shiny|100/100
|switch|p1b: Calyrex|Calyrex-Ice, L50|100/100
|switch|p2a: Scream Tail|Scream Tail, L50|100/100
|switch|p2b: Miraidon|Miraidon, L50|100/100
|-ability|p1b: Calyrex|As One
|-ability|p1b: Calyrex|Unnerve
|-fieldstart|move: Electric Terrain|[from] ability: Hadron Engine|[of] p2b: Miraidon
|-enditem|p2a: Scream Tail|Booster Energy
|-activate|p2a: Scream Tail|ability: Protosynthesis|[fromitem]
|-start|p2a: Scream Tail|protosynthesisspe
|turn|1
|
|t:|1750715065
|-terastallize|p1b: Calyrex|Ground
|move|p2a: Scream Tail|Fake Tears|p1b: Calyrex
|-fail|p1b: Calyrex|unboost|[from] item: Clear Amulet|[of] p1b: Calyrex
|move|p2b: Miraidon|Electro Drift|p1b: Calyrex
|-immune|p1b: Calyrex
|move|p1a: Passimian|Knock Off|p2a: Scream Tail
|-crit|p2a: Scream Tail
|-damage|p2a: Scream Tail|73/100
|move|p1b: Calyrex|Trick Room|p1b: Calyrex
|-fieldstart|move: Trick Room|[of] p1b: Calyrex
|
|upkeep
|turn|2
|j| H4yato7u7
|inactive|Battle timer is ON: inactive players will automatically lose when time's up. (requested by johnkharkiv)
|l| H4yato7u7
|
|t:|1750715094
|switch|p2b: Calyrex|Calyrex-Shadow, L50|100/100
|-ability|p2b: Calyrex|As One
|-ability|p2b: Calyrex|Unnerve
|move|p1a: Passimian|Feint|p2a: Scream Tail
|-damage|p2a: Scream Tail|65/100
|move|p1b: Calyrex|Glacial Lance|p2b: Calyrex|[spread] p2a,p2b
|-damage|p2a: Scream Tail|27/100
|-damage|p2b: Calyrex|42/100
|move|p2a: Scream Tail|Disable|p1b: Calyrex
|-start|p1b: Calyrex|Disable|Glacial Lance
|
|upkeep
|turn|3
|inactive|juanessamal has 30 seconds left.
|
|t:|1750715121
|move|p2b: Calyrex|Protect|p2b: Calyrex
|-singleturn|p2b: Calyrex|Protect
|move|p1b: Calyrex|Throat Chop|p2b: Calyrex
|-activate|p2b: Calyrex|move: Protect
|move|p1a: Passimian|Knock Off|p2a: Scream Tail
|-damage|p2a: Scream Tail|10/100
|move|p2a: Scream Tail|Encore|p1b: Calyrex
|-start|p1b: Calyrex|Encore
|
|upkeep
|turn|4
|
|t:|1750715145
|switch|p1a: Torkoal|Torkoal, L50, M|100/100
|-weather|SunnyDay|[from] ability: Drought|[of] p1a: Torkoal
|-end|p2a: Scream Tail|Protosynthesis|[silent]
|switch|p2a: Whimsicott|Whimsicott, L50, M|100/100
|-terastallize|p2b: Calyrex|Fairy
|move|p1b: Calyrex|Throat Chop|p2b: Calyrex
|-resisted|p2b: Calyrex
|-damage|p2b: Calyrex|24/100
|-start|p2b: Calyrex|Throat Chop|[silent]
|move|p2b: Calyrex|Astral Barrage|p1a: Torkoal|[spread] p1a,p1b
|-damage|p1a: Torkoal|0 fnt
|-damage|p1b: Calyrex|60/100
|faint|p1a: Torkoal
|-ability|p2b: Calyrex|Grim Neigh|boost
|-boost|p2b: Calyrex|spa|1
|-damage|p2b: Calyrex|15/100|[from] item: Life Orb
|
|-weather|SunnyDay|[upkeep]
|upkeep
|
|t:|1750715156
|switch|p1a: Passimian|Passimian, L50, F, shiny|100/100
|turn|5
|
|t:|1750715172
|move|p2b: Calyrex|Protect|p2b: Calyrex
|-singleturn|p2b: Calyrex|Protect
|move|p1a: Passimian|Feint|p2b: Calyrex
|-activate|p2b: Calyrex|move: Feint
|-damage|p2b: Calyrex|1/100
|move|p1b: Calyrex|Throat Chop|p2b: Calyrex
|-resisted|p2b: Calyrex
|-damage|p2b: Calyrex|0 fnt
|faint|p2b: Calyrex
|-ability|p1b: Calyrex|Chilling Neigh|boost
|-boost|p1b: Calyrex|atk|1
|move|p2a: Whimsicott|Moonblast|p1a: Passimian
|-supereffective|p1a: Passimian
|-crit|p1a: Passimian
|-damage|p1a: Passimian|11/100
|
|-weather|SunnyDay|[upkeep]
|-fieldend|move: Trick Room
|-fieldend|move: Electric Terrain
|upkeep
|
|t:|1750715187
|switch|p2b: Miraidon|Miraidon, L50|100/100
|-fieldstart|move: Electric Terrain|[from] ability: Hadron Engine|[of] p2b: Miraidon
|turn|6
|
|t:|1750715199
|move|p1a: Passimian|Feint|p2a: Whimsicott
|-damage|p2a: Whimsicott|84/100
|move|p2b: Miraidon|Draco Meteor|p1b: Calyrex
|-crit|p1b: Calyrex
|-damage|p1b: Calyrex|0 fnt
|-unboost|p2b: Miraidon|spa|2
|faint|p1b: Calyrex
|move|p2a: Whimsicott|Moonblast|p1a: Passimian
|-supereffective|p1a: Passimian
|-crit|p1a: Passimian
|-damage|p1a: Passimian|0 fnt
|faint|p1a: Passimian
|
|-weather|SunnyDay|[upkeep]
|upkeep
|
|t:|1750715201
|switch|p1b: Farigiraf|Farigiraf, L50, M|100/100
|turn|7
|
|t:|1750715219
|move|p2b: Miraidon|Draco Meteor|p1b: Farigiraf
|-damage|p1b: Farigiraf|40/100
|-unboost|p2b: Miraidon|spa|2
|move|p2a: Whimsicott|Moonblast|p1b: Farigiraf
|-crit|p1b: Farigiraf
|-damage|p1b: Farigiraf|0 fnt
|faint|p1b: Farigiraf
|
|win|juanessamal
|raw|johnkharkiv's rating: 1489 &rarr; <strong>1471</strong><br />(-18 for losing)
|raw|juanessamal's rating: 1523 &rarr; <strong>1541</strong><br />(+18 for winning)
|l|☆johnkharkiv
|player|p1|
|l|☆juanessamal
|player|p2|
