|j|☆Iamsliverfish
|j|☆hdlshshxvqjw
|t:|1750834640
|gametype|doubles
|player|p1|Iamsliverfish|silver-masters|1796
|player|p2|hdlshshxvqjw|169|1681
|teamsize|p1|6
|teamsize|p2|6
|gen|9
|tier|[Gen 9] VGC 2025 Reg I
|rated|
|rule|Species Clause: Limit one of each Pokémon
|rule|Item Clause: Limit 1 of each item
|clearpoke
|poke|p1|Zamazenta-*, L50|
|poke|p1|Kyogre, L50|
|poke|p1|Chien-Pao, L50|
|poke|p1|Roaring Moon, L50|
|poke|p1|Rillaboom, L50, M|
|poke|p1|Urshifu-*, L50, M|
|poke|p2|Ho-Oh, L50|
|poke|p2|Calyrex-Shadow, L50|
|poke|p2|Walking Wake, L50|
|poke|p2|Incineroar, L50, M|
|poke|p2|Landorus, L50, M|
|poke|p2|Toxapex, L50, M|
|teampreview|4
|inactive|Battle timer is ON: inactive players will automatically lose when time's up. (requested by hdlshshxvqjw)
|
|t:|1750834704
|start
|switch|p1a: Chien-Pao|Chien-Pao, L50|100/100
|switch|p1b: Urshifu|Urshifu-Rapid-Strike, L50, M|100/100
|switch|p2a: Walking Wake|Walking Wake, L50|100/100
|switch|p2b: Toxapex|Toxapex, L50, M|100/100
|-ability|p1a: Chien-Pao|Sword of Ruin
|-enditem|p2a: Walking Wake|Booster Energy
|-activate|p2a: Walking Wake|ability: Protosynthesis|[fromitem]
|-start|p2a: Walking Wake|protosynthesisspe
|turn|1
|
|t:|1750834723
|move|p1a: Chien-Pao|Protect|p1a: Chien-Pao
|-singleturn|p1a: Chien-Pao|Protect
|move|p2a: Walking Wake|Draco Meteor|p1b: Urshifu
|-damage|p1b: Urshifu|27/100
|-unboost|p2a: Walking Wake|spa|2
|move|p1b: Urshifu|Surging Strikes|p2b: Toxapex
|-resisted|p2b: Toxapex
|-crit|p2b: Toxapex
|-damage|p2b: Toxapex|88/100
|-resisted|p2b: Toxapex
|-crit|p2b: Toxapex
|-damage|p2b: Toxapex|76/100
|-resisted|p2b: Toxapex
|-crit|p2b: Toxapex
|-damage|p2b: Toxapex|64/100
|-hitcount|p2b: Toxapex|3
|move|p2b: Toxapex|Toxic Spikes|p1b: Urshifu
|-sidestart|p1: Iamsliverfish|move: Toxic Spikes
|
|upkeep
|turn|2
|
|t:|1750834743
|-terastallize|p1a: Chien-Pao|Stellar
|move|p2a: Walking Wake|Draco Meteor|p1b: Urshifu
|-crit|p1b: Urshifu
|-damage|p1b: Urshifu|0 fnt
|-unboost|p2a: Walking Wake|spa|2
|faint|p1b: Urshifu
|move|p1a: Chien-Pao|Icicle Crash|p2a: Walking Wake
|-damage|p2a: Walking Wake|18/100
|move|p2b: Toxapex|Infestation|p1a: Chien-Pao
|-supereffective|p1a: Chien-Pao
|-damage|p1a: Chien-Pao|90/100
|-activate|p1a: Chien-Pao|move: Infestation|[of] p2b: Toxapex
|
|-damage|p1a: Chien-Pao|78/100|[from] move: Infestation|[partiallytrapped]
|upkeep
|
|t:|1750834750
|switch|p1b: Zamazenta|Zamazenta-Crowned, L50|100/100
|-ability|p1b: Zamazenta|Dauntless Shield|boost
|-boost|p1b: Zamazenta|def|1
|turn|3
|
|t:|1750834767
|move|p2a: Walking Wake|Protect|p2a: Walking Wake
|-singleturn|p2a: Walking Wake|Protect
|move|p2b: Toxapex|Baneful Bunker|p2b: Toxapex
|-singleturn|p2b: Toxapex|move: Protect
|move|p1a: Chien-Pao|Ruination|p2b: Toxapex
|-activate|p2b: Toxapex|move: Protect
|move|p1b: Zamazenta|Body Press|p2b: Toxapex
|-activate|p2b: Toxapex|move: Protect
|
|-damage|p1a: Chien-Pao|66/100|[from] move: Infestation|[partiallytrapped]
|upkeep
|turn|4
|
|t:|1750834785
|switch|p2b: Ho-Oh|Ho-Oh, L50|100/100
|move|p1a: Chien-Pao|Sucker Punch|p2a: Walking Wake
|-damage|p2a: Walking Wake|0 fnt
|faint|p2a: Walking Wake
|-end|p2a: Walking Wake|Protosynthesis|[silent]
|move|p1b: Zamazenta|Body Press|p2b: Ho-Oh
|-resisted|p2b: Ho-Oh
|-damage|p2b: Ho-Oh|65/100
|
|-end|p1a: Chien-Pao|Infestation|[partiallytrapped]|[silent]
|upkeep
|
|t:|1750834791
|switch|p2a: Incineroar|Incineroar, L50, M|100/100
|-ability|p2a: Incineroar|Intimidate|boost
|-unboost|p1a: Chien-Pao|atk|1
|-unboost|p1b: Zamazenta|atk|1
|turn|5
|
|t:|1750834798
|move|p1a: Chien-Pao|Protect|p1a: Chien-Pao
|-singleturn|p1a: Chien-Pao|Protect
|move|p1b: Zamazenta|Protect|p1b: Zamazenta
|-singleturn|p1b: Zamazenta|Protect
|move|p2a: Incineroar|Fake Out|p1b: Zamazenta
|-activate|p1b: Zamazenta|move: Protect
|move|p2b: Ho-Oh|Recover|p2b: Ho-Oh
|-heal|p2b: Ho-Oh|100/100
|
|upkeep
|turn|6
|
|t:|1750834805
|switch|p1a: Kyogre|Kyogre, L50|100/100
|-status|p1a: Kyogre|psn
|-weather|RainDance|[from] ability: Drizzle|[of] p1a: Kyogre
|switch|p2a: Toxapex|Toxapex, L50, M|97/100
|move|p1b: Zamazenta|Body Press|p2a: Toxapex
|-resisted|p2a: Toxapex
|-damage|p2a: Toxapex|72/100
|move|p2b: Ho-Oh|Sacred Fire|p1b: Zamazenta
|-supereffective|p1b: Zamazenta
|-damage|p1b: Zamazenta|84/100
|
|-weather|RainDance|[upkeep]
|-damage|p1a: Kyogre|88/100 psn|[from] psn
|upkeep
|turn|7
|
|t:|1750834829
|move|p2b: Ho-Oh|Protect|p2b: Ho-Oh
|-singleturn|p2b: Ho-Oh|Protect
|move|p2a: Toxapex|Baneful Bunker|p2a: Toxapex
|-singleturn|p2a: Toxapex|move: Protect
|move|p1b: Zamazenta|Body Press|p2a: Toxapex
|-activate|p2a: Toxapex|move: Protect
|move|p1a: Kyogre|Origin Pulse|p2b: Ho-Oh|[spread] 
|-activate|p2a: Toxapex|move: Protect
|-activate|p2b: Ho-Oh|move: Protect
|
|-weather|RainDance|[upkeep]
|-damage|p1a: Kyogre|76/100 psn|[from] psn
|upkeep
|turn|8
|
|t:|1750834841
|move|p2a: Toxapex|Wide Guard|p2a: Toxapex
|-singleturn|p2a: Toxapex|Wide Guard
|move|p1b: Zamazenta|Body Press|p2a: Toxapex
|-resisted|p2a: Toxapex
|-damage|p2a: Toxapex|46/100
|move|p1a: Kyogre|Hydro Pump|p2b: Ho-Oh
|-supereffective|p2b: Ho-Oh
|-damage|p2b: Ho-Oh|0 fnt
|faint|p2b: Ho-Oh
|
|-weather|RainDance|[upkeep]
|-damage|p1a: Kyogre|64/100 psn|[from] psn
|upkeep
|
|t:|1750834854
|switch|p2b: Incineroar|Incineroar, L50, M|100/100
|-ability|p2b: Incineroar|Intimidate|boost
|-unboost|p1a: Kyogre|atk|1
|-unboost|p1b: Zamazenta|atk|1
|turn|9
|
|t:|1750834859
|-terastallize|p2b: Incineroar|Grass
|move|p1b: Zamazenta|Body Press|p2b: Incineroar
|-damage|p2b: Incineroar|50/100
|move|p1a: Kyogre|Origin Pulse|p2b: Incineroar|[spread] p2a,p2b
|-resisted|p2a: Toxapex
|-resisted|p2b: Incineroar
|-damage|p2a: Toxapex|22/100
|-damage|p2b: Incineroar|28/100
|move|p2b: Incineroar|Knock Off|p1a: Kyogre
|-damage|p1a: Kyogre|28/100 psn
|-enditem|p1a: Kyogre|Covert Cloak|[from] move: Knock Off|[of] p2b: Incineroar
|move|p2a: Toxapex|Infestation|p1a: Kyogre
|-damage|p1a: Kyogre|26/100 psn
|-activate|p1a: Kyogre|move: Infestation|[of] p2a: Toxapex
|
|-weather|RainDance|[upkeep]
|-damage|p1a: Kyogre|14/100 psn|[from] psn
|-damage|p1a: Kyogre|1/100 psn|[from] move: Infestation|[partiallytrapped]
|upkeep
|turn|10
|-message|hdlshshxvqjw forfeited.
|
|win|Iamsliverfish
|raw|Iamsliverfish's rating: 1812 &rarr; <strong>1825</strong><br />(+13 for winning)
|raw|hdlshshxvqjw's rating: 1681 &rarr; <strong>1668</strong><br />(-13 for losing)
|l|☆hdlshshxvqjw
|player|p2|
|l|☆Iamsliverfish
|player|p1|
