|j|☆myusernameisbob3
|j|☆bawkbawkgusfring
|t:|1750857170
|gametype|doubles
|player|p1|myusernameisbob3|266|1139
|player|p2|bawkbawkgusfring|gentleman-gen4dp|1091
|teamsize|p1|6
|teamsize|p2|6
|gen|9
|tier|[Gen 9] VGC 2025 Reg I
|rated|
|rule|Species Clause: Limit one of each Pokémon
|rule|Item Clause: Limit 1 of each item
|clearpoke
|poke|p1|Miraidon, L50|
|poke|p1|Ursaluna, L50, M|
|poke|p1|Iron Crown, L50|
|poke|p1|Indeedee-F, L50, F|
|poke|p1|Calyrex-Ice, L50|
|poke|p1|Whimsicott, L50, F|
|poke|p2|Iron Hands, L50|
|poke|p2|Calyrex-Ice, L50|
|poke|p2|Amoonguss, L50, F|
|poke|p2|Mimikyu, L50, F|
|poke|p2|Torkoal, L50, F|
|poke|p2|Terapagos, L50, M|
|teampreview|4
|inactive|Battle timer is ON: inactive players will automatically lose when time's up. (requested by bawkbawkgusfring)
|
|t:|1750857222
|start
|switch|p1a: Iron Crown|Iron Crown, L50|100/100
|switch|p1b: Indeedee|Indeedee-F, L50, F|100/100
|switch|p2a: Mimikyu|Mimikyu, L50, F|100/100
|switch|p2b: Terapagos|Terapagos, L50, M|100/100
|-activate|p2b: Terapagos|ability: Tera Shift
|detailschange|p2b: Terapagos|Terapagos-Terastal, L50, M
|-heal|p2b: Terapagos|100/100|[silent]
|-fieldstart|move: Psychic Terrain|[from] ability: Psychic Surge|[of] p1b: Indeedee
|turn|1
|inactive|bawkbawkgusfring has 30 seconds left.
|
|t:|1750857252
|move|p1b: Indeedee|Helping Hand|p1a: Iron Crown
|-singleturn|p1a: Iron Crown|Helping Hand|[of] p1b: Indeedee
|move|p2b: Terapagos|Protect|p2b: Terapagos
|-singleturn|p2b: Terapagos|Protect
|move|p1a: Iron Crown|Tachyon Cutter|p2a: Mimikyu
|-activate|p2a: Mimikyu|ability: Disguise
|-damage|p2a: Mimikyu|100/100
|detailschange|p2a: Mimikyu|Mimikyu-Busted, L50, F
|-damage|p2a: Mimikyu|88/100|[from] pokemon: Mimikyu-Busted
|-supereffective|p2a: Mimikyu
|-damage|p2a: Mimikyu|0 fnt
|faint|p2a: Mimikyu
|-hitcount|p2: Mimikyu|2
|-damage|p1a: Iron Crown|90/100|[from] item: Life Orb
|
|upkeep
|
|t:|1750857266
|switch|p2a: Calyrex|Calyrex-Ice, L50|100/100
|-ability|p2a: Calyrex|As One
|-ability|p2a: Calyrex|Unnerve
|turn|2
|
|t:|1750857282
|switch|p2b: Torkoal|Torkoal, L50, F|100/100
|-weather|SunnyDay|[from] ability: Drought|[of] p2b: Torkoal
|-terastallize|p2a: Calyrex|Fire
|move|p1b: Indeedee|Helping Hand|p1a: Iron Crown
|-singleturn|p1a: Iron Crown|Helping Hand|[of] p1b: Indeedee
|move|p1a: Iron Crown|Tachyon Cutter|p2a: Calyrex
|-resisted|p2a: Calyrex
|-damage|p2a: Calyrex|81/100
|-resisted|p2a: Calyrex
|-damage|p2a: Calyrex|62/100
|-hitcount|p2a: Calyrex|2
|-damage|p1a: Iron Crown|80/100|[from] item: Life Orb
|move|p2a: Calyrex|Trick Room|p2a: Calyrex
|-fieldstart|move: Trick Room|[of] p2a: Calyrex
|
|-weather|SunnyDay|[upkeep]
|upkeep
|turn|3
|
|t:|1750857306
|-terastallize|p1a: Iron Crown|Water
|move|p1b: Indeedee|Helping Hand|p1a: Iron Crown
|-singleturn|p1a: Iron Crown|Helping Hand|[of] p1b: Indeedee
|move|p2b: Torkoal|Eruption|p1b: Indeedee|[spread] p1a,p1b
|-resisted|p1a: Iron Crown
|-damage|p1a: Iron Crown|39/100
|-damage|p1b: Indeedee|12/100
|move|p2a: Calyrex|Glacial Lance|p1b: Indeedee|[spread] p1a,p1b
|-resisted|p1a: Iron Crown
|-crit|p1b: Indeedee
|-damage|p1a: Iron Crown|10/100
|-damage|p1b: Indeedee|0 fnt
|faint|p1b: Indeedee
|-ability|p2a: Calyrex|Chilling Neigh|boost
|-boost|p2a: Calyrex|atk|1
|move|p1a: Iron Crown|Expanding Force|p2b: Torkoal|[spread] p2a,p2b
|-crit|p2a: Calyrex
|-damage|p2a: Calyrex|0 fnt
|-damage|p2b: Torkoal|0 fnt
|faint|p2a: Calyrex
|faint|p2b: Torkoal
|-damage|p1a: Iron Crown|0 fnt|[from] item: Life Orb
|faint|p1a: Iron Crown
|-end|p1a: Iron Crown|Quark Drive|[silent]
|
|-weather|SunnyDay|[upkeep]
|upkeep
|
|t:|1750857324
|switch|p2a: Terapagos|Terapagos-Terastal, L50, M|100/100
|switch|p1b: Calyrex|Calyrex-Ice, L50|100/100
|switch|p1a: Ursaluna|Ursaluna, L50, M|100/100
|-ability|p1b: Calyrex|As One
|-ability|p1b: Calyrex|Unnerve
|-enditem|p2a: Terapagos|Room Service
|-unboost|p2a: Terapagos|spe|1|[from] item: Room Service
|turn|4
|
|t:|1750857330
|move|p1a: Ursaluna|High Horsepower|p2a: Terapagos
|-activate|p2a: Terapagos|ability: Tera Shell
|-resisted|p2a: Terapagos
|-damage|p2a: Terapagos|77/100
|move|p1b: Calyrex|Glacial Lance|p2a: Terapagos
|-damage|p2a: Terapagos|6/100
|move|p2a: Terapagos|Weather Ball|p1b: Calyrex
|-supereffective|p1b: Calyrex
|-damage|p1b: Calyrex|37/100
|
|-weather|SunnyDay|[upkeep]
|-status|p1a: Ursaluna|brn|[from] item: Flame Orb
|upkeep
|turn|5
|-message|bawkbawkgusfring forfeited.
|
|win|myusernameisbob3
|raw|myusernameisbob3's rating: 1139 &rarr; <strong>1161</strong><br />(+22 for winning)
|raw|bawkbawkgusfring's rating: 1091 &rarr; <strong>1071</strong><br />(-20 for losing)
|l|☆bawkbawkgusfring
|player|p2|
|l|☆myusernameisbob3
|player|p1|
