|j|☆BangRoasted
|j|☆Rn 86
|t:|1750775944
|gametype|doubles
|player|p1|BangRoasted|tulip|1220
|player|p2|Rn 86|266|1131
|teamsize|p1|6
|teamsize|p2|6
|gen|9
|tier|[Gen 9] VGC 2025 Reg I
|rated|
|rule|Species Clause: Limit one of each Pokémon
|rule|Item Clause: Limit 1 of each item
|clearpoke
|poke|p1|Calyrex-Shadow, L50|
|poke|p1|Terapagos, L50, M|
|poke|p1|Landorus, L50, M|
|poke|p1|Roaring Moon, L50|
|poke|p1|Ogerpon-Cornerstone, L50, F|
|poke|p1|Indeedee-F, L50, F|
|poke|p2|Incineroar, L50, M|
|poke|p2|Calyrex-Ice, L50|
|poke|p2|Indeedee-F, L50, F|
|poke|p2|Iron Hands, L50|
|poke|p2|Koraidon, L50|
|poke|p2|Articuno-Galar, L50|
|teampreview|4
|inactive|Battle timer is ON: inactive players will automatically lose when time's up. (requested by Rn 86)
|inactive|BangRoasted also wants the timer to be on.
|
|t:|1750775968
|start
|switch|p1a: Deeda|Indeedee-F, L50, F, shiny|100/100
|switch|p1b: Ogerpon|Ogerpon-Cornerstone, L50, F|100/100
|switch|p2a: Meow Meow|Incineroar, L50, M|100/100
|switch|p2b: Articuno|Articuno-Galar, L50|100/100
|-fieldstart|move: Psychic Terrain|[from] ability: Psychic Surge|[of] p1a: Deeda
|-ability|p2a: Meow Meow|Intimidate|boost
|-unboost|p1a: Deeda|atk|1
|-unboost|p1b: Ogerpon|atk|1
|turn|1
|inactive|Rn 86 has 30 seconds left.
|
|t:|1750775999
|move|p2b: Articuno|Expanding Force|p1a: Deeda
|-resisted|p1a: Deeda
|-damage|p1a: Deeda|78/100
|move|p1b: Ogerpon|Ivy Cudgel|p2a: Meow Meow|[anim] Ivy Cudgel Rock
|-supereffective|p2a: Meow Meow
|-damage|p2a: Meow Meow|29/100
|move|p1a: Deeda|Alluring Voice|p2b: Articuno
|-damage|p2b: Articuno|81/100
|move|p2a: Meow Meow|Knock Off|p1a: Deeda
|-supereffective|p1a: Deeda
|-damage|p1a: Deeda|0 fnt
|-damage|p2a: Meow Meow|13/100|[from] item: Rocky Helmet|[of] p1a: Deeda
|-enditem|p1a: Deeda|Rocky Helmet|[from] move: Knock Off|[of] p2a: Meow Meow
|faint|p1a: Deeda
|
|upkeep
|
|t:|1750776018
|switch|p1a: Calyrex|Calyrex-Shadow, L50|100/100
|-ability|p1a: Calyrex|As One
|-ability|p1a: Calyrex|Unnerve
|turn|2
|
|t:|1750776037
|switch|p2b: Iron Hands|Iron Hands, L50|100/100
|move|p1a: Calyrex|Astral Barrage|p2a: Meow Meow|[spread] p2a,p2b
|-resisted|p2a: Meow Meow
|-damage|p2a: Meow Meow|0 fnt
|-damage|p2b: Iron Hands|65/100
|faint|p2a: Meow Meow
|-ability|p1a: Calyrex|Grim Neigh|boost
|-boost|p1a: Calyrex|spa|1
|move|p1b: Ogerpon|Ivy Cudgel|p2b: Iron Hands|[anim] Ivy Cudgel Rock
|-resisted|p2b: Iron Hands
|-damage|p2b: Iron Hands|52/100
|
|upkeep
|
|t:|1750776044
|switch|p2a: Articuno|Articuno-Galar, L50|81/100
|turn|3
|
|t:|1750776059
|-terastallize|p2a: Articuno|Normal
|move|p1a: Calyrex|Astral Barrage|p2a: Articuno|[spread] p2b
|-immune|p2a: Articuno
|-damage|p2b: Iron Hands|0 fnt
|faint|p2b: Iron Hands
|-end|p2b: Iron Hands|Quark Drive|[silent]
|-ability|p1a: Calyrex|Grim Neigh|boost
|-boost|p1a: Calyrex|spa|1
|move|p2a: Articuno|Shadow Ball|p1a: Calyrex
|-supereffective|p1a: Calyrex
|-enditem|p1a: Calyrex|Focus Sash
|-damage|p1a: Calyrex|1/100
|move|p1b: Ogerpon|Ivy Cudgel|p2a: Articuno|[anim] Ivy Cudgel Rock
|-damage|p2a: Articuno|33/100
|
|upkeep
|inactive|Rn 86 has 30 seconds left.
|
|t:|1750776086
|switch|p2b: Koraidon|Koraidon, L50|100/100
|-weather|SunnyDay|[from] ability: Orichalcum Pulse|[of] p2b: Koraidon
|-activate|p2b: Koraidon|Orichalcum Pulse|[source]
|turn|4
|
|t:|1750776096
|-terastallize|p1b: Ogerpon|Rock
|detailschange|p1b: Ogerpon|Ogerpon-Cornerstone-Tera, L50, F, tera:Rock
|-ability|p1b: Ogerpon|Embody Aspect (Cornerstone)|boost
|-boost|p1b: Ogerpon|def|1
|move|p1b: Ogerpon|Follow Me|p1b: Ogerpon
|-singleturn|p1b: Ogerpon|move: Follow Me
|move|p1a: Calyrex|Astral Barrage|p2b: Koraidon|[spread] p2b
|-immune|p2a: Articuno
|-damage|p2b: Koraidon|0 fnt
|faint|p2b: Koraidon
|-ability|p1a: Calyrex|Grim Neigh|boost
|-boost|p1a: Calyrex|spa|1
|move|p2a: Articuno|Shadow Ball|p1b: Ogerpon
|-damage|p1b: Ogerpon|63/100
|
|-weather|SunnyDay|[upkeep]
|upkeep
|turn|5
|
|t:|1750776119
|move|p1a: Calyrex|Psychic|p2a: Articuno
|-damage|p2a: Articuno|0 fnt
|faint|p2a: Articuno
|
|win|BangRoasted
|raw|BangRoasted's rating: 1220 &rarr; <strong>1239</strong><br />(+19 for winning)
|raw|Rn 86's rating: 1131 &rarr; <strong>1112</strong><br />(-19 for losing)
|l|☆Rn 86
|player|p2|
|l|☆BangRoasted
|player|p1|
