|j|☆RustyChair13
|j|☆MigraineMan
|t:|1750862086
|gametype|doubles
|player|p1|RustyChair13|265|1428
|player|p2|MigraineMan|265|1422
|teamsize|p1|6
|teamsize|p2|6
|gen|9
|tier|[Gen 9] VGC 2025 Reg I
|rated|
|rule|Species Clause: Limit one of each Pokémon
|rule|Item Clause: Limit 1 of each item
|clearpoke
|poke|p1|Miraidon, L50|
|poke|p1|Zamazenta-*, L50|
|poke|p1|Chien-Pao, L50|
|poke|p1|Iron Hands, L50|
|poke|p1|Farigiraf, L50, F|
|poke|p1|Whimsicott, L50, F|
|poke|p2|Koraidon, L50|
|poke|p2|Scovillain, L50, F|
|poke|p2|Miraidon, L50|
|poke|p2|Chesnaught, L50, M|
|poke|p2|Clefairy, L50, M|
|poke|p2|Indeedee-F, L50, F|
|teampreview|4
|
|t:|1750862110
|start
|switch|p1a: Iron Hands|Iron Hands, L50|100/100
|switch|p1b: Farigiraf|Farigiraf, L50, F|100/100
|switch|p2a: Miraidon|Miraidon, L50|100/100
|switch|p2b: Chesnaught|Chesnaught, L50, M|100/100
|-fieldstart|move: Electric Terrain|[from] ability: Hadron Engine|[of] p2a: Miraidon
|-enditem|p2b: Chesnaught|Electric Seed
|-boost|p2b: Chesnaught|def|1|[from] item: Electric Seed
|-activate|p1a: Iron Hands|ability: Quark Drive
|-start|p1a: Iron Hands|quarkdriveatk
|-enditem|p1b: Farigiraf|Electric Seed
|-boost|p1b: Farigiraf|def|1|[from] item: Electric Seed
|turn|1
|
|t:|1750862128
|move|p1a: Iron Hands|Fake Out|p2a: Miraidon
|-damage|p2a: Miraidon|80/100
|cant|p2a: Miraidon|flinch
|move|p2b: Chesnaught|Leech Seed|p1a: Iron Hands
|-start|p1a: Iron Hands|move: Leech Seed
|move|p1b: Farigiraf|Trick Room|p1b: Farigiraf
|-fieldstart|move: Trick Room|[of] p1b: Farigiraf
|
|-damage|p1a: Iron Hands|88/100|[from] Leech Seed|[of] p2b: Chesnaught
|upkeep
|turn|2
|
|t:|1750862142
|switch|p2a: Scovillain|Scovillain, L50, F|100/100
|move|p1b: Farigiraf|Psychic|p2b: Chesnaught
|-supereffective|p2b: Chesnaught
|-damage|p2b: Chesnaught|15/100
|move|p1a: Iron Hands|Low Kick|p2a: Scovillain
|-damage|p2a: Scovillain|47/100
|move|p2b: Chesnaught|Leech Seed|p1b: Farigiraf
|-start|p1b: Farigiraf|move: Leech Seed
|
|-damage|p1b: Farigiraf|88/100|[from] Leech Seed|[of] p2b: Chesnaught
|-heal|p2b: Chesnaught|30/100|[silent]
|-damage|p1a: Iron Hands|76/100|[from] Leech Seed|[of] p2b: Chesnaught
|-heal|p2b: Chesnaught|45/100|[silent]
|upkeep
|turn|3
|
|t:|1750862166
|move|p1b: Farigiraf|Helping Hand|p1a: Iron Hands
|-singleturn|p1a: Iron Hands|Helping Hand|[of] p1b: Farigiraf
|move|p2b: Chesnaught|Spiky Shield|p2b: Chesnaught
|-singleturn|p2b: Chesnaught|move: Protect
|move|p2a: Scovillain|Protect|p2a: Scovillain
|-singleturn|p2a: Scovillain|Protect
|move|p1a: Iron Hands|Low Kick|p2a: Scovillain
|-activate|p2a: Scovillain|move: Protect
|
|-damage|p1b: Farigiraf|75/100|[from] Leech Seed|[of] p2b: Chesnaught
|-heal|p2b: Chesnaught|60/100|[silent]
|-damage|p1a: Iron Hands|63/100|[from] Leech Seed|[of] p2b: Chesnaught
|-heal|p2b: Chesnaught|75/100|[silent]
|upkeep
|turn|4
|
|t:|1750862185
|move|p2a: Scovillain|Rage Powder|p2a: Scovillain
|-singleturn|p2a: Scovillain|move: Rage Powder
|move|p1b: Farigiraf|Psychic|p2a: Scovillain
|-damage|p2a: Scovillain|0 fnt
|faint|p2a: Scovillain
|move|p1a: Iron Hands|Ice Punch|p2b: Chesnaught
|-supereffective|p2b: Chesnaught
|-damage|p2b: Chesnaught|45/100
|move|p2b: Chesnaught|Body Press|p1a: Iron Hands
|-damage|p1a: Iron Hands|25/100
|
|-damage|p1b: Farigiraf|63/100|[from] Leech Seed|[of] p2b: Chesnaught
|-heal|p2b: Chesnaught|60/100|[silent]
|-damage|p1a: Iron Hands|12/100|[from] Leech Seed|[of] p2b: Chesnaught
|-heal|p2b: Chesnaught|75/100|[silent]
|upkeep
|
|t:|1750862192
|switch|p2a: Koraidon|Koraidon, L50|100/100
|-weather|SunnyDay|[from] ability: Orichalcum Pulse|[of] p2a: Koraidon
|-activate|p2a: Koraidon|Orichalcum Pulse|[source]
|turn|5
|
|t:|1750862217
|-end|p1a: Iron Hands|Quark Drive|[silent]
|switch|p1a: Miraidon|Miraidon, L50|100/100
|-activate|p1a: Miraidon|ability: Hadron Engine
|move|p2b: Chesnaught|Spiky Shield|p2b: Chesnaught
|-singleturn|p2b: Chesnaught|move: Protect
|move|p2a: Koraidon|Protect|p2a: Koraidon
|-singleturn|p2a: Koraidon|Protect
|move|p1b: Farigiraf|Psychic|p2a: Koraidon
|-activate|p2a: Koraidon|move: Protect
|
|-weather|SunnyDay|[upkeep]
|-damage|p1b: Farigiraf|50/100|[from] Leech Seed|[of] p2b: Chesnaught
|-heal|p2b: Chesnaught|90/100|[silent]
|-fieldend|move: Trick Room
|-fieldend|move: Electric Terrain
|upkeep
|turn|6
|
|t:|1750862238
|-terastallize|p2a: Koraidon|Fire
|-terastallize|p1a: Miraidon|Fairy
|move|p2a: Koraidon|Flame Charge|p1b: Farigiraf
|-damage|p1b: Farigiraf|18/100
|-boost|p2a: Koraidon|spe|1
|move|p1a: Miraidon|Dazzling Gleam|p2b: Chesnaught|[spread] p2a,p2b
|-resisted|p2a: Koraidon
|-crit|p2a: Koraidon
|-supereffective|p2b: Chesnaught
|-damage|p2a: Koraidon|63/100
|-damage|p2b: Chesnaught|0 fnt
|faint|p2b: Chesnaught
|move|p1b: Farigiraf|Trick Room|p1b: Farigiraf
|-fieldstart|move: Trick Room|[of] p1b: Farigiraf
|
|-weather|SunnyDay|[upkeep]
|upkeep
|
|t:|1750862249
|switch|p2b: Miraidon|Miraidon, L50|80/100
|-fieldstart|move: Electric Terrain|[from] ability: Hadron Engine|[of] p2b: Miraidon
|turn|7
|-message|MigraineMan forfeited.
|
|win|RustyChair13
|raw|RustyChair13's rating: 1428 &rarr; <strong>1448</strong><br />(+20 for winning)
|raw|MigraineMan's rating: 1422 &rarr; <strong>1402</strong><br />(-20 for losing)
|l|☆MigraineMan
|player|p2|
|l|☆RustyChair13
|player|p1|
