|j|☆Gibsteroni
|j|☆TheHeroOfMeow
|t:|1750798977
|gametype|doubles
|player|p1|Gibsteroni|170|1410
|player|p2|TheHeroOfMeow|will|1361
|teamsize|p1|6
|teamsize|p2|6
|gen|9
|tier|[Gen 9] VGC 2025 Reg I
|rated|
|rule|Species Clause: Limit one of each Pokémon
|rule|Item Clause: Limit 1 of each item
|clearpoke
|poke|p1|Giratina-Origin, L50|
|poke|p1|Amoonguss, L50, M|
|poke|p1|Terapagos, L50, M|
|poke|p1|Incineroar, L50, F|
|poke|p1|Arcanine, L50, M|
|poke|p1|Chien-Pao, L50|
|poke|p2|Rayquaza, L50|
|poke|p2|Smeargle, L50, F|
|poke|p2|Chien-Pao, L50|
|poke|p2|Calyrex-Ice, L50|
|poke|p2|Rhydon, L50, F|
|poke|p2|Flutter Mane, L50|
|teampreview|4
TheHeroOfMeow has agreed to open team sheets.
Gibsteroni has agreed to open team sheets.
|showteam|p1|Giratina-Origin||GriseousCore|Levitate|BreakingSwipe,ShadowSneak,DestinyBond,Protect||||||50|,,,,,Steel]Amoonguss||SitrusBerry|Regenerator|Spore,RagePowder,PollenPuff,Protect|||M|||50|,,,,,Dark]Terapagos||CovertCloak|TeraShift|TeraStarstorm,EarthPower,CalmMind,Protect|||M|||50|,,,,,Stellar]Incineroar||ChopleBerry|Intimidate|FakeOut,PartingShot,FlareBlitz,KnockOff|||F|||50|,,,,,Ghost]Arcanine||SilkScarf|Intimidate|ExtremeSpeed,FlareBlitz,Howl,Protect|||M|||50|,,,,,Normal]Chien-Pao||FocusSash|SwordofRuin|IceSpinner,SuckerPunch,SacredSword,Protect||||||50|,,,,,Stellar
|showteam|p2|Rayquaza||ClearAmulet|AirLock|ExtremeSpeed,DragonAscent,SwordsDance,Protect||||||50|,,,,,Normal]Smeargle||FocusSash|OwnTempo|Spore,Decorate,WideGuard,FakeOut|||F|||50|,,,,,Ghost]Chien-Pao||LifeOrb|SwordofRuin|IceSpinner,SacredSword,ThroatChop,Protect||||||50|,,,,,Ghost]Calyrex-Ice||SitrusBerry|AsOneGlastrier|GlacialLance,HighHorsepower,TrickRoom,Protect||||||50|,,,,,Water]Rhydon||Eviolite|LightningRod|HighHorsepower,StoneEdge,SwordsDance,Protect|||F|||50|,,,,,Grass]Flutter Mane||BoosterEnergy|Protosynthesis|Moonblast,ShadowBall,MysticalFire,CalmMind||||||50|,,,,,Fairy
|
|t:|1750799016
|start
|switch|p1a: Giratina|Giratina-Origin, L50|100/100
|switch|p1b: Arcanine|Arcanine, L50, M|100/100
|switch|p2a: Smeargle|Smeargle, L50, F|100/100
|switch|p2b: Calyrex|Calyrex-Ice, L50|100/100
|-ability|p2b: Calyrex|As One
|-ability|p2b: Calyrex|Unnerve
|-ability|p1b: Arcanine|Intimidate|boost
|-fail|p2a: Smeargle|unboost|Attack|[from] ability: Own Tempo|[of] p2a: Smeargle
|-unboost|p2b: Calyrex|atk|1
|turn|1
|
|t:|1750799063
|-terastallize|p1a: Giratina|Steel
|-terastallize|p2b: Calyrex|Water
|move|p2a: Smeargle|Decorate|p2b: Calyrex
|-boost|p2b: Calyrex|atk|2
|-boost|p2b: Calyrex|spa|2
|move|p1b: Arcanine|Flare Blitz|p2a: Smeargle
|-enditem|p2a: Smeargle|Focus Sash
|-damage|p2a: Smeargle|1/100
|-status|p2a: Smeargle|brn
|-damage|p1b: Arcanine|74/100|[from] Recoil
|move|p1a: Giratina|Breaking Swipe|p2b: Calyrex|[spread] p2a,p2b
|-damage|p2a: Smeargle|0 fnt
|-damage|p2b: Calyrex|86/100
|-unboost|p2b: Calyrex|atk|1
|faint|p2a: Smeargle
|move|p2b: Calyrex|Trick Room|p2b: Calyrex
|-fieldstart|move: Trick Room|[of] p2b: Calyrex
|
|upkeep
|
|t:|1750799080
|switch|p2a: Rhydon|Rhydon, L50, F|100/100
|turn|2
|
|t:|1750799109
|move|p1b: Arcanine|Protect|p1b: Arcanine
|-singleturn|p1b: Arcanine|Protect
|move|p2a: Rhydon|High Horsepower|p1b: Arcanine
|-activate|p1b: Arcanine|move: Protect
|move|p2b: Calyrex|Glacial Lance|p1b: Arcanine|[spread] p1a
|-activate|p1b: Arcanine|move: Protect
|-resisted|p1a: Giratina
|-damage|p1a: Giratina|81/100
|move|p1a: Giratina|Breaking Swipe|p2b: Calyrex|[spread] p2a,p2b
|-damage|p2a: Rhydon|87/100
|-damage|p2b: Calyrex|73/100
|-unboost|p2a: Rhydon|atk|1
|-unboost|p2b: Calyrex|atk|1
|
|upkeep
|turn|3
|
|t:|1750799142
|move|p1b: Arcanine|Extreme Speed|p2b: Calyrex
|-damage|p2b: Calyrex|54/100
|move|p2a: Rhydon|High Horsepower|p1b: Arcanine
|-supereffective|p1b: Arcanine
|-crit|p1b: Arcanine
|-damage|p1b: Arcanine|0 fnt
|faint|p1b: Arcanine
|move|p2b: Calyrex|Glacial Lance|p1a: Giratina
|-resisted|p1a: Giratina
|-damage|p1a: Giratina|62/100
|move|p1a: Giratina|Breaking Swipe|p2a: Rhydon|[spread] p2a,p2b
|-damage|p2a: Rhydon|74/100
|-damage|p2b: Calyrex|39/100
|-unboost|p2a: Rhydon|atk|1
|-unboost|p2b: Calyrex|atk|1
|-enditem|p2b: Calyrex|Sitrus Berry|[eat]
|-heal|p2b: Calyrex|64/100|[from] item: Sitrus Berry
|
|upkeep
|
|t:|1750799159
|switch|p1b: Incineroar|Incineroar, L50, F|100/100
|-ability|p1b: Incineroar|Intimidate|boost
|-unboost|p2a: Rhydon|atk|1
|-unboost|p2b: Calyrex|atk|1
|turn|4
|
|t:|1750799181
|switch|p2a: Rayquaza|Rayquaza, L50|100/100
|-ability|p2a: Rayquaza|Air Lock
|move|p2b: Calyrex|Protect|p2b: Calyrex
|-singleturn|p2b: Calyrex|Protect
|move|p1b: Incineroar|Fake Out|p2a: Rayquaza
|-damage|p2a: Rayquaza|89/100
|move|p1a: Giratina|Breaking Swipe|p2a: Rayquaza|[spread] p2a
|-activate|p2b: Calyrex|move: Protect
|-supereffective|p2a: Rayquaza
|-damage|p2a: Rayquaza|41/100
|
|upkeep
|turn|5
|
|t:|1750799207
|switch|p2b: Rhydon|Rhydon, L50, F|74/100
|move|p2a: Rayquaza|Protect|p2a: Rayquaza
|-singleturn|p2a: Rayquaza|Protect
|move|p1b: Incineroar|Parting Shot|p2b: Rhydon
|-unboost|p2b: Rhydon|atk|1
|-unboost|p2b: Rhydon|spa|1
|
|t:|1750799214
|switch|p1b: Chien-Pao|Chien-Pao, L50|100/100|[from] Parting Shot
|-ability|p1b: Chien-Pao|Sword of Ruin
|move|p1a: Giratina|Breaking Swipe|p2b: Rhydon|[spread] p2b
|-activate|p2a: Rayquaza|move: Protect
|-damage|p2b: Rhydon|54/100
|-unboost|p2b: Rhydon|atk|1
|
|-fieldend|move: Trick Room
|upkeep
|turn|6
|
|t:|1750799245
|move|p1b: Chien-Pao|Protect|p1b: Chien-Pao
|-singleturn|p1b: Chien-Pao|Protect
|move|p2a: Rayquaza|Dragon Ascent|p1a: Giratina
|-resisted|p1a: Giratina
|-damage|p1a: Giratina|24/100
|-unboost|p2a: Rayquaza|def|1
|-unboost|p2a: Rayquaza|spd|1
|move|p1a: Giratina|Breaking Swipe|p2a: Rayquaza|[spread] p2a,p2b
|-supereffective|p2a: Rayquaza
|-damage|p2a: Rayquaza|0 fnt
|-damage|p2b: Rhydon|34/100
|-unboost|p2b: Rhydon|atk|1
|faint|p2a: Rayquaza
|move|p2b: Rhydon|Stone Edge|p1b: Chien-Pao
|-activate|p1b: Chien-Pao|move: Protect
|
|upkeep
|-message|TheHeroOfMeow forfeited.
|
|win|Gibsteroni
|raw|Gibsteroni's rating: 1410 &rarr; <strong>1427</strong><br />(+17 for winning)
|raw|TheHeroOfMeow's rating: 1361 &rarr; <strong>1344</strong><br />(-17 for losing)
|l|☆TheHeroOfMeow
|player|p2|
|l|☆Gibsteroni
|player|p1|
