|j|☆PROSPECTxONE
|j|☆o1iikdk1d
|t:|1750826913
|gametype|doubles
|player|p1|PROSPECTxONE|giovanni|1197
|player|p2|o1iikdk1d|265|1295
|teamsize|p1|6
|teamsize|p2|6
|gen|9
|tier|[Gen 9] VGC 2025 Reg I
|rated|
|rule|Species Clause: Limit one of each Pokémon
|rule|Item Clause: Limit 1 of each item
|clearpoke
|poke|p1|Lunala, L50|
|poke|p1|Incineroar, L50, M|
|poke|p1|Rillaboom, L50, M|
|poke|p1|Talonflame, L50, F|
|poke|p1|Terapagos, L50, M|
|poke|p1|Urshifu-*, L50, M|
|poke|p2|Groudon, L50|
|poke|p2|Calyrex-Shadow, L50|
|poke|p2|Raging Bolt, L50|
|poke|p2|Incineroar, L50, M|
|poke|p2|Ogerpon-Wellspring, L50, F|
|poke|p2|Hitmontop, L50, M|
|teampreview|4
|inactive|Battle timer is ON: inactive players will automatically lose when time's up. (requested by PROSPECTxONE)
|j| ItachiUchiha2233
|inactive|o1iikdk1d has 60 seconds left.
|
|t:|1750826949
|start
|switch|p1a: Urshifu|Urshifu, L50, M|100/100
|switch|p1b: Talonflame|Talonflame, L50, F|100/100
|switch|p2a: Incineroar|Incineroar, L50, M|100/100
|switch|p2b: Calyrex|Calyrex-Shadow, L50|100/100
|-ability|p2b: Calyrex|As One
|-ability|p2b: Calyrex|Unnerve
|-ability|p2a: Incineroar|Intimidate|boost
|-unboost|p1a: Urshifu|atk|1
|-unboost|p1b: Talonflame|atk|1
|turn|1
|
|t:|1750826967
|move|p2a: Incineroar|Fake Out|p1a: Urshifu
|-damage|p1a: Urshifu|89/100
|move|p1b: Talonflame|Tailwind|p1b: Talonflame
|-sidestart|p1: PROSPECTxONE|move: Tailwind
|cant|p1a: Urshifu|flinch
|move|p2b: Calyrex|Draining Kiss|p1a: Urshifu
|-supereffective|p1a: Urshifu
|-crit|p1a: Urshifu
|-damage|p1a: Urshifu|0 fnt
|faint|p1a: Urshifu
|-ability|p2b: Calyrex|Grim Neigh|boost
|-boost|p2b: Calyrex|spa|1
|
|upkeep
|
|t:|1750826980
|switch|p1a: Lunala|Lunala, L50|100/100
|turn|2
|
|t:|1750827004
|move|p2b: Calyrex|Protect|p2b: Calyrex
|-singleturn|p2b: Calyrex|Protect
|move|p1b: Talonflame|Brave Bird|p2b: Calyrex
|-activate|p2b: Calyrex|move: Protect
|move|p1a: Lunala|Moonblast|p2a: Incineroar
|-damage|p2a: Incineroar|63/100
|move|p2a: Incineroar|Knock Off|p1a: Lunala
|-supereffective|p1a: Lunala
|-damage|p1a: Lunala|35/100
|-enditem|p1a: Lunala|Choice Specs|[from] move: Knock Off|[of] p2a: Incineroar
|
|upkeep
|turn|3
|
|t:|1750827024
|switch|p2a: Raging Bolt|Raging Bolt, L50|100/100
|move|p1b: Talonflame|Taunt|p2a: Raging Bolt
|-start|p2a: Raging Bolt|move: Taunt
|move|p1a: Lunala|Moongeist Beam|p2b: Calyrex
|-supereffective|p2b: Calyrex
|-enditem|p2b: Calyrex|Focus Sash
|-damage|p2b: Calyrex|1/100
|move|p2b: Calyrex|Astral Barrage|p1b: Talonflame|[spread] p1a,p1b
|-supereffective|p1a: Lunala
|-damage|p1a: Lunala|0 fnt
|-damage|p1b: Talonflame|0 fnt
|faint|p1a: Lunala
|faint|p1b: Talonflame
|-ability|p2b: Calyrex|Grim Neigh|boost
|-boost|p2b: Calyrex|spa|2
|
|upkeep
|
|t:|1750827041
|switch|p1a: Terapagos|Terapagos, L50, M|100/100
|-activate|p1a: Terapagos|ability: Tera Shift
|detailschange|p1a: Terapagos|Terapagos-Terastal, L50, M
|-heal|p1a: Terapagos|100/100|[silent]
|turn|4
|inactive|o1iikdk1d has 30 seconds left.
|
|t:|1750827070
|move|p1a: Terapagos|Calm Mind|p1a: Terapagos
|-boost|p1a: Terapagos|spa|1
|-boost|p1a: Terapagos|spd|1
|move|p2b: Calyrex|Draining Kiss|p1a: Terapagos
|-activate|p1a: Terapagos|ability: Tera Shell
|-resisted|p1a: Terapagos
|-damage|p1a: Terapagos|87/100
|-heal|p2b: Calyrex|12/100|[from] drain|[of] p1a: Terapagos
|move|p2a: Raging Bolt|Snarl|p1a: Terapagos
|-damage|p1a: Terapagos|74/100
|-unboost|p1a: Terapagos|spa|1
|
|-sideend|p1: PROSPECTxONE|move: Tailwind
|upkeep
|turn|5
|
|t:|1750827088
|-terastallize|p1a: Terapagos|Stellar
|detailschange|p1a: Terapagos|Terapagos-Stellar, L50, M, tera:Stellar
|-heal|p1a: Terapagos|81/100|[silent]
|move|p2b: Calyrex|Dark Pulse|p1a: Terapagos
|-damage|p1a: Terapagos|45/100
|move|p1a: Terapagos|Tera Starstorm|p2b: Calyrex|[spread] p2a,p2b
|-damage|p2a: Raging Bolt|72/100
|-damage|p2b: Calyrex|0 fnt
|faint|p2b: Calyrex
|-damage|p1a: Terapagos|35/100|[from] item: Life Orb
|move|p2a: Raging Bolt|Snarl|p1a: Terapagos
|-damage|p1a: Terapagos|26/100
|-unboost|p1a: Terapagos|spa|1
|
|-end|p2a: Raging Bolt|move: Taunt
|upkeep
|-message|PROSPECTxONE forfeited.
|
|win|o1iikdk1d
|raw|PROSPECTxONE's rating: 1197 &rarr; <strong>1179</strong><br />(-18 for losing)
|raw|o1iikdk1d's rating: 1295 &rarr; <strong>1313</strong><br />(+18 for winning)
|l|☆PROSPECTxONE
|player|p1|
|l| ItachiUchiha2233
|l|☆o1iikdk1d
|player|p2|
