|j|☆korima-alt
|j|☆LasermanZ1
|t:|1750735263
|gametype|doubles
|player|p1|korima-alt|acetrainercouple|1100
|player|p2|LasermanZ1|ash|1119
|teamsize|p1|6
|teamsize|p2|6
|gen|9
|tier|[Gen 9] VGC 2025 Reg I
|rated|
|rule|Species Clause: Limit one of each Pokémon
|rule|Item Clause: Limit 1 of each item
|clearpoke
|poke|p1|Kyurem-White, L50|
|poke|p1|Ninetales-Alola, L50, F|
|poke|p1|Clefairy, L50, M|
|poke|p1|Rillaboom, L50, F|
|poke|p1|Calyrex-Ice, L50|
|poke|p1|Hitmontop, L50, M|
|poke|p2|Koraidon, L50|
|poke|p2|Terapagos, L50, M|
|poke|p2|Flutter Mane, L50|
|poke|p2|Rillaboom, L50, M|
|poke|p2|Incineroar, L50, F|
|poke|p2|Volcarona, L50, F|
|teampreview|4
korima-alt rejected open team sheets.
|inactive|Battle timer is ON: inactive players will automatically lose when time's up. (requested by korima-alt)
|
|t:|1750735385
|start
|switch|p1a: Calyrex|Calyrex-Ice, L50|100/100
|switch|p1b: Clefairy|Clefairy, L50, M|100/100
|switch|p2a: Terapagos|Terapagos, L50, M|100/100
|switch|p2b: Incineroar|Incineroar, L50, F|100/100
|-activate|p2a: Terapagos|ability: Tera Shift
|detailschange|p2a: Terapagos|Terapagos-Terastal, L50, M
|-heal|p2a: Terapagos|100/100|[silent]
|-ability|p1a: Calyrex|As One
|-ability|p1a: Calyrex|Unnerve
|-ability|p2b: Incineroar|Intimidate|boost
|-fail|p1a: Calyrex|unboost|[from] item: Clear Amulet|[of] p1a: Calyrex
|-unboost|p1b: Clefairy|atk|1
|turn|1
|inactive|korima-alt has 30 seconds left.
|inactive|korima-alt has 20 seconds left.
|inactive|korima-alt has 15 seconds left.
|inactive|korima-alt has 10 seconds left.
|
|t:|1750735431
|move|p2b: Incineroar|Fake Out|p1a: Calyrex
|-damage|p1a: Calyrex|96/100
|move|p1b: Clefairy|Follow Me|p1b: Clefairy
|-singleturn|p1b: Clefairy|move: Follow Me
|move|p2a: Terapagos|Calm Mind|p2a: Terapagos
|-boost|p2a: Terapagos|spa|1
|-boost|p2a: Terapagos|spd|1
|cant|p1a: Calyrex|flinch
|
|upkeep
|turn|2
|
|t:|1750735449
|move|p1b: Clefairy|Follow Me|p1b: Clefairy
|-singleturn|p1b: Clefairy|move: Follow Me
|move|p2a: Terapagos|Calm Mind|p2a: Terapagos
|-boost|p2a: Terapagos|spa|1
|-boost|p2a: Terapagos|spd|1
|move|p2b: Incineroar|Taunt|p1b: Clefairy
|-start|p1b: Clefairy|move: Taunt
|move|p1a: Calyrex|Trick Room|p1a: Calyrex
|-fieldstart|move: Trick Room|[of] p1a: Calyrex
|
|upkeep
|turn|3
|inactive|LasermanZ1 has 30 seconds left.
|
|t:|1750735480
|switch|p1b: Ninetales|Ninetales-Alola, L50, F, shiny|100/100
|-weather|Snowscape|[from] ability: Snow Warning|[of] p1b: Ninetales
|-terastallize|p1a: Calyrex|Ice
|move|p1a: Calyrex|Glacial Lance|p2b: Incineroar|[spread] p2a,p2b
|-activate|p2a: Terapagos|ability: Tera Shell
|-resisted|p2a: Terapagos
|-resisted|p2b: Incineroar
|-damage|p2a: Terapagos|73/100
|-damage|p2b: Incineroar|71/100
|move|p2b: Incineroar|Knock Off|p1a: Calyrex
|-damage|p1a: Calyrex|79/100
|-enditem|p1a: Calyrex|Clear Amulet|[from] move: Knock Off|[of] p2b: Incineroar
|move|p2a: Terapagos|Calm Mind|p2a: Terapagos
|-boost|p2a: Terapagos|spa|1
|-boost|p2a: Terapagos|spd|1
|
|-weather|Snowscape|[upkeep]
|-heal|p2a: Terapagos|80/100|[from] item: Leftovers
|upkeep
|turn|4
|inactive|LasermanZ1 has 30 seconds left.
|
|t:|1750735514
|-terastallize|p2a: Terapagos|Stellar
|detailschange|p2a: Terapagos|Terapagos-Stellar, L50, M, tera:Stellar
|-heal|p2a: Terapagos|85/100|[silent]
|-ability|p2a: Terapagos|Teraform Zero
|-weather|none
|move|p1b: Ninetales|Helping Hand|p1a: Calyrex
|-singleturn|p1a: Calyrex|Helping Hand|[of] p1b: Ninetales
|move|p1a: Calyrex|Glacial Lance|p2b: Incineroar|[spread] p2a,p2b
|-resisted|p2b: Incineroar
|-crit|p2b: Incineroar
|-damage|p2a: Terapagos|23/100
|-damage|p2b: Incineroar|8/100
|move|p2b: Incineroar|U-turn|p1a: Calyrex
|-damage|p1a: Calyrex|68/100
|
|t:|1750735527
|switch|p2b: Volcarona|Volcarona, L50, F|100/100|[from] U-turn
|move|p2a: Terapagos|Tera Starstorm|p1b: Ninetales|[spread] p1a,p1b
|-supereffective|p1a: Calyrex
|-damage|p1a: Calyrex|0 fnt
|-damage|p1b: Ninetales|38/100
|faint|p1a: Calyrex
|
|-heal|p2a: Terapagos|30/100|[from] item: Leftovers
|upkeep
|
|t:|1750735531
|switch|p1a: Clefairy|Clefairy, L50, M|100/100
|turn|5
|
|t:|1750735549
|move|p1a: Clefairy|Heal Pulse|p1b: Ninetales
|-heal|p1b: Ninetales|88/100
|move|p2a: Terapagos|Tera Starstorm|p1a: Clefairy|[spread] p1a,p1b
|-damage|p1a: Clefairy|37/100
|-damage|p1b: Ninetales|37/100
|move|p2b: Volcarona|Struggle Bug|p1a: Clefairy|[spread] p1a,p1b
|-resisted|p1a: Clefairy
|-resisted|p1b: Ninetales
|-damage|p1a: Clefairy|30/100
|-damage|p1b: Ninetales|32/100
|-unboost|p1a: Clefairy|spa|1
|-unboost|p1b: Ninetales|spa|1
|move|p1b: Ninetales|Aurora Veil||[still]
|-fail|p1b: Ninetales
|
|-heal|p2a: Terapagos|36/100|[from] item: Leftovers
|upkeep
|turn|6
|
|t:|1750735567
|move|p1a: Clefairy|Heal Pulse|p1b: Ninetales
|-heal|p1b: Ninetales|82/100
|move|p2a: Terapagos|Tera Starstorm|p1a: Clefairy|[spread] p1a,p1b
|-crit|p1b: Ninetales
|-damage|p1a: Clefairy|0 fnt
|-damage|p1b: Ninetales|0 fnt
|faint|p1a: Clefairy
|faint|p1b: Ninetales
|move|p2b: Volcarona|Struggle Bug|p1: Clefairy|[notarget]
|-fail|p2b: Volcarona
|
|-heal|p2a: Terapagos|42/100|[from] item: Leftovers
|-fieldend|move: Trick Room
|upkeep
|
|t:|1750735572
|switch|p1a: Kyurem|Kyurem-White, L50|100/100
|-ability|p1a: Kyurem|Turboblaze
|turn|7
|-message|korima-alt forfeited.
|
|win|LasermanZ1
|raw|korima-alt's rating: 1100 &rarr; <strong>1076</strong><br />(-24 for losing)
|raw|LasermanZ1's rating: 1119 &rarr; <strong>1143</strong><br />(+24 for winning)
|l|☆korima-alt
|player|p1|
