|j|☆Redhoundoom
|j|☆ibzdibz
|t:|1750738621
|gametype|doubles
|player|p1|Redhoundoom|266|1453
|player|p2|ibzdibz|medium|1386
|teamsize|p1|6
|teamsize|p2|6
|gen|9
|tier|[Gen 9] VGC 2025 Reg I
|rated|
|rule|Species Clause: Limit one of each Pokémon
|rule|Item Clause: Limit 1 of each item
|clearpoke
|poke|p1|Incineroar, L50, F|
|poke|p1|Calyrex-Shadow, L50|
|poke|p1|Dondozo, L50, F|
|poke|p1|Tatsugiri, L50, M|
|poke|p1|Zamazenta-*, L50|
|poke|p1|Rillaboom, L50, M|
|poke|p2|Zamazenta-*, L50|
|poke|p2|Calyrex-Ice, L50|
|poke|p2|Oranguru, L50, F|
|poke|p2|Urshifu-*, L50, M|
|poke|p2|Clefairy, L50, F|
|poke|p2|Ursaluna, L50, M|
|teampreview|4
|inactive|Battle timer is ON: inactive players will automatically lose when time's up. (requested by Redhoundoom)
|inactive|Redhoundoom has 60 seconds left.
|inactive|ibzdibz has 60 seconds left.
|
|t:|1750738661
|start
|switch|p1a: 🤓|Calyrex-Shadow, L50|100/100
|switch|p1b: Dondito|Dondozo, L50, F|100/100
|switch|p2a: Oranguru|Oranguru, L50, F|100/100
|switch|p2b: Urshifu|Urshifu, L50, M|100/100
|-ability|p1a: 🤓|As One
|-ability|p1a: 🤓|Unnerve
|turn|1
|
|t:|1750738683
|switch|p1b: Voldemort|Incineroar, L50, F|100/100
|-ability|p1b: Voldemort|Intimidate|boost
|-fail|p2a: Oranguru|unboost|Attack|[from] ability: Inner Focus|[of] p2a: Oranguru
|-unboost|p2b: Urshifu|atk|1
|move|p1a: 🤓|Pollen Puff|p2b: Urshifu
|-damage|p2b: Urshifu|45/100
|move|p2b: Urshifu|Wicked Blow|p1b: Voldemort
|-resisted|p1b: Voldemort
|-crit|p1b: Voldemort
|-damage|p1b: Voldemort|68/100
|move|p2a: Oranguru|Trick Room|p2a: Oranguru
|-fieldstart|move: Trick Room|[of] p2a: Oranguru
|
|upkeep
|turn|2
|inactive|Redhoundoom has 30 seconds left.
|inactive|ibzdibz has 30 seconds left.
|inactive|Redhoundoom has 20 seconds left.
|
|t:|1750738719
|switch|p2b: Ursaluna|Ursaluna, L50, M, shiny|100/100
|move|p2a: Oranguru|Foul Play|p1a: 🤓
|-supereffective|p1a: 🤓
|-damage|p1a: 🤓|23/100
|move|p1b: Voldemort|Knock Off|p2a: Oranguru
|-supereffective|p2a: Oranguru
|-damage|p2a: Oranguru|33/100
|-enditem|p2a: Oranguru|Mental Herb|[from] move: Knock Off|[of] p1b: Voldemort
|move|p1a: 🤓|Pollen Puff|p2b: Ursaluna
|-damage|p2b: Ursaluna|66/100
|
|-status|p2b: Ursaluna|brn|[from] item: Flame Orb
|upkeep
|turn|3
|inactive|Redhoundoom has 30 seconds left.
|inactive|Redhoundoom has 20 seconds left.
|
|t:|1750738755
|switch|p1b: HomerMmmm|Tatsugiri, L50, M|100/100
|switch|p1a: Dondito|Dondozo, L50, F|100/100
|-activate|p1b: HomerMmmm|ability: Commander|[of] p1a: Dondito
|-boost|p1a: Dondito|atk|2
|-boost|p1a: Dondito|spa|2
|-boost|p1a: Dondito|spe|2
|-boost|p1a: Dondito|def|2
|-boost|p1a: Dondito|spd|2
|move|p2b: Ursaluna|Headlong Rush|p1b: HomerMmmm|[miss]
|-miss|p2b: Ursaluna|p1b: HomerMmmm
|move|p2a: Oranguru|Instruct|p2b: Ursaluna
|-singleturn|p2b: Ursaluna|move: Instruct|[of] p2a: Oranguru
|move|p2b: Ursaluna|Headlong Rush|p1b: HomerMmmm|[miss]
|-miss|p2b: Ursaluna|p1b: HomerMmmm
|
|-damage|p2b: Ursaluna|61/100 brn|[from] brn
|upkeep
|turn|4
|
|t:|1750738779
|move|p2b: Ursaluna|Facade|p1a: Dondito
|-damage|p1a: Dondito|59/100
|move|p2a: Oranguru|Instruct|p2b: Ursaluna
|-singleturn|p2b: Ursaluna|move: Instruct|[of] p2a: Oranguru
|move|p2b: Ursaluna|Facade|p1a: Dondito
|-damage|p1a: Dondito|17/100
|move|p1a: Dondito|Waterfall|p2b: Ursaluna
|-supereffective|p2b: Ursaluna
|-damage|p2b: Ursaluna|0 fnt
|faint|p2b: Ursaluna
|
|-heal|p1a: Dondito|24/100|[from] item: Leftovers
|upkeep
|
|t:|1750738799
|switch|p2b: Urshifu|Urshifu, L50, M|45/100
|turn|5
|inactive|Redhoundoom has 30 seconds left.
|
|t:|1750738830
|move|p2a: Oranguru|Foul Play|p1a: Dondito
|-damage|p1a: Dondito|14/100
|move|p1a: Dondito|Order Up|p2a: Oranguru
|-damage|p2a: Oranguru|0 fnt
|faint|p2a: Oranguru
|-boost|p1a: Dondito|atk|1
|move|p2b: Urshifu|Wicked Blow|p1a: Dondito
|-crit|p1a: Dondito
|-damage|p1a: Dondito|0 fnt
|faint|p1a: Dondito
|
|-fieldend|move: Trick Room
|upkeep
|
|t:|1750738847
|switch|p2a: Calyrex|Calyrex-Ice, L50|100/100
|switch|p1a: Voldemort|Incineroar, L50, F|68/100
|-ability|p2a: Calyrex|As One
|-ability|p2a: Calyrex|Unnerve
|-ability|p1a: Voldemort|Intimidate|boost
|-fail|p2a: Calyrex|unboost|[from] item: Clear Amulet|[of] p2a: Calyrex
|-unboost|p2b: Urshifu|atk|1
|turn|6
|inactive|Redhoundoom has 30 seconds left.
|
|t:|1750738877
|move|p2b: Urshifu|Detect|p2b: Urshifu
|-singleturn|p2b: Urshifu|Protect
|move|p2a: Calyrex|Protect|p2a: Calyrex
|-singleturn|p2a: Calyrex|Protect
|move|p1b: HomerMmmm|Taunt|p2a: Calyrex
|-activate|p2a: Calyrex|move: Protect
|move|p1a: Voldemort|Flare Blitz|p2b: Urshifu
|-activate|p2b: Urshifu|move: Protect
|
|upkeep
|turn|7
|
|t:|1750738895
|-terastallize|p2a: Calyrex|Fire
|move|p1b: HomerMmmm|Taunt|p2a: Calyrex
|-start|p2a: Calyrex|move: Taunt
|move|p2b: Urshifu|Close Combat|p1b: HomerMmmm
|-damage|p1b: HomerMmmm|14/100
|-unboost|p2b: Urshifu|def|1
|-unboost|p2b: Urshifu|spd|1
|move|p1a: Voldemort|Flare Blitz|p2b: Urshifu
|-damage|p2b: Urshifu|0 fnt
|faint|p2b: Urshifu
|-damage|p1a: Voldemort|55/100|[from] Recoil
|move|p2a: Calyrex|Glacial Lance|p1a: Voldemort|[spread] p1a,p1b
|-resisted|p1a: Voldemort
|-damage|p1a: Voldemort|28/100
|-damage|p1b: HomerMmmm|0 fnt
|faint|p1b: HomerMmmm
|-ability|p2a: Calyrex|Chilling Neigh|boost
|-boost|p2a: Calyrex|atk|1
|
|upkeep
|
|t:|1750738909
|switch|p1b: 🤓|Calyrex-Shadow, L50|23/100
|-ability|p1b: 🤓|As One
|-ability|p1b: 🤓|Unnerve
|turn|8
|inactive|Redhoundoom has 30 seconds left.
|inactive|Redhoundoom has 20 seconds left.
|
|t:|1750738946
|-terastallize|p1b: 🤓|Ghost
|move|p1b: 🤓|Astral Barrage|p2a: Calyrex
|-damage|p2a: Calyrex|33/100
|move|p1a: Voldemort|Knock Off|p2a: Calyrex
|-damage|p2a: Calyrex|11/100
|-enditem|p2a: Calyrex|Clear Amulet|[from] move: Knock Off|[of] p1a: Voldemort
|move|p2a: Calyrex|Glacial Lance|p1a: Voldemort|[spread] p1a,p1b
|-resisted|p1a: Voldemort
|-damage|p1a: Voldemort|0 fnt
|-damage|p1b: 🤓|0 fnt
|faint|p1a: Voldemort
|faint|p1b: 🤓
|
|win|ibzdibz
|raw|Redhoundoom's rating: 1453 &rarr; <strong>1429</strong><br />(-24 for losing)
|raw|ibzdibz's rating: 1386 &rarr; <strong>1410</strong><br />(+24 for winning)
|c|☆ibzdibz|peeta
|c|☆ibzdibz|the horse is here
|l|☆Redhoundoom
|player|p1|
|l|☆ibzdibz
|player|p2|
