|j|☆sheepie_sheep
|j|☆little_pichu1
|t:|1750807577
|gametype|doubles
|player|p1|sheepie_sheep|acerola-masters2|
|player|p2|little_pichu1|backersf|
|teamsize|p1|6
|teamsize|p2|6
|gen|9
|tier|[Gen 9] VGC 2025 Reg I
|rated|Tournament battle
|rule|Species Clause: Limit one of each Pokémon
|rule|Item Clause: Limit 1 of each item
|raw|<div class="infobox"><details class="readmore" open><summary><strong>2 custom rules:</strong></summary> Force Open Team Sheets, !Open Team Sheets</details></div>
|clearpoke
|poke|p1|Koraidon, L50|
|poke|p1|Calyrex-Shadow, L50|
|poke|p1|Chi-Yu, L50|
|poke|p1|Flutter Mane, L50|
|poke|p1|Ogerpon-Cornerstone, L50, F|
|poke|p1|Indeedee-F, L50, F|
|poke|p2|Miraidon, L50|
|poke|p2|Lunala, L50|
|poke|p2|Incineroar, L50, F|
|poke|p2|Ursaluna, L50, F|
|poke|p2|Whimsicott, L50, F|
|poke|p2|Urshifu-*, L50, M|
|teampreview|4
|showteam|p1|Koraidon||ClearAmulet|OrichalcumPulse|FlameCharge,CollisionCourse,Protect,FlareBlitz||||||50|,,,,,Fire]Calyrex-Shadow||LifeOrb|AsOneSpectrier|ShadowBall,Protect,AstralBarrage,ExpandingForce||||||50|,,,,,Stellar]Chi-Yu||ChoiceScarf|BeadsofRuin|Snarl,DarkPulse,Overheat,HeatWave||||||50|,,,,,Ghost]Flutter Mane||BoosterEnergy|Protosynthesis|Moonblast,IcyWind,ShadowBall,Protect||||||50|,,,,,Normal]Ogerpon-Cornerstone||CornerstoneMask|Sturdy|FollowMe,IvyCudgel,PowerWhip,SpikyShield|||F|||50|,,,,,Rock]Indeedee-F||FocusSash|PsychicSurge|FollowMe,TrickRoom,Imprison,HelpingHand|||F|||50|,,,,,Grass
|showteam|p2|Miraidon||ChoiceSpecs|HadronEngine|ElectroDrift,DracoMeteor,VoltSwitch,DazzlingGleam||||||50|,,,,,Fairy]Lunala||ElectricSeed|ShadowShield|MoongeistBeam,Moonblast,WideGuard,TrickRoom||||||50|,,,,,Fairy]Incineroar||AssaultVest|Intimidate|KnockOff,FakeOut,Uturn,FlareBlitz|||F|||50|,,,,,Flying]Ursaluna||FlameOrb|Guts|Facade,HeadlongRush,Earthquake,Protect|||F|||50|,,,,,Ghost]Whimsicott||CovertCloak|Prankster|Tailwind,Moonblast,Encore,LightScreen|||F|||50|,,,,,Water]Urshifu-Rapid-Strike||ChoiceBand|UnseenFist|SurgingStrikes,CloseCombat,AquaJet,Uturn|||M|||50|,,,,,Ghost
|j| N0rthana
|c|☆little_pichu1|Glhf
|c|☆sheepie_sheep|glhf
|j| HDX4
|j| ryuki the goat
|j| TheParasectKing
|j| Indigo Flask
|
|t:|1750807620
|start
|switch|p1a: Calyrex|Calyrex-Shadow, L50|100/100
|switch|p1b: Indeedee|Indeedee-F, L50, F|100/100
|switch|p2a: Miraidon|Miraidon, L50|100/100
|switch|p2b: Lunala|Lunala, L50|100/100
|-ability|p1a: Calyrex|As One
|-ability|p1a: Calyrex|Unnerve
|-fieldstart|move: Electric Terrain|[from] ability: Hadron Engine|[of] p2a: Miraidon
|-enditem|p2b: Lunala|Electric Seed
|-boost|p2b: Lunala|def|1|[from] item: Electric Seed
|-fieldstart|move: Psychic Terrain|[from] ability: Psychic Surge|[of] p1b: Indeedee
|turn|1
|
|t:|1750807642
|move|p1a: Calyrex|Protect|p1a: Calyrex
|-singleturn|p1a: Calyrex|Protect
|move|p2b: Lunala|Wide Guard|p2b: Lunala
|-singleturn|p2b: Lunala|Wide Guard
|move|p2a: Miraidon|Electro Drift|p1b: Indeedee
|-damage|p1b: Indeedee|9/100
|move|p1b: Indeedee|Imprison|p1b: Indeedee
|-start|p1b: Indeedee|move: Imprison
|
|upkeep
|turn|2
|j| imgoldshark07
|c| ryuki the goat|lunala is proboly going to tera
|l| N0rthana
|raw|<div class="broadcast-red"><strong>Moderated chat was set to +!</strong><br />Only users of rank + and higher can talk.</div>
|c|☆sheepie_sheep|don't backseat
|
|t:|1750807672
|switch|p2a: Ursaluna|Ursaluna, L50, F|100/100
|-terastallize|p1a: Calyrex|Stellar
|-terastallize|p2b: Lunala|Fairy
|move|p1b: Indeedee|Follow Me|p1b: Indeedee
|-singleturn|p1b: Indeedee|move: Follow Me
|move|p1a: Calyrex|Shadow Ball|p2a: Ursaluna
|-immune|p2a: Ursaluna
|move|p2b: Lunala|Moonblast|p1b: Indeedee
|-damage|p1b: Indeedee|0 fnt
|faint|p1b: Indeedee
|
|-status|p2a: Ursaluna|brn|[from] item: Flame Orb
|upkeep
|
|t:|1750807677
|switch|p1b: Koraidon|Koraidon, L50|100/100
|-weather|SunnyDay|[from] ability: Orichalcum Pulse|[of] p1b: Koraidon
|-activate|p1b: Koraidon|Orichalcum Pulse|[source]
|turn|3
|
|t:|1750807706
|switch|p2a: Incineroar|Incineroar, L50, F|100/100
|-ability|p2a: Incineroar|Intimidate|boost
|-unboost|p1a: Calyrex|atk|1
|-fail|p1b: Koraidon|unboost|[from] item: Clear Amulet|[of] p1b: Koraidon
|move|p1a: Calyrex|Shadow Ball|p2b: Lunala
|-damage|p2b: Lunala|77/100
|-damage|p1a: Calyrex|91/100|[from] item: Life Orb
|move|p1b: Koraidon|Flare Blitz|p2b: Lunala
|-damage|p2b: Lunala|28/100
|-damage|p1b: Koraidon|78/100|[from] Recoil
|move|p2b: Lunala|Trick Room|p2b: Lunala
|-fieldstart|move: Trick Room|[of] p2b: Lunala
|
|-weather|SunnyDay|[upkeep]
|upkeep
|turn|4
|
|t:|1750807725
|switch|p1a: Ogerpon|Ogerpon-Cornerstone, L50, F|100/100
|move|p1b: Koraidon|Protect|p1b: Koraidon
|-singleturn|p1b: Koraidon|Protect
|move|p2a: Incineroar|Fake Out|p1b: Koraidon
|-activate|p1b: Koraidon|move: Psychic Terrain
|move|p2b: Lunala|Moongeist Beam|p1a: Ogerpon
|-damage|p1a: Ogerpon|30/100
|
|-weather|SunnyDay|[upkeep]
|upkeep
|turn|5
|
|t:|1750807741
|switch|p1b: Calyrex|Calyrex-Shadow, L50, tera:Stellar|91/100
|-ability|p1b: Calyrex|As One
|-ability|p1b: Calyrex|Unnerve
|move|p1a: Ogerpon|Spiky Shield|p1a: Ogerpon
|-singleturn|p1a: Ogerpon|move: Protect
|move|p2a: Incineroar|Knock Off|p1b: Calyrex
|-supereffective|p1b: Calyrex
|-crit|p1b: Calyrex
|-damage|p1b: Calyrex|0 fnt
|-enditem|p1b: Calyrex|Life Orb|[from] move: Knock Off|[of] p2a: Incineroar
|faint|p1b: Calyrex
|move|p2b: Lunala|Moongeist Beam|p1a: Ogerpon
|-activate|p1a: Ogerpon|move: Protect
|
|-weather|SunnyDay|[upkeep]
|-fieldend|move: Psychic Terrain
|upkeep
|c|☆sheepie_sheep|damn that was risky lmao
|c|☆sheepie_sheep|I respect it
|c|☆little_pichu1|Yeah
|c|☆little_pichu1|Gg
|c|☆sheepie_sheep|I mean tbh tho
|c|☆sheepie_sheep|flare blitz + moonblast just alwasy won
|c|☆sheepie_sheep|so it was unnecessary
|c|☆sheepie_sheep|to risk
|inactive|Battle timer is ON: inactive players will automatically lose when time's up. (requested by little_pichu1)
|c|☆sheepie_sheep|ggwp
|
|t:|1750807792
|switch|p1b: Koraidon|Koraidon, L50|78/100
|-activate|p1b: Koraidon|ability: Orichalcum Pulse
|turn|6
|c|☆little_pichu1|Wp
|
|t:|1750807811
|move|p1a: Ogerpon|Spiky Shield||[still]
|-fail|p1a: Ogerpon
|move|p1b: Koraidon|Protect|p1b: Koraidon
|-singleturn|p1b: Koraidon|Protect
|move|p2a: Incineroar|Flare Blitz|p1a: Ogerpon
|-damage|p1a: Ogerpon|0 fnt
|faint|p1a: Ogerpon
|-damage|p2a: Incineroar|93/100|[from] Recoil
|move|p2b: Lunala|Moonblast|p1b: Koraidon
|-activate|p1b: Koraidon|move: Protect
|
|-weather|SunnyDay|[upkeep]
|upkeep
|turn|7
|c|☆sheepie_sheep|nah I stuffed up from t1
|c|☆sheepie_sheep|and then got read
|c|☆sheepie_sheep|that wasn't wp
|
|t:|1750807825
|move|p1b: Koraidon|Protect||[still]
|-fail|p1b: Koraidon
|move|p2a: Incineroar|U-turn|p1b: Koraidon
|-resisted|p1b: Koraidon
|-damage|p1b: Koraidon|68/100
|
|t:|1750807830
|switch|p2a: Miraidon|Miraidon, L50|100/100|[from] U-turn
|-fieldstart|move: Electric Terrain|[from] ability: Hadron Engine|[of] p2a: Miraidon
|move|p2b: Lunala|Moonblast|p1b: Koraidon
|-supereffective|p1b: Koraidon
|-damage|p1b: Koraidon|0 fnt
|faint|p1b: Koraidon
|
|win|little_pichu1
|n|☆sheepie_sheep|sheepiesheep
|n|☆little_pichu1|littlepichu1
