|j|☆limaozin140794
|j|☆bman311
|t:|1750818285
|gametype|doubles
|player|p1|limaozin140794|101|1471
|player|p2|bman311|elesa-masters|1566
|teamsize|p1|6
|teamsize|p2|6
|gen|9
|tier|[Gen 9] VGC 2025 Reg I
|rated|
|rule|Species Clause: Limit one of each Pokémon
|rule|Item Clause: Limit 1 of each item
|clearpoke
|poke|p1|Whimsicott, L50, M|
|poke|p1|Calyrex-Shadow, L50|
|poke|p1|Zamazenta-*, L50|
|poke|p1|Flutter Mane, L50|
|poke|p1|Chi-Yu, L50|
|poke|p1|Urshifu-*, L50, F|
|poke|p2|Miraidon, L50|
|poke|p2|Lunala, L50|
|poke|p2|Incineroar, L50, F|
|poke|p2|Ursaluna, L50, M|
|poke|p2|Urshifu-*, L50, M|
|poke|p2|Whimsicott, L50, F|
|teampreview|4
|inactive|Battle timer is ON: inactive players will automatically lose when time's up. (requested by bman311)
|
|t:|1750818297
|start
|switch|p1a: Whimsicott|Whimsicott, L50, M|100/100
|switch|p1b: Chi-Yu|Chi-Yu, L50|100/100
|switch|p2a: Lunala|Lunala, L50|100/100
|switch|p2b: Incineroar|Incineroar, L50, F|100/100
|-ability|p1b: Chi-Yu|Beads of Ruin
|-ability|p2b: Incineroar|Intimidate|boost
|-unboost|p1a: Whimsicott|atk|1
|-unboost|p1b: Chi-Yu|atk|1
|turn|1
|
|t:|1750818312
|-terastallize|p2a: Lunala|Fairy
|move|p1b: Chi-Yu|Protect|p1b: Chi-Yu
|-singleturn|p1b: Chi-Yu|Protect
|move|p1a: Whimsicott|Taunt|p2a: Lunala
|-start|p2a: Lunala|move: Taunt
|move|p2b: Incineroar|Flare Blitz|p1a: Whimsicott
|-supereffective|p1a: Whimsicott
|-enditem|p1a: Whimsicott|Focus Sash
|-damage|p1a: Whimsicott|1/100
|-damage|p2b: Incineroar|78/100|[from] Recoil
|cant|p2a: Lunala|move: Taunt|Trick Room
|
|upkeep
|turn|2
|
|t:|1750818326
|move|p1a: Whimsicott|Endeavor|p2a: Lunala
|-damage|p2a: Lunala|1/100
|move|p1b: Chi-Yu|Heat Wave|p2b: Incineroar|[spread] p2a,p2b
|-resisted|p2b: Incineroar
|-damage|p2a: Lunala|0 fnt
|-damage|p2b: Incineroar|58/100
|faint|p2a: Lunala
|-damage|p1b: Chi-Yu|91/100|[from] item: Life Orb
|move|p2b: Incineroar|U-turn|p1b: Chi-Yu
|-damage|p1b: Chi-Yu|57/100
|
|t:|1750818331
|switch|p2b: Miraidon|Miraidon, L50|100/100|[from] U-turn
|-fieldstart|move: Electric Terrain|[from] ability: Hadron Engine|[of] p2b: Miraidon
|
|upkeep
|
|t:|1750818332
|switch|p2a: Incineroar|Incineroar, L50, F|58/100
|-ability|p2a: Incineroar|Intimidate|boost
|-unboost|p1a: Whimsicott|atk|1
|-unboost|p1b: Chi-Yu|atk|1
|turn|3
|
|t:|1750818343
|move|p1b: Chi-Yu|Protect|p1b: Chi-Yu
|-singleturn|p1b: Chi-Yu|Protect
|move|p2a: Incineroar|Fake Out|p1a: Whimsicott
|-damage|p1a: Whimsicott|0 fnt
|faint|p1a: Whimsicott
|move|p2b: Miraidon|Volt Switch|p1b: Chi-Yu
|-activate|p1b: Chi-Yu|move: Protect
|
|upkeep
|
|t:|1750818352
|switch|p1a: Zamazenta|Zamazenta-Crowned, L50|100/100
|-ability|p1a: Zamazenta|Dauntless Shield|boost
|-boost|p1a: Zamazenta|def|1
|turn|4
|
|t:|1750818359
|-terastallize|p1b: Chi-Yu|Ground
|move|p2b: Miraidon|Volt Switch|p1a: Zamazenta
|-damage|p1a: Zamazenta|2/100
|
|t:|1750818362
|switch|p2b: Ursaluna|Ursaluna, L50, M|100/100|[from] Volt Switch
|move|p1a: Zamazenta|Body Press|p2a: Incineroar
|-supereffective|p2a: Incineroar
|-damage|p2a: Incineroar|0 fnt
|faint|p2a: Incineroar
|move|p1b: Chi-Yu|Tera Blast|p2b: Ursaluna|[anim] Tera Blast Ground
|-damage|p2b: Ursaluna|32/100
|-damage|p1b: Chi-Yu|47/100|[from] item: Life Orb
|
|-status|p2b: Ursaluna|brn|[from] item: Flame Orb
|upkeep
|
|t:|1750818364
|switch|p2a: Miraidon|Miraidon, L50|100/100
|-activate|p2a: Miraidon|ability: Hadron Engine
|turn|5
|
|t:|1750818381
|move|p1a: Zamazenta|Wide Guard|p1a: Zamazenta
|-singleturn|p1a: Zamazenta|Wide Guard
|move|p2a: Miraidon|Dazzling Gleam|p1a: Zamazenta|[spread] 
|-activate|p1a: Zamazenta|move: Wide Guard
|-activate|p1b: Chi-Yu|move: Wide Guard
|move|p1b: Chi-Yu|Tera Blast|p2a: Miraidon|[anim] Tera Blast Ground
|-supereffective|p2a: Miraidon
|-damage|p2a: Miraidon|0 fnt
|faint|p2a: Miraidon
|-damage|p1b: Chi-Yu|37/100|[from] item: Life Orb
|move|p2b: Ursaluna|Headlong Rush|p1a: Zamazenta
|-supereffective|p1a: Zamazenta
|-damage|p1a: Zamazenta|0 fnt
|-unboost|p2b: Ursaluna|def|1
|-unboost|p2b: Ursaluna|spd|1
|faint|p1a: Zamazenta
|
|-damage|p2b: Ursaluna|26/100 brn|[from] brn
|upkeep
|-message|bman311 forfeited.
|
|win|limaozin140794
|raw|limaozin140794's rating: 1471 &rarr; <strong>1496</strong><br />(+25 for winning)
|raw|bman311's rating: 1566 &rarr; <strong>1541</strong><br />(-25 for losing)
