|j|☆Zeropoke7310
|j|☆Rotomotopoto
|t:|1750737695
|gametype|doubles
|player|p1|Zeropoke7310|steven|1459
|player|p2|Rotomotopoto|cynthia|1446
|teamsize|p1|6
|teamsize|p2|6
|gen|9
|tier|[Gen 9] VGC 2025 Reg I
|rated|
|rule|Species Clause: Limit one of each Pokémon
|rule|Item Clause: Limit 1 of each item
|clearpoke
|poke|p1|Miraidon, L50|
|poke|p1|Lunala, L50|
|poke|p1|Incineroar, L50, M|
|poke|p1|Urshifu-*, L50, F|
|poke|p1|Ursaluna, L50, M|
|poke|p1|Whimsicott, L50, F|
|poke|p2|Lunala, L50|
|poke|p2|Ursaluna, L50, F|
|poke|p2|Urshifu-*, L50, F|
|poke|p2|Miraidon, L50|
|poke|p2|Grimmsnarl, L50, M|
|poke|p2|Incineroar, L50, F|
|teampreview|4
|
|t:|1750737723
|start
|switch|p1a: Whimsicott|Whimsicott, L50, F|100/100
|switch|p1b: Miraidon|Miraidon, L50|100/100
|switch|p2a: Grimmsnarl|Grimmsnarl, L50, M|100/100
|switch|p2b: Lunala|Lunala, L50|100/100
|-fieldstart|move: Electric Terrain|[from] ability: Hadron Engine|[of] p1b: Miraidon
|-enditem|p2b: Lunala|Electric Seed
|-boost|p2b: Lunala|def|1|[from] item: Electric Seed
|turn|1
|
|t:|1750737751
|move|p1a: Whimsicott|Light Screen|p1a: Whimsicott
|-sidestart|p1: Zeropoke7310|move: Light Screen
|move|p2a: Grimmsnarl|Light Screen|p2a: Grimmsnarl
|-sidestart|p2: Rotomotopoto|move: Light Screen
|move|p1b: Miraidon|Volt Switch|p2a: Grimmsnarl
|-damage|p2a: Grimmsnarl|42/100
|
|t:|1750737768
|switch|p1b: Lunala|Lunala, L50|100/100|[from] Volt Switch
|-enditem|p1b: Lunala|Electric Seed
|-boost|p1b: Lunala|def|1|[from] item: Electric Seed
|move|p2b: Lunala|Moonblast|p1b: Lunala
|-damage|p1b: Lunala|92/100
|
|upkeep
|turn|2
|
|t:|1750737789
|-terastallize|p2b: Lunala|Fairy
|move|p1a: Whimsicott|Encore|p2b: Lunala
|-start|p2b: Lunala|Encore
|move|p2a: Grimmsnarl|Thunder Wave|p1b: Lunala
|-status|p1b: Lunala|par
|move|p2b: Lunala|Moonblast|p1b: Lunala
|-damage|p1b: Lunala|67/100 par
|move|p1b: Lunala|Moonblast|p2a: Grimmsnarl
|-supereffective|p2a: Grimmsnarl
|-damage|p2a: Grimmsnarl|0 fnt
|faint|p2a: Grimmsnarl
|
|upkeep
|
|t:|1750737799
|switch|p2a: Miraidon|Miraidon, L50|100/100
|-activate|p2a: Miraidon|ability: Hadron Engine
|turn|3
|
|t:|1750737819
|move|p1a: Whimsicott|Tailwind|p1a: Whimsicott
|-sidestart|p1: Zeropoke7310|move: Tailwind
|move|p2a: Miraidon|Snarl|p1b: Lunala|[spread] p1a,p1b
|-resisted|p1a: Whimsicott
|-supereffective|p1b: Lunala
|-damage|p1a: Whimsicott|94/100
|-damage|p1b: Lunala|28/100 par
|-unboost|p1b: Lunala|spa|1
|move|p1b: Lunala|Moonblast|p2a: Miraidon
|-supereffective|p2a: Miraidon
|-damage|p2a: Miraidon|84/100
|move|p2b: Lunala|Moonblast|p1a: Whimsicott
|-damage|p1a: Whimsicott|59/100
|
|upkeep
|turn|4
|
|t:|1750737843
|switch|p1b: Urshifu|Urshifu-Rapid-Strike, L50, F|100/100
|move|p1a: Whimsicott|Moonblast|p2a: Miraidon
|-supereffective|p2a: Miraidon
|-damage|p2a: Miraidon|64/100
|move|p2a: Miraidon|Snarl|p1b: Urshifu|[spread] p1a,p1b
|-resisted|p1a: Whimsicott
|-resisted|p1b: Urshifu
|-damage|p1a: Whimsicott|53/100
|-damage|p1b: Urshifu|92/100
|-unboost|p1b: Urshifu|spa|1
|move|p2b: Lunala|Moonblast|p1a: Whimsicott
|-damage|p1a: Whimsicott|20/100
|
|-end|p2b: Lunala|Encore
|upkeep
|turn|5
|
|t:|1750737873
|switch|p2a: Ursaluna|Ursaluna, L50, F|100/100
|-terastallize|p1b: Urshifu|Water
|move|p1a: Whimsicott|Moonblast|p2b: Lunala
|-damage|p2b: Lunala|94/100
|-unboost|p2b: Lunala|spa|1
|move|p1b: Urshifu|Surging Strikes|p2b: Lunala
|-crit|p2b: Lunala
|-damage|p2b: Lunala|59/100
|-crit|p2b: Lunala
|-damage|p2b: Lunala|26/100
|-crit|p2b: Lunala
|-damage|p2b: Lunala|0 fnt
|faint|p2b: Lunala
|-hitcount|p2: Lunala|3
|
|-sideend|p1: Zeropoke7310|move: Light Screen
|-fieldend|move: Electric Terrain
|-status|p2a: Ursaluna|brn|[from] item: Flame Orb
|upkeep
|
|t:|1750737880
|switch|p2b: Miraidon|Miraidon, L50|64/100
|-fieldstart|move: Electric Terrain|[from] ability: Hadron Engine|[of] p2b: Miraidon
|turn|6
|
|t:|1750737932
|switch|p1a: Miraidon|Miraidon, L50|100/100
|-activate|p1a: Miraidon|ability: Hadron Engine
|move|p1b: Urshifu|Surging Strikes|p2a: Ursaluna
|-supereffective|p2a: Ursaluna
|-crit|p2a: Ursaluna
|-damage|p2a: Ursaluna|41/100 brn
|-supereffective|p2a: Ursaluna
|-crit|p2a: Ursaluna
|-damage|p2a: Ursaluna|0 fnt
|faint|p2a: Ursaluna
|-hitcount|p2: Ursaluna|2
|move|p2b: Miraidon|Electro Drift|p1a: Miraidon
|-resisted|p1a: Miraidon
|-damage|p1a: Miraidon|78/100
|
|-sideend|p1: Zeropoke7310|move: Tailwind
|upkeep
|turn|7
|
|t:|1750737954
|move|p1a: Miraidon|Draco Meteor|p2b: Miraidon
|-supereffective|p2b: Miraidon
|-damage|p2b: Miraidon|0 fnt
|-unboost|p1a: Miraidon|spa|2
|faint|p2b: Miraidon
|
|win|Zeropoke7310
|raw|Zeropoke7310's rating: 1459 &rarr; <strong>1478</strong><br />(+19 for winning)
|raw|Rotomotopoto's rating: 1446 &rarr; <strong>1427</strong><br />(-19 for losing)
|l|☆Rotomotopoto
|player|p2|
|l|☆Zeropoke7310
|player|p1|
