|j|☆comrade5
|j|☆xdenoniox
|t:|1750726949
|gametype|doubles
|player|p1|comrade5|2|1382
|player|p2|xdenoniox|lance|1508
|teamsize|p1|6
|teamsize|p2|6
|gen|9
|tier|[Gen 9] VGC 2025 Reg I
|rated|
|rule|Species Clause: Limit one of each Pokémon
|rule|Item Clause: Limit 1 of each item
|clearpoke
|poke|p1|Zamazenta-*, L50|
|poke|p1|Incineroar, L50, M|
|poke|p1|Urshifu-*, L50, F|
|poke|p1|Raichu, L50, M|
|poke|p1|Calyrex-Shadow, L50|
|poke|p1|Amoonguss, L50, M|
|poke|p2|Arcanine-Hisui, L50, F|
|poke|p2|Zamazenta-*, L50|
|poke|p2|Smeargle, L50, F|
|poke|p2|Calyrex-Shadow, L50|
|poke|p2|Rillaboom, L50, M|
|poke|p2|Raging Bolt, L50|
|teampreview|4
|
|t:|1750727014
|start
|switch|p1a: Raichu|Raichu, L50, M, shiny|100/100
|switch|p1b: Zamazenta|Zamazenta-Crowned, L50, shiny|100/100
|switch|p2a: Calyrex|Calyrex-Shadow, L50|100/100
|switch|p2b: Smeargle|Smeargle, L50, F|100/100
|-ability|p2a: Calyrex|As One
|-ability|p2a: Calyrex|Unnerve
|-ability|p1b: Zamazenta|Dauntless Shield|boost
|-boost|p1b: Zamazenta|def|1
|turn|1
|
|t:|1750727028
|move|p1a: Raichu|Fake Out|p2b: Smeargle
|-damage|p2b: Smeargle|83/100
|move|p2a: Calyrex|Psychic|p1b: Zamazenta
|-damage|p1b: Zamazenta|62/100
|move|p1b: Zamazenta|Body Press|p2b: Smeargle
|-supereffective|p2b: Smeargle
|-damage|p2b: Smeargle|0 fnt
|faint|p2b: Smeargle
|
|upkeep
|
|t:|1750727041
|switch|p2b: Zamazenta|Zamazenta-Crowned, L50|100/100
|-ability|p2b: Zamazenta|Dauntless Shield|boost
|-boost|p2b: Zamazenta|def|1
|turn|2
|
|t:|1750727058
|switch|p2a: Arcanine|Arcanine-Hisui, L50, F|100/100
|move|p1b: Zamazenta|Protect|p1b: Zamazenta
|-singleturn|p1b: Zamazenta|Protect
|move|p2b: Zamazenta|Body Press|p1b: Zamazenta
|-activate|p1b: Zamazenta|move: Protect
|move|p1a: Raichu|Nuzzle|p2a: Arcanine
|-damage|p2a: Arcanine|93/100
|-status|p2a: Arcanine|par
|
|upkeep
|turn|3
|
|t:|1750727082
|move|p2b: Zamazenta|Body Press|p1a: Raichu
|-enditem|p1a: Raichu|Focus Sash
|-damage|p1a: Raichu|1/100
|move|p1a: Raichu|Nuzzle|p2b: Zamazenta
|-damage|p2b: Zamazenta|98/100
|-status|p2b: Zamazenta|par
|move|p1b: Zamazenta|Body Press|p2b: Zamazenta
|-supereffective|p2b: Zamazenta
|-damage|p2b: Zamazenta|33/100 par
|move|p2a: Arcanine|Flare Blitz|p1b: Zamazenta
|-supereffective|p1b: Zamazenta
|-damage|p1b: Zamazenta|13/100
|-damage|p2a: Arcanine|83/100 par|[from] item: Life Orb
|
|upkeep
|turn|4
|
|t:|1750727105
|move|p2b: Zamazenta|Protect|p2b: Zamazenta
|-singleturn|p2b: Zamazenta|Protect
|move|p1a: Raichu|Endeavor|p2a: Arcanine
|-damage|p2a: Arcanine|1/100 par
|move|p1b: Zamazenta|Body Press|p2b: Zamazenta
|-activate|p2b: Zamazenta|move: Protect
|move|p2a: Arcanine|Flare Blitz|p1b: Zamazenta
|-supereffective|p1b: Zamazenta
|-damage|p1b: Zamazenta|0 fnt
|faint|p1b: Zamazenta
|-damage|p2a: Arcanine|0 fnt|[from] item: Life Orb
|faint|p2a: Arcanine
|
|upkeep
|
|t:|1750727121
|switch|p1b: Incineroar|Incineroar, L50, M, shiny|100/100
|switch|p2a: Calyrex|Calyrex-Shadow, L50|100/100
|-ability|p2a: Calyrex|As One
|-ability|p2a: Calyrex|Unnerve
|-ability|p1b: Incineroar|Intimidate|boost
|-unboost|p2a: Calyrex|atk|1
|-unboost|p2b: Zamazenta|atk|1
|turn|5
|
|t:|1750727146
|move|p2a: Calyrex|Astral Barrage|p1b: Incineroar|[spread] p1a,p1b
|-resisted|p1b: Incineroar
|-damage|p1a: Raichu|0 fnt
|-damage|p1b: Incineroar|74/100
|faint|p1a: Raichu
|-ability|p2a: Calyrex|Grim Neigh|boost
|-boost|p2a: Calyrex|spa|1
|move|p2b: Zamazenta|Body Press|p1b: Incineroar
|-supereffective|p1b: Incineroar
|-damage|p1b: Incineroar|0 fnt
|faint|p1b: Incineroar
|
|upkeep
|
|t:|1750727161
|switch|p1a: Calyrex|Calyrex-Shadow, L50|100/100
|-ability|p1a: Calyrex|As One
|-ability|p1a: Calyrex|Unnerve
|turn|6
|
|t:|1750727170
|-terastallize|p2a: Calyrex|Dark
|-terastallize|p1a: Calyrex|Normal
|move|p2a: Calyrex|Astral Barrage|p1a: Calyrex
|-immune|p1a: Calyrex
|move|p1a: Calyrex|Psychic|p2b: Zamazenta
|-damage|p2b: Zamazenta|0 fnt
|faint|p2b: Zamazenta
|-ability|p1a: Calyrex|Grim Neigh|boost
|-boost|p1a: Calyrex|spa|1
|-damage|p1a: Calyrex|91/100|[from] item: Life Orb
|
|upkeep
|turn|7
|
|t:|1750727207
|move|p2a: Calyrex|Astral Barrage|p1a: Calyrex
|-immune|p1a: Calyrex
|move|p1a: Calyrex|Astral Barrage|p2a: Calyrex
|-resisted|p2a: Calyrex
|-damage|p2a: Calyrex|39/100
|-damage|p1a: Calyrex|81/100|[from] item: Life Orb
|
|upkeep
|turn|8
|
|t:|1750727217
|move|p2a: Calyrex|Astral Barrage|p1a: Calyrex
|-immune|p1a: Calyrex
|move|p1a: Calyrex|Astral Barrage|p2a: Calyrex
|-resisted|p2a: Calyrex
|-damage|p2a: Calyrex|0 fnt
|faint|p2a: Calyrex
|-damage|p1a: Calyrex|72/100|[from] item: Life Orb
|
|win|comrade5
|raw|comrade5's rating: 1382 &rarr; <strong>1409</strong><br />(+27 for winning)
|raw|xdenoniox's rating: 1508 &rarr; <strong>1481</strong><br />(-27 for losing)
|l|☆xdenoniox
|player|p2|
