|j|☆calamity Jon
|j|☆WiFiRequired
|t:|1750829786
|gametype|doubles
|player|p1|calamity Jon|2|1160
|player|p2|WiFiRequired|steven|1170
|teamsize|p1|6
|teamsize|p2|6
|gen|9
|tier|[Gen 9] VGC 2025 Reg I
|rated|
|rule|Species Clause: Limit one of each Pokémon
|rule|Item Clause: Limit 1 of each item
|clearpoke
|poke|p1|Kyogre, L50|
|poke|p1|Ho-Oh, L50|
|poke|p1|Dusclops, L50, F|
|poke|p1|Raichu, L50, M|
|poke|p1|Hariyama, L50, F|
|poke|p1|Rhydon, L50, M|
|poke|p2|Metagross, L50|
|poke|p2|Kyogre, L50|
|poke|p2|Urshifu-*, L50, M|
|poke|p2|Zoroark-Hisui, L50, M|
|poke|p2|Landorus, L50, M|
|poke|p2|Salamence, L50, M|
|teampreview|4
|inactive|Battle timer is ON: inactive players will automatically lose when time's up. (requested by calamity Jon)
|inactive|calamity Jon has 60 seconds left.
|
|t:|1750829852
|start
|switch|p1a: Dusclops|Dusclops, L50, F|100/100
|switch|p1b: Hariyama|Hariyama, L50, F|100/100
|switch|p2a: Kyogre|Kyogre, L50|100/100
|switch|p2b: Landorus|Landorus, L50, M|100/100
|-weather|RainDance|[from] ability: Drizzle|[of] p2a: Kyogre
|-item|p2a: Kyogre|Splash Plate|[from] ability: Frisk|[of] p1a: Dusclops
|-item|p2b: Landorus|Life Orb|[from] ability: Frisk|[of] p1a: Dusclops
|turn|1
|
|t:|1750829864
|move|p1b: Hariyama|Wide Guard|p1b: Hariyama
|-singleturn|p1b: Hariyama|Wide Guard
|move|p2b: Landorus|Sandsear Storm|p1b: Hariyama|[spread] 
|-activate|p1a: Dusclops|move: Wide Guard
|-activate|p1b: Hariyama|move: Wide Guard
|move|p2a: Kyogre|Origin Pulse|p1b: Hariyama|[spread] 
|-activate|p1a: Dusclops|move: Wide Guard
|-activate|p1b: Hariyama|move: Wide Guard
|move|p1a: Dusclops|Trick Room|p1a: Dusclops
|-fieldstart|move: Trick Room|[of] p1a: Dusclops
|
|-weather|RainDance|[upkeep]
|-status|p1b: Hariyama|brn|[from] item: Flame Orb
|upkeep
|turn|2
|
|t:|1750829885
|-terastallize|p2a: Kyogre|Electric
|move|p1a: Dusclops|Night Shade|p2a: Kyogre
|-damage|p2a: Kyogre|76/100
|move|p1b: Hariyama|Facade|p2b: Landorus
|-damage|p2b: Landorus|13/100
|move|p2a: Kyogre|Thunder|p1b: Hariyama
|-damage|p1b: Hariyama|42/100 brn
|move|p2b: Landorus|Weather Ball|p1b: Hariyama
|-damage|p1b: Hariyama|0 fnt
|faint|p1b: Hariyama
|-damage|p2b: Landorus|4/100|[from] item: Life Orb
|
|-weather|RainDance|[upkeep]
|upkeep
|
|t:|1750829902
|switch|p1b: Ho-Oh|Ho-Oh, L50|100/100
|turn|3
|
|t:|1750829923
|-terastallize|p1b: Ho-Oh|Grass
|move|p1a: Dusclops|Night Shade|p2a: Kyogre
|-damage|p2a: Kyogre|52/100
|move|p2a: Kyogre|Origin Pulse|p1b: Ho-Oh|[spread] p1a,p1b
|-resisted|p1b: Ho-Oh
|-damage|p1a: Dusclops|25/100
|-damage|p1b: Ho-Oh|72/100
|move|p1b: Ho-Oh|Brave Bird|p2a: Kyogre
|-resisted|p2a: Kyogre
|-damage|p2a: Kyogre|25/100
|-damage|p1b: Ho-Oh|63/100|[from] Recoil
|move|p2b: Landorus|Weather Ball|p1a: Dusclops
|-damage|p1a: Dusclops|0 fnt
|faint|p1a: Dusclops
|-damage|p2b: Landorus|0 fnt|[from] item: Life Orb
|faint|p2b: Landorus
|
|-weather|RainDance|[upkeep]
|upkeep
|
|t:|1750829935
|switch|p1a: Kyogre|Kyogre, L50|100/100
|switch|p2b: Urshifu|Urshifu, L50, M|100/100
|turn|4
|
|t:|1750829946
|move|p2a: Kyogre|Protect|p2a: Kyogre
|-singleturn|p2a: Kyogre|Protect
|move|p1b: Ho-Oh|Sacred Fire|p2a: Kyogre
|-activate|p2a: Kyogre|move: Protect
|move|p1a: Kyogre|Water Spout|p2a: Kyogre|[spread] p2b
|-activate|p2a: Kyogre|move: Protect
|-damage|p2b: Urshifu|0 fnt
|faint|p2b: Urshifu
|
|-weather|RainDance|[upkeep]
|upkeep
|
|t:|1750829957
|switch|p2b: Ferrum|Metagross, L50, shiny|100/100
|turn|5
|
|t:|1750829982
|move|p1a: Kyogre|Protect|p1a: Kyogre
|-singleturn|p1a: Kyogre|Protect
|move|p2b: Ferrum|Meteor Mash|p1b: Ho-Oh
|-damage|p1b: Ho-Oh|12/100
|move|p2a: Kyogre|Thunder|p1a: Kyogre
|-activate|p1a: Kyogre|move: Protect
|move|p1b: Ho-Oh|Tailwind|p1b: Ho-Oh
|-sidestart|p1: calamity Jon|move: Tailwind
|
|-weather|none
|-fieldend|move: Trick Room
|upkeep
|turn|6
|
|t:|1750830000
|move|p1a: Kyogre|Water Spout|p2b: Ferrum|[spread] p2a,p2b
|-damage|p2a: Kyogre|0 fnt
|-damage|p2b: Ferrum|43/100
|faint|p2a: Kyogre
|move|p1b: Ho-Oh|Sacred Fire|p2b: Ferrum
|-supereffective|p2b: Ferrum
|-damage|p2b: Ferrum|0 fnt
|faint|p2b: Ferrum
|
|win|calamity Jon
|raw|calamity Jon's rating: 1160 &rarr; <strong>1186</strong><br />(+26 for winning)
|raw|WiFiRequired's rating: 1170 &rarr; <strong>1144</strong><br />(-26 for losing)
|l|☆calamity Jon
|player|p1|
