|j|☆drakkulll
|j|☆HeartPierce
|t:|1750781024
|gametype|doubles
|player|p1|drakkulll|giovanni|1360
|player|p2|HeartPierce|lady|1425
|teamsize|p1|6
|teamsize|p2|6
|gen|9
|tier|[Gen 9] VGC 2025 Reg I
|rated|
|rule|Species Clause: Limit one of each Pokémon
|rule|Item Clause: Limit 1 of each item
|clearpoke
|poke|p1|Mightyena, L50, M|
|poke|p1|Lycanroc-Midnight, L50, M|
|poke|p1|Tyranitar, L50, M|
|poke|p1|Lunala, L50|
|poke|p1|Zamazenta-*, L50|
|poke|p1|Raging Bolt, L50|
|poke|p2|Miraidon, L50|
|poke|p2|Calyrex-Ice, L50|
|poke|p2|Grimmsnarl, L50, M|
|poke|p2|Ogerpon-Wellspring, L50, F|
|poke|p2|Landorus, L50, M|
|poke|p2|Entei, L50|
|teampreview|4
|inactive|Battle timer is ON: inactive players will automatically lose when time's up. (requested by drakkulll)
|inactive|HeartPierce has 60 seconds left.
|inactive|drakkulll has 60 seconds left.
|
|t:|1750781086
|start
|switch|p1a: Roma|Tyranitar, L50, M|100/100
|switch|p1b: katulu|Lycanroc-Midnight, L50, M|100/100
|switch|p2a: Earthpowered|Miraidon, L50|100/100
|switch|p2b: Moonblasted|Grimmsnarl, L50, M|100/100
|-fieldstart|move: Electric Terrain|[from] ability: Hadron Engine|[of] p2a: Earthpowered
|-weather|Sandstorm|[from] ability: Sand Stream|[of] p1a: Roma
|turn|1
|inactive|drakkulll has 30 seconds left.
|inactive|HeartPierce has 30 seconds left.
|
|t:|1750781117
|move|p2b: Moonblasted|Reflect|p2b: Moonblasted
|-sidestart|p2: HeartPierce|Reflect
|move|p2a: Earthpowered|Electro Drift|p1a: Roma
|-damage|p1a: Roma|49/100
|move|p1b: katulu|Rock Slide|p2b: Moonblasted|[spread] p2a,p2b
|-damage|p2a: Earthpowered|70/100
|-damage|p2b: Moonblasted|67/100
|move|p1a: Roma|Knock Off|p2a: Earthpowered
|-damage|p2a: Earthpowered|35/100
|-enditem|p2a: Earthpowered|Choice Specs|[from] move: Knock Off|[of] p1a: Roma
|
|-weather|Sandstorm|[upkeep]
|-damage|p2a: Earthpowered|29/100|[from] Sandstorm
|-damage|p2b: Moonblasted|61/100|[from] Sandstorm
|upkeep
|turn|2
|inactive|HeartPierce has 30 seconds left.
|inactive|HeartPierce has 20 seconds left.
|
|t:|1750781153
|move|p2b: Moonblasted|Thunder Wave|p1b: katulu
|-status|p1b: katulu|par
|move|p2a: Earthpowered|Volt Switch|p1a: Roma
|-damage|p1a: Roma|23/100
|
|t:|1750781158
|switch|p2a: Blizzarded|Landorus, L50, M|100/100|[from] Volt Switch
|move|p1a: Roma|Rock Slide|p2a: Blizzarded|[spread] p2a,p2b
|-damage|p2a: Blizzarded|73/100
|-damage|p2b: Moonblasted|37/100
|move|p1b: katulu|Rock Slide|p2b: Moonblasted|[spread] p2a,p2b
|-damage|p2a: Blizzarded|39/100
|-damage|p2b: Moonblasted|1/100
|
|-weather|Sandstorm|[upkeep]
|-damage|p2b: Moonblasted|0 fnt|[from] Sandstorm
|faint|p2b: Moonblasted
|upkeep
|
|t:|1750781162
|switch|p2b: Earthpowered|Miraidon, L50|29/100
|-activate|p2b: Earthpowered|ability: Hadron Engine
|turn|3
|inactive|HeartPierce has 30 seconds left.
|
|t:|1750781190
|move|p2b: Earthpowered|Dragon Pulse|p1a: Roma
|-damage|p1a: Roma|0 fnt
|faint|p1a: Roma
|move|p2a: Blizzarded|Earth Power|p1b: katulu
|-supereffective|p1b: katulu
|-damage|p1b: katulu|0 fnt
|faint|p1b: katulu
|
|-weather|Sandstorm|[upkeep]
|-damage|p2b: Earthpowered|23/100|[from] Sandstorm
|upkeep
|
|t:|1750781194
|switch|p1b: Jesus|Lunala, L50|100/100
|switch|p1a: Patricio|Zamazenta-Crowned, L50|100/100
|-ability|p1a: Patricio|Dauntless Shield|boost
|-boost|p1a: Patricio|def|1
|turn|4
|inactive|drakkulll has 30 seconds left.
|inactive|HeartPierce has 30 seconds left.
|
|t:|1750781227
|move|p1a: Patricio|Protect|p1a: Patricio
|-singleturn|p1a: Patricio|Protect
|move|p2b: Earthpowered|Electro Drift|p1a: Patricio
|-activate|p1a: Patricio|move: Protect
|move|p2a: Blizzarded|Earth Power|p1a: Patricio
|-activate|p1a: Patricio|move: Protect
|move|p1b: Jesus|Trick Room|p1b: Jesus
|-fieldstart|move: Trick Room|[of] p1b: Jesus
|
|-weather|Sandstorm|[upkeep]
|-damage|p1b: Jesus|94/100|[from] Sandstorm
|-damage|p2b: Earthpowered|18/100|[from] Sandstorm
|upkeep
|turn|5
|
|t:|1750781252
|-terastallize|p1a: Patricio|Ghost
|move|p2a: Blizzarded|Protect|p2a: Blizzarded
|-singleturn|p2a: Blizzarded|Protect
|move|p1b: Jesus|Moongeist Beam|p2a: Blizzarded
|-activate|p2a: Blizzarded|move: Protect
|move|p1a: Patricio|Body Press|p2b: Earthpowered
|-damage|p2b: Earthpowered|0 fnt
|faint|p2b: Earthpowered
|
|-weather|none
|-fieldend|move: Electric Terrain
|upkeep
|
|t:|1750781262
|switch|p2b: Astral Barraged|Calyrex-Ice, L50|100/100
|-ability|p2b: Astral Barraged|As One
|-ability|p2b: Astral Barraged|Unnerve
|turn|6
|j| falafel hunk chunk
|
|t:|1750781282
|-terastallize|p2b: Astral Barraged|Fire
|move|p2b: Astral Barraged|Crunch|p1b: Jesus
|-supereffective|p1b: Jesus
|-damage|p1b: Jesus|0 fnt
|faint|p1b: Jesus
|-ability|p2b: Astral Barraged|Chilling Neigh|boost
|-boost|p2b: Astral Barraged|atk|1
|move|p1a: Patricio|Iron Defense|p1a: Patricio
|-boost|p1a: Patricio|def|2
|move|p2a: Blizzarded|Earth Power|p1a: Patricio
|-damage|p1a: Patricio|48/100
|
|upkeep
|turn|7
|
|t:|1750781299
|move|p2b: Astral Barraged|Crunch|p1a: Patricio
|-supereffective|p1a: Patricio
|-damage|p1a: Patricio|24/100
|move|p1a: Patricio|Body Press|p2a: Blizzarded
|-resisted|p2a: Blizzarded
|-damage|p2a: Blizzarded|2/100
|move|p2a: Blizzarded|Earth Power|p1a: Patricio
|-damage|p1a: Patricio|0 fnt
|faint|p1a: Patricio
|
|win|HeartPierce
|raw|drakkulll's rating: 1360 &rarr; <strong>1344</strong><br />(-16 for losing)
|raw|HeartPierce's rating: 1425 &rarr; <strong>1441</strong><br />(+16 for winning)
|l|☆drakkulll
|player|p1|
|l|☆HeartPierce
|player|p2|
