|j|☆alecfromkanto
|j|☆r200412030
|t:|1750826997
|gametype|doubles
|player|p1|alecfromkanto|cynthia|1381
|player|p2|r200412030|265|1290
|teamsize|p1|6
|teamsize|p2|6
|gen|9
|tier|[Gen 9] VGC 2025 Reg I
|rated|
|rule|Species Clause: Limit one of each Pokémon
|rule|Item Clause: Limit 1 of each item
|clearpoke
|poke|p1|Miraidon, L50|
|poke|p1|Incineroar, L50, M|
|poke|p1|Grimmsnarl, L50, M|
|poke|p1|Flutter Mane, L50|
|poke|p1|Groudon, L50|
|poke|p1|Iron Hands, L50|
|poke|p2|Calyrex-Ice, L50|
|poke|p2|Necrozma-Dawn-Wings, L50|
|poke|p2|Indeedee-F, L50, F|
|poke|p2|Alcremie, L50, F|
|poke|p2|Gallade, L50, M|
|poke|p2|Ursaluna, L50, M|
|teampreview|4
|inactive|Battle timer is ON: inactive players will automatically lose when time's up. (requested by alecfromkanto)
|inactive|alecfromkanto has 60 seconds left.
|inactive|r200412030 has 60 seconds left.
|inactive|r200412030 has 30 seconds left.
|inactive|r200412030 has 20 seconds left.
|inactive|r200412030 has 15 seconds left.
|inactive|r200412030 has 10 seconds left.
|
|t:|1750827079
|start
|switch|p1a: Incineroar|Incineroar, L50, M, shiny|100/100
|switch|p1b: Grimmsnarl|Grimmsnarl, L50, M, shiny|100/100
|switch|p2a: Indeedee|Indeedee-F, L50, F|100/100
|switch|p2b: Calyrex|Calyrex-Ice, L50|100/100
|-ability|p2b: Calyrex|As One
|-ability|p2b: Calyrex|Unnerve
|-fieldstart|move: Psychic Terrain|[from] ability: Psychic Surge|[of] p2a: Indeedee
|-ability|p1a: Incineroar|Intimidate|boost
|-unboost|p2a: Indeedee|atk|1
|-unboost|p2b: Calyrex|atk|1
|turn|1
|
|t:|1750827096
|switch|p1b: Miraidon|Miraidon, L50|100/100
|-fieldstart|move: Electric Terrain|[from] ability: Hadron Engine|[of] p1b: Miraidon
|move|p1a: Incineroar|Fake Out|p2b: Calyrex
|-damage|p2b: Calyrex|94/100
|move|p2a: Indeedee|Follow Me|p2a: Indeedee
|-singleturn|p2a: Indeedee|move: Follow Me
|cant|p2b: Calyrex|flinch
|
|upkeep
|turn|2
|inactive|alecfromkanto has 30 seconds left.
|inactive|r200412030 has 30 seconds left.
|inactive|alecfromkanto has 20 seconds left.
|
|t:|1750827133
|move|p2a: Indeedee|Follow Me|p2a: Indeedee
|-singleturn|p2a: Indeedee|move: Follow Me
|move|p1b: Miraidon|Volt Switch|p2a: Indeedee
|-damage|p2a: Indeedee|39/100
|-enditem|p2a: Indeedee|Eject Button
|
|t:|1750827143
|switch|p2a: Ursaluna|Ursaluna, L50, M|100/100
|move|p1a: Incineroar|Knock Off|p2b: Calyrex
|-supereffective|p2b: Calyrex
|-damage|p2b: Calyrex|44/100
|-enditem|p2b: Calyrex|Bright Powder|[from] move: Knock Off|[of] p1a: Incineroar
|move|p2b: Calyrex|Trick Room|p2b: Calyrex
|-fieldstart|move: Trick Room|[of] p2b: Calyrex
|
|-status|p2a: Ursaluna|brn|[from] item: Flame Orb
|upkeep
|turn|3
|inactive|alecfromkanto has 30 seconds left.
|
|t:|1750827170
|switch|p1b: Grimmsnarl|Grimmsnarl, L50, M, shiny|100/100
|move|p2a: Ursaluna|Headlong Rush|p1a: Incineroar
|-supereffective|p1a: Incineroar
|-crit|p1a: Incineroar
|-damage|p1a: Incineroar|0 fnt
|-unboost|p2a: Ursaluna|def|1
|-unboost|p2a: Ursaluna|spd|1
|faint|p1a: Incineroar
|move|p2b: Calyrex|Glacial Lance|p1b: Grimmsnarl
|-damage|p1b: Grimmsnarl|46/100
|
|-damage|p2a: Ursaluna|95/100 brn|[from] brn
|upkeep
|
|t:|1750827180
|switch|p1a: Iron Hands|Iron Hands, L50, shiny|100/100
|-activate|p1a: Iron Hands|ability: Quark Drive
|-start|p1a: Iron Hands|quarkdriveatk
|turn|4
|inactive|r200412030 has 30 seconds left.
|inactive|r200412030 has 20 seconds left.
|
|t:|1750827218
|switch|p2a: Indeedee|Indeedee-F, L50, F|39/100
|-fieldstart|move: Psychic Terrain|[from] ability: Psychic Surge|[of] p2a: Indeedee
|-end|p1a: Iron Hands|Quark Drive
|-terastallize|p1a: Iron Hands|Fairy
|move|p1b: Grimmsnarl|Reflect|p1b: Grimmsnarl
|-sidestart|p1: alecfromkanto|Reflect
|move|p2b: Calyrex|Glacial Lance|p1a: Iron Hands|[spread] p1a,p1b
|-damage|p1a: Iron Hands|85/100
|-damage|p1b: Grimmsnarl|19/100
|move|p1a: Iron Hands|Drain Punch|p2a: Indeedee
|-damage|p2a: Indeedee|0 fnt
|-heal|p1a: Iron Hands|98/100|[from] drain|[of] p2a: Indeedee
|faint|p2a: Indeedee
|
|upkeep
|
|t:|1750827235
|switch|p2a: Ursaluna|Ursaluna, L50, M|95/100 brn
|turn|5
|inactive|alecfromkanto has 30 seconds left.
|
|t:|1750827268
|switch|p1b: Miraidon|Miraidon, L50|100/100
|-fieldstart|move: Electric Terrain|[from] ability: Hadron Engine|[of] p1b: Miraidon
|-activate|p1a: Iron Hands|ability: Quark Drive
|-start|p1a: Iron Hands|quarkdriveatk
|move|p2b: Calyrex|Glacial Lance|p1a: Iron Hands|[spread] p1a,p1b
|-crit|p1a: Iron Hands
|-supereffective|p1b: Miraidon
|-damage|p1a: Iron Hands|44/100
|-damage|p1b: Miraidon|51/100
|move|p2a: Ursaluna|Brick Break|p1b: Miraidon
|-sideend|p1: alecfromkanto|Reflect
|-damage|p1b: Miraidon|9/100
|move|p1a: Iron Hands|Drain Punch|p2a: Ursaluna
|-supereffective|p2a: Ursaluna
|-damage|p2a: Ursaluna|0 fnt
|-heal|p1a: Iron Hands|84/100|[from] drain|[of] p2a: Ursaluna
|faint|p2a: Ursaluna
|
|upkeep
|
|t:|1750827281
|switch|p2a: Alcremie|Alcremie, L50, F|100/100
|turn|6
|
|t:|1750827298
|switch|p1b: Grimmsnarl|Grimmsnarl, L50, M, shiny|19/100
|move|p2a: Alcremie|Decorate|p2b: Calyrex
|-boost|p2b: Calyrex|atk|2
|-boost|p2b: Calyrex|spa|2
|move|p2b: Calyrex|Glacial Lance|p1a: Iron Hands|[spread] p1a,p1b
|-damage|p1a: Iron Hands|27/100
|-damage|p1b: Grimmsnarl|0 fnt
|faint|p1b: Grimmsnarl
|-ability|p2b: Calyrex|Chilling Neigh|boost
|-boost|p2b: Calyrex|atk|1
|move|p1a: Iron Hands|Drain Punch|p2b: Calyrex
|-damage|p2b: Calyrex|0 fnt
|-heal|p1a: Iron Hands|44/100|[from] drain|[of] p2b: Calyrex
|faint|p2b: Calyrex
|
|-fieldend|move: Trick Room
|upkeep
|
|t:|1750827305
|switch|p1b: Miraidon|Miraidon, L50|9/100
|-activate|p1b: Miraidon|ability: Hadron Engine
|turn|7
|
|t:|1750827313
|-terastallize|p2a: Alcremie|Grass
|move|p1b: Miraidon|Electro Drift|p2a: Alcremie
|-resisted|p2a: Alcremie
|-damage|p2a: Alcremie|57/100
|move|p1a: Iron Hands|Drain Punch|p2a: Alcremie
|-damage|p2a: Alcremie|0 fnt
|-heal|p1a: Iron Hands|63/100|[from] drain|[of] p2a: Alcremie
|faint|p2a: Alcremie
|
|win|alecfromkanto
|raw|alecfromkanto's rating: 1381 &rarr; <strong>1396</strong><br />(+15 for winning)
|raw|r200412030's rating: 1290 &rarr; <strong>1271</strong><br />(-19 for losing)
|l|☆r200412030
|player|p2|
|l|☆alecfromkanto
|player|p1|
