|j|☆AquaJetGardevoir
|j|☆Lashenator
|t:|1750864026
|gametype|doubles
|player|p1|AquaJetGardevoir|miku-water|1542
|player|p2|Lashenator|170|1548
|teamsize|p1|6
|teamsize|p2|6
|gen|9
|tier|[Gen 9] VGC 2025 Reg I
|rated|
|rule|Species Clause: Limit one of each Pokémon
|rule|Item Clause: Limit 1 of each item
|clearpoke
|poke|p1|Miraidon, L50|
|poke|p1|Calyrex-Ice, L50|
|poke|p1|Oranguru, L50, F|
|poke|p1|Iron Hands, L50|
|poke|p1|Torkoal, L50, F|
|poke|p1|Sinistcha-Masterpiece, L50|
|poke|p2|Calyrex-Shadow, L50|
|poke|p2|Zamazenta-*, L50|
|poke|p2|Smeargle, L50, M|
|poke|p2|Raging Bolt, L50|
|poke|p2|Rillaboom, L50, F|
|poke|p2|Tornadus, L50, M|
|teampreview|4
|inactive|Battle timer is ON: inactive players will automatically lose when time's up. (requested by AquaJetGardevoir)
|inactive|AquaJetGardevoir has 60 seconds left.
|
|t:|1750864060
|start
|switch|p1a: Oranguru|Oranguru, L50, F|100/100
|switch|p1b: Calyrex|Calyrex-Ice, L50|100/100
|switch|p2a: Tornadus|Tornadus, L50, M|100/100
|switch|p2b: Smeargle|Smeargle, L50, M, shiny|100/100
|-ability|p1b: Calyrex|As One
|-ability|p1b: Calyrex|Unnerve
|turn|1
|inactive|AquaJetGardevoir has 30 seconds left.
|
|t:|1750864086
|switch|p1b: Miraidon|Miraidon, L50|100/100
|-fieldstart|move: Electric Terrain|[from] ability: Hadron Engine|[of] p1b: Miraidon
|move|p2b: Smeargle|Fake Out|p1b: Miraidon
|-damage|p1b: Miraidon|95/100
|move|p2a: Tornadus|Taunt|p1a: Oranguru
|-start|p1a: Oranguru|move: Taunt
|-enditem|p1a: Oranguru|Mental Herb
|-end|p1a: Oranguru|move: Taunt
|move|p1a: Oranguru|Trick Room|p1a: Oranguru
|-fieldstart|move: Trick Room|[of] p1a: Oranguru
|
|-ability|p2b: Smeargle|Moody|boost
|-boost|p2b: Smeargle|spe|2
|-unboost|p2b: Smeargle|spd|1
|upkeep
|turn|2
|inactive|Lashenator has 30 seconds left.
|
|t:|1750864112
|switch|p2a: Rillaboom|Rillaboom, L50, F, shiny|100/100
|-fieldstart|move: Grassy Terrain|[from] ability: Grassy Surge|[of] p2a: Rillaboom
|move|p1a: Oranguru|After You|p1b: Miraidon
|-activate|p1b: Miraidon|move: After You
|move|p1b: Miraidon|Volt Switch|p2a: Rillaboom
|-resisted|p2a: Rillaboom
|-crit|p2a: Rillaboom
|-damage|p2a: Rillaboom|72/100
|
|t:|1750864121
|switch|p1b: Calyrex|Calyrex-Ice, L50|100/100|[from] Volt Switch
|-ability|p1b: Calyrex|As One
|-ability|p1b: Calyrex|Unnerve
|move|p2b: Smeargle|Spore|p1a: Oranguru
|-status|p1a: Oranguru|slp|[from] move: Spore
|
|-heal|p2a: Rillaboom|77/100|[from] Grassy Terrain
|-ability|p2b: Smeargle|Moody|boost
|-boost|p2b: Smeargle|atk|2
|-unboost|p2b: Smeargle|spd|1
|upkeep
|turn|3
|
|t:|1750864144
|switch|p1a: Miraidon|Miraidon, L50|95/100
|-fieldstart|move: Electric Terrain|[from] ability: Hadron Engine|[of] p1a: Miraidon
|-terastallize|p2a: Rillaboom|Fire
|move|p1b: Calyrex|Glacial Lance|p2b: Smeargle|[spread] p2a,p2b
|-resisted|p2a: Rillaboom
|-damage|p2a: Rillaboom|47/100
|-enditem|p2b: Smeargle|Focus Sash
|-damage|p2b: Smeargle|1/100
|move|p2a: Rillaboom|U-turn|p1a: Miraidon
|-damage|p1a: Miraidon|70/100
|
|t:|1750864160
|switch|p2a: Calyrex|Calyrex-Shadow, L50|100/100|[from] U-turn
|-ability|p2a: Calyrex|As One
|-ability|p2a: Calyrex|Unnerve
|move|p2b: Smeargle|Spore|p1b: Calyrex
|-activate|p1b: Calyrex|move: Electric Terrain
|
|-ability|p2b: Smeargle|Moody|boost
|-boost|p2b: Smeargle|spa|2
|-unboost|p2b: Smeargle|atk|1
|upkeep
|turn|4
|inactive|Lashenator has 30 seconds left.
|
|t:|1750864186
|switch|p1a: Oranguru|Oranguru, L50, F|100/100 slp
|switch|p2a: Rillaboom|Rillaboom, L50, F, shiny, tera:Fire|47/100
|-fieldstart|move: Grassy Terrain|[from] ability: Grassy Surge|[of] p2a: Rillaboom
|move|p1b: Calyrex|Protect|p1b: Calyrex
|-singleturn|p1b: Calyrex|Protect
|move|p2b: Smeargle|Follow Me|p2b: Smeargle
|-singleturn|p2b: Smeargle|move: Follow Me
|
|-heal|p2a: Rillaboom|53/100|[from] Grassy Terrain
|-heal|p2b: Smeargle|7/100|[from] Grassy Terrain
|-ability|p2b: Smeargle|Moody|boost
|-boost|p2b: Smeargle|spd|2
|-unboost|p2b: Smeargle|spa|1
|upkeep
|turn|5
|inactive|Lashenator has 30 seconds left.
|
|t:|1750864212
|switch|p1a: Miraidon|Miraidon, L50|70/100
|-fieldstart|move: Electric Terrain|[from] ability: Hadron Engine|[of] p1a: Miraidon
|move|p1b: Calyrex|Glacial Lance|p2b: Smeargle|[spread] p2a,p2b
|-resisted|p2a: Rillaboom
|-damage|p2a: Rillaboom|27/100
|-damage|p2b: Smeargle|0 fnt
|faint|p2b: Smeargle
|-ability|p1b: Calyrex|Chilling Neigh|boost
|-boost|p1b: Calyrex|atk|1
|move|p2a: Rillaboom|U-turn|p1a: Miraidon
|-damage|p1a: Miraidon|48/100
|
|t:|1750864224
|switch|p2a: Calyrex|Calyrex-Shadow, L50|100/100|[from] U-turn
|-ability|p2a: Calyrex|As One
|-ability|p2a: Calyrex|Unnerve
|
|-fieldend|move: Trick Room
|upkeep
|
|t:|1750864232
|switch|p2b: Tornadus|Tornadus, L50, M|100/100
|turn|6
|inactive|AquaJetGardevoir has 30 seconds left.
|
|t:|1750864260
|switch|p1a: Oranguru|Oranguru, L50, F|100/100 slp
|-terastallize|p1b: Calyrex|Ground
|move|p2a: Calyrex|Astral Barrage|p1b: Calyrex|[spread] p1b
|-immune|p1a: Oranguru
|-damage|p1b: Calyrex|54/100
|-damage|p2a: Calyrex|91/100|[from] item: Life Orb
|move|p2b: Tornadus|Bleakwind Storm|p1a: Oranguru|[spread] p1a,p1b
|-damage|p1a: Oranguru|66/100 slp
|-damage|p1b: Calyrex|22/100
|move|p1b: Calyrex|Glacial Lance|p2a: Calyrex|[spread] p2a,p2b
|-supereffective|p2b: Tornadus
|-damage|p2a: Calyrex|0 fnt
|-damage|p2b: Tornadus|0 fnt
|faint|p2a: Calyrex
|faint|p2b: Tornadus
|-ability|p1b: Calyrex|Chilling Neigh|boost
|-boost|p1b: Calyrex|atk|2
|
|upkeep
|
|t:|1750864282
|switch|p2a: Rillaboom|Rillaboom, L50, F, shiny, tera:Fire|27/100
|-fieldstart|move: Grassy Terrain|[from] ability: Grassy Surge|[of] p2a: Rillaboom
|turn|7
|-message|Lashenator forfeited.
|
|win|AquaJetGardevoir
|raw|AquaJetGardevoir's rating: 1542 &rarr; <strong>1562</strong><br />(+20 for winning)
|raw|Lashenator's rating: 1548 &rarr; <strong>1528</strong><br />(-20 for losing)
|l|☆Lashenator
|player|p2|
|l|☆AquaJetGardevoir
|player|p1|
