|j|☆Nodefogsgiven2
|j|☆coopm26
|t:|1750869688
|gametype|doubles
|player|p1|Nodefogsgiven2|265|1346
|player|p2|coopm26|cynthia-gen4|1395
|teamsize|p1|6
|teamsize|p2|6
|gen|9
|tier|[Gen 9] VGC 2025 Reg I
|rated|
|rule|Species Clause: Limit one of each Pokémon
|rule|Item Clause: Limit 1 of each item
|clearpoke
|poke|p1|Dialga, L50|
|poke|p1|Farigiraf, L50, M|
|poke|p1|Miraidon, L50|
|poke|p1|Whimsicott, L50, M|
|poke|p1|Iron Hands, L50|
|poke|p1|Incineroar, L50, F|
|poke|p2|Calyrex-Ice, L50|
|poke|p2|Farigiraf, L50, F|
|poke|p2|Smeargle, L50, F|
|poke|p2|Maushold-Four, L50|
|poke|p2|Kyogre, L50|
|poke|p2|Volcarona, L50, M|
|teampreview|4
coopm26 has agreed to open team sheets.
|inactive|Battle timer is ON: inactive players will automatically lose when time's up. (requested by Nodefogsgiven2)
|
|t:|1750869719
|start
|switch|p1a: Miraidon|Miraidon, L50|100/100
|switch|p1b: Farigiraf|Farigiraf, L50, M|100/100
|switch|p2a: Farigiraf|Farigiraf, L50, F|100/100
|switch|p2b: Calyrex|Calyrex-Ice, L50|100/100
|-ability|p2b: Calyrex|As One
|-ability|p2b: Calyrex|Unnerve
|-fieldstart|move: Electric Terrain|[from] ability: Hadron Engine|[of] p1a: Miraidon
|-enditem|p1b: Farigiraf|Electric Seed
|-boost|p1b: Farigiraf|def|1|[from] item: Electric Seed
|turn|1
|inactive|coopm26 has 30 seconds left.
|
|t:|1750869746
|-terastallize|p2b: Calyrex|Grass
|move|p1b: Farigiraf|Helping Hand|p1a: Miraidon
|-singleturn|p1a: Miraidon|Helping Hand|[of] p1b: Farigiraf
|move|p1a: Miraidon|Electro Drift|p2b: Calyrex
|-resisted|p2b: Calyrex
|-damage|p2b: Calyrex|50/100
|move|p2b: Calyrex|Seed Bomb|p1a: Miraidon
|-resisted|p1a: Miraidon
|-damage|p1a: Miraidon|73/100
|move|p2a: Farigiraf|Imprison|p2a: Farigiraf
|-start|p2a: Farigiraf|move: Imprison
|
|upkeep
|turn|2
|inactive|coopm26 has 30 seconds left.
|
|t:|1750869778
|move|p1a: Miraidon|Electro Drift|p2b: Calyrex
|-resisted|p2b: Calyrex
|-damage|p2b: Calyrex|18/100
|move|p2b: Calyrex|Glacial Lance|p1b: Farigiraf|[spread] p1a,p1b
|-supereffective|p1a: Miraidon
|-damage|p1a: Miraidon|0 fnt
|-damage|p1b: Farigiraf|63/100
|faint|p1a: Miraidon
|-ability|p2b: Calyrex|Chilling Neigh|boost
|-boost|p2b: Calyrex|atk|1
|move|p1b: Farigiraf|Night Shade|p2b: Calyrex
|-damage|p2b: Calyrex|0 fnt
|faint|p2b: Calyrex
|move|p2a: Farigiraf|Trick Room|p2a: Farigiraf
|-fieldstart|move: Trick Room|[of] p2a: Farigiraf
|
|upkeep
|
|t:|1750869792
|switch|p2b: Maushold|Maushold-Four, L50|100/100
|switch|p1a: Dialga|Dialga, L50|100/100
|-ability|p1a: Dialga|Pressure
|turn|3
|
|t:|1750869805
|move|p2b: Maushold|Protect|p2b: Maushold
|-singleturn|p2b: Maushold|Protect
|move|p1b: Farigiraf|Bulldoze|p2a: Farigiraf|[spread] p1a,p2a
|-activate|p2b: Maushold|move: Protect
|-supereffective|p1a: Dialga
|-damage|p1a: Dialga|88/100
|-damage|p2a: Farigiraf|94/100
|-unboost|p1a: Dialga|spe|1
|-unboost|p2a: Farigiraf|spe|1
|-enditem|p1a: Dialga|Weakness Policy
|-boost|p1a: Dialga|atk|2|[from] item: Weakness Policy
|-boost|p1a: Dialga|spa|2|[from] item: Weakness Policy
|move|p1a: Dialga|Dragon Pulse|p2b: Maushold
|-activate|p2b: Maushold|move: Protect
|move|p2a: Farigiraf|Trick Room|p2a: Farigiraf
|-fieldend|move: Trick Room
|
|upkeep
|turn|4
|
|t:|1750869828
|switch|p1b: Iron Hands|Iron Hands, L50|100/100
|-activate|p1b: Iron Hands|ability: Quark Drive
|-start|p1b: Iron Hands|quarkdriveatk
|switch|p2a: Kyogre|Kyogre, L50|100/100
|-weather|RainDance|[from] ability: Drizzle|[of] p2a: Kyogre
|move|p2b: Maushold|Population Bomb|p1b: Iron Hands
|-damage|p1b: Iron Hands|93/100
|-damage|p1b: Iron Hands|85/100
|-damage|p1b: Iron Hands|77/100
|-hitcount|p1b: Iron Hands|3
|move|p1a: Dialga|Dragon Pulse|p2b: Maushold
|-damage|p2b: Maushold|0 fnt
|faint|p2b: Maushold
|
|-weather|RainDance|[upkeep]
|upkeep
|
|t:|1750869844
|switch|p2b: Farigiraf|Farigiraf, L50, F|94/100
|turn|5
|
|t:|1750869856
|move|p2b: Farigiraf|Helping Hand|p2a: Kyogre
|-singleturn|p2a: Kyogre|Helping Hand|[of] p2b: Farigiraf
|move|p2a: Kyogre|Water Spout|p1a: Dialga|[spread] p1a,p1b
|-resisted|p1a: Dialga
|-damage|p1a: Dialga|28/100
|-damage|p1b: Iron Hands|2/100
|move|p1a: Dialga|Dragon Pulse|p2a: Kyogre
|-damage|p2a: Kyogre|12/100
|move|p1b: Iron Hands|Wild Charge|p2a: Kyogre
|-supereffective|p2a: Kyogre
|-damage|p2a: Kyogre|0 fnt
|faint|p2a: Kyogre
|-damage|p1b: Iron Hands|0 fnt|[from] Recoil
|faint|p1b: Iron Hands
|-end|p1b: Iron Hands|Quark Drive|[silent]
|
|-weather|RainDance|[upkeep]
|-fieldend|move: Electric Terrain
|upkeep
|
|t:|1750869860
|switch|p1b: Farigiraf|Farigiraf, L50, M|63/100
|turn|6
|
|t:|1750869875
|move|p1b: Farigiraf|Helping Hand|p1a: Dialga
|-singleturn|p1a: Dialga|Helping Hand|[of] p1b: Farigiraf
|move|p2b: Farigiraf|Foul Play|p1a: Dialga
|-damage|p1a: Dialga|0 fnt
|faint|p1a: Dialga
|
|-weather|RainDance|[upkeep]
|upkeep
|turn|7
|
|t:|1750869884
|move|p2b: Farigiraf|Foul Play|p1b: Farigiraf
|-supereffective|p1b: Farigiraf
|-damage|p1b: Farigiraf|32/100
|move|p1b: Farigiraf|Bulldoze|p2b: Farigiraf
|-damage|p2b: Farigiraf|85/100
|-unboost|p2b: Farigiraf|spe|1
|
|-weather|RainDance|[upkeep]
|upkeep
|turn|8
|
|t:|1750869891
|-terastallize|p1b: Farigiraf|Fairy
|move|p1b: Farigiraf|Bulldoze|p2b: Farigiraf
|-damage|p2b: Farigiraf|76/100
|-unboost|p2b: Farigiraf|spe|1
|move|p2b: Farigiraf|Foul Play|p1b: Farigiraf
|-resisted|p1b: Farigiraf
|-damage|p1b: Farigiraf|23/100
|
|-weather|none
|upkeep
|turn|9
|
|t:|1750869899
|move|p1b: Farigiraf|Bulldoze|p2b: Farigiraf
|-crit|p2b: Farigiraf
|-damage|p2b: Farigiraf|62/100
|-unboost|p2b: Farigiraf|spe|1
|move|p2b: Farigiraf|Foul Play|p1b: Farigiraf
|-resisted|p1b: Farigiraf
|-damage|p1b: Farigiraf|14/100
|
|upkeep
|turn|10
|
|t:|1750869906
|move|p1b: Farigiraf|Bulldoze|p2b: Farigiraf
|-damage|p2b: Farigiraf|52/100
|-unboost|p2b: Farigiraf|spe|1
|move|p2b: Farigiraf|Foul Play|p1b: Farigiraf
|-resisted|p1b: Farigiraf
|-damage|p1b: Farigiraf|5/100
|
|upkeep
|turn|11
|c|☆coopm26|gg
|
|t:|1750869913
|move|p1b: Farigiraf|Bulldoze|p2b: Farigiraf
|-damage|p2b: Farigiraf|43/100
|-unboost|p2b: Farigiraf|spe|1
|move|p2b: Farigiraf|Foul Play|p1b: Farigiraf
|-resisted|p1b: Farigiraf
|-damage|p1b: Farigiraf|0 fnt
|faint|p1b: Farigiraf
|
|win|coopm26
|raw|Nodefogsgiven2's rating: 1346 &rarr; <strong>1329</strong><br />(-17 for losing)
|raw|coopm26's rating: 1395 &rarr; <strong>1412</strong><br />(+17 for winning)
|l|☆Nodefogsgiven2
|player|p1|
