|j|☆migcthi
|j|☆Ejsundertale
|t:|1750777166
|gametype|doubles
|player|p1|migcthi|2|1210
|player|p2|Ejsundertale|1|1164
|teamsize|p1|6
|teamsize|p2|6
|gen|9
|tier|[Gen 9] VGC 2025 Reg I
|rated|
|rule|Species Clause: Limit one of each Pokémon
|rule|Item Clause: Limit 1 of each item
|clearpoke
|poke|p1|Calyrex-Ice, L50|
|poke|p1|Miraidon, L50|
|poke|p1|Volcarona, L50, F|
|poke|p1|Grimmsnarl, L50, M|
|poke|p1|Ursaluna-Bloodmoon, L50, M|
|poke|p1|Sneasler, L50, M|
|poke|p2|Calyrex-Ice, L50|
|poke|p2|Grimmsnarl, L50, M|
|poke|p2|Miraidon, L50|
|poke|p2|Ogerpon-Hearthflame, L50, F|
|poke|p2|Sinistcha, L50|
|poke|p2|Incineroar, L50, F|
|teampreview|4
|inactive|Battle timer is ON: inactive players will automatically lose when time's up. (requested by migcthi)
|inactive|migcthi has 60 seconds left.
|
|t:|1750777208
|start
|switch|p1a: Sneasler|Sneasler, L50, M|100/100
|switch|p1b: Miraidon|Miraidon, L50|100/100
|switch|p2a: Incineroar|Incineroar, L50, F|100/100
|switch|p2b: Ogerpon|Ogerpon-Hearthflame, L50, F|100/100
|-ability|p2b: Ogerpon|Mold Breaker
|-fieldstart|move: Electric Terrain|[from] ability: Hadron Engine|[of] p1b: Miraidon
|-enditem|p1a: Sneasler|Electric Seed
|-boost|p1a: Sneasler|def|1|[from] item: Electric Seed
|-ability|p2a: Incineroar|Intimidate|boost
|-unboost|p1a: Sneasler|atk|1
|-unboost|p1b: Miraidon|atk|1
|turn|1
|
|t:|1750777228
|-terastallize|p2b: Ogerpon|Fire
|detailschange|p2b: Ogerpon|Ogerpon-Hearthflame-Tera, L50, F, tera:Fire
|-ability|p2b: Ogerpon|Embody Aspect (Hearthflame)|boost
|-boost|p2b: Ogerpon|atk|1
|move|p1a: Sneasler|Fake Out|p2a: Incineroar
|-damage|p2a: Incineroar|93/100
|cant|p2a: Incineroar|flinch
|move|p2b: Ogerpon|Ivy Cudgel|p1a: Sneasler|[anim] Ivy Cudgel Fire
|-damage|p1a: Sneasler|0 fnt
|faint|p1a: Sneasler
|move|p1b: Miraidon|Electro Drift|p2a: Incineroar
|-damage|p2a: Incineroar|15/100
|
|upkeep
|inactive|migcthi has 30 seconds left.
|
|t:|1750777259
|switch|p1a: Calyrex|Calyrex-Ice, L50|100/100
|-ability|p1a: Calyrex|As One
|-ability|p1a: Calyrex|Unnerve
|turn|2
|
|t:|1750777274
|-terastallize|p1b: Miraidon|Electric
|move|p2a: Incineroar|Protect|p2a: Incineroar
|-singleturn|p2a: Incineroar|Protect
|move|p2b: Ogerpon|Horn Leech|p1a: Calyrex
|-damage|p1a: Calyrex|58/100
|move|p1b: Miraidon|Electro Drift|p2b: Ogerpon
|-damage|p2b: Ogerpon|0 fnt
|faint|p2b: Ogerpon
|detailschange|p2: Ogerpon|Ogerpon-Hearthflame, L50, F|[silent]
|move|p1a: Calyrex|Glacial Lance|p2a: Incineroar
|-activate|p2a: Incineroar|move: Protect
|
|-heal|p1a: Calyrex|64/100|[from] item: Leftovers
|upkeep
|
|t:|1750777287
|switch|p2b: Miraidon|Miraidon, L50|100/100
|-activate|p2b: Miraidon|ability: Hadron Engine
|turn|3
|
|t:|1750777311
|switch|p2a: Calyrex|Calyrex-Ice, L50|100/100
|-ability|p2a: Calyrex|As One
|-ability|p2a: Calyrex|Unnerve
|move|p2b: Miraidon|Draco Meteor|p1b: Miraidon
|-damage|p1b: Miraidon|32/100
|-unboost|p2b: Miraidon|spa|2
|move|p1b: Miraidon|Dazzling Gleam|p2a: Calyrex|[spread] p2a,p2b
|-supereffective|p2b: Miraidon
|-damage|p2a: Calyrex|79/100
|-damage|p2b: Miraidon|46/100
|move|p1a: Calyrex|Trick Room|p1a: Calyrex
|-fieldstart|move: Trick Room|[of] p1a: Calyrex
|
|-heal|p1a: Calyrex|70/100|[from] item: Leftovers
|upkeep
|turn|4
|
|t:|1750777335
|switch|p1b: Volcarona|Volcarona, L50, F|100/100
|switch|p2b: Incineroar|Incineroar, L50, F|15/100
|-ability|p2b: Incineroar|Intimidate|boost
|-unboost|p1a: Calyrex|atk|1
|-unboost|p1b: Volcarona|atk|1
|move|p2a: Calyrex|Glacial Lance|p1a: Calyrex|[spread] p1a,p1b
|-resisted|p1a: Calyrex
|-resisted|p1b: Volcarona
|-damage|p1a: Calyrex|49/100
|-damage|p1b: Volcarona|64/100
|-damage|p2a: Calyrex|69/100|[from] item: Life Orb
|move|p1a: Calyrex|Glacial Lance|p2b: Incineroar|[spread] p2a,p2b
|-resisted|p2a: Calyrex
|-resisted|p2b: Incineroar
|-damage|p2a: Calyrex|59/100
|-damage|p2b: Incineroar|0 fnt
|faint|p2b: Incineroar
|-ability|p1a: Calyrex|Chilling Neigh|boost
|-boost|p1a: Calyrex|atk|1
|
|-heal|p1a: Calyrex|55/100|[from] item: Leftovers
|upkeep
|
|t:|1750777344
|switch|p2b: Miraidon|Miraidon, L50|46/100
|-activate|p2b: Miraidon|ability: Hadron Engine
|turn|5
|
|t:|1750777366
|move|p2a: Calyrex|High Horsepower|p1b: Volcarona
|-damage|p1b: Volcarona|12/100
|-damage|p2a: Calyrex|43/100|[from] item: Rocky Helmet|[of] p1b: Volcarona
|-damage|p2a: Calyrex|33/100|[from] item: Life Orb
|move|p1a: Calyrex|Glacial Lance|p2b: Miraidon|[spread] p2a,p2b
|-resisted|p2a: Calyrex
|-supereffective|p2b: Miraidon
|-damage|p2a: Calyrex|17/100
|-damage|p2b: Miraidon|0 fnt
|faint|p2b: Miraidon
|-ability|p1a: Calyrex|Chilling Neigh|boost
|-boost|p1a: Calyrex|atk|1
|move|p1b: Volcarona|Overheat|p2a: Calyrex
|-supereffective|p2a: Calyrex
|-damage|p2a: Calyrex|0 fnt
|-unboost|p1b: Volcarona|spa|2
|faint|p2a: Calyrex
|
|win|migcthi
|raw|migcthi's rating: 1210 &rarr; <strong>1232</strong><br />(+22 for winning)
|raw|Ejsundertale's rating: 1164 &rarr; <strong>1142</strong><br />(-22 for losing)
