|j|☆dzjkk247
|j|☆alethor
|t:|1750832180
|gametype|doubles
|player|p1|dzjkk247|unknown|1000
|player|p2|alethor|gambler|1048
|teamsize|p1|6
|teamsize|p2|6
|gen|9
|tier|[Gen 9] VGC 2025 Reg I
|rated|
|rule|Species Clause: Limit one of each Pokémon
|rule|Item Clause: Limit 1 of each item
|clearpoke
|poke|p1|Calyrex-Ice, L50|
|poke|p1|Miraidon, L50|
|poke|p1|Incineroar, L50, M|
|poke|p1|Volcarona, L50, F|
|poke|p1|Iron Hands, L50|
|poke|p1|Flutter Mane, L50|
|poke|p2|Primarina, L50, M|
|poke|p2|Gothitelle, L50, M|
|poke|p2|Grimmsnarl, L50, M|
|poke|p2|Flutter Mane, L50|
|poke|p2|Dugtrio, L50, M|
|poke|p2|Clefairy, L50, M|
|teampreview|4
|inactive|Battle timer is ON: inactive players will automatically lose when time's up. (requested by alethor)
dzjkk247 rejected open team sheets.
|inactive|dzjkk247 has 60 seconds left.
|inactive|dzjkk247 has 30 seconds left.
|
|t:|1750832241
|start
|switch|p1a: Miraidon|Miraidon, L50|100/100
|switch|p1b: Flutter Mane|Flutter Mane, L50, shiny|100/100
|switch|p2a: Primarina|Primarina, L50, M|100/100
|switch|p2b: Gothitelle|Gothitelle, L50, M|100/100
|-fieldstart|move: Electric Terrain|[from] ability: Hadron Engine|[of] p1a: Miraidon
|-enditem|p1b: Flutter Mane|Booster Energy
|-activate|p1b: Flutter Mane|ability: Protosynthesis|[fromitem]
|-start|p1b: Flutter Mane|protosynthesisspe
|turn|1
|inactive|dzjkk247 has 30 seconds left.
|
|t:|1750832270
|move|p1b: Flutter Mane|Protect|p1b: Flutter Mane
|-singleturn|p1b: Flutter Mane|Protect
|move|p2b: Gothitelle|Fake Out|p1a: Miraidon
|-damage|p1a: Miraidon|94/100
|cant|p1a: Miraidon|flinch
|move|p2a: Primarina|Perish Song|p2a: Primarina
|-start|p1a: Miraidon|perish3|[silent]
|-start|p1b: Flutter Mane|perish3|[silent]
|-start|p2a: Primarina|perish3|[silent]
|-start|p2b: Gothitelle|perish3|[silent]
|-fieldactivate|move: Perish Song
|
|-start|p1b: Flutter Mane|perish3
|-start|p1a: Miraidon|perish3
|-start|p2a: Primarina|perish3
|-start|p2b: Gothitelle|perish3
|upkeep
|turn|2
|inactive|dzjkk247 has 30 seconds left.
|
|t:|1750832297
|move|p2a: Primarina|Protect|p2a: Primarina
|-singleturn|p2a: Primarina|Protect
|move|p2b: Gothitelle|Protect|p2b: Gothitelle
|-singleturn|p2b: Gothitelle|Protect
|move|p1b: Flutter Mane|Shadow Ball|p2b: Gothitelle
|-activate|p2b: Gothitelle|move: Protect
|move|p1a: Miraidon|Volt Switch|p2a: Primarina
|-activate|p2a: Primarina|move: Protect
|
|-start|p1b: Flutter Mane|perish2
|-start|p1a: Miraidon|perish2
|-start|p2a: Primarina|perish2
|-start|p2b: Gothitelle|perish2
|upkeep
|turn|3
|
|t:|1750832317
|switch|p2a: Dugtrio|Dugtrio, L50, M|100/100
|-terastallize|p2b: Gothitelle|Normal
|move|p1b: Flutter Mane|Shadow Ball|p2b: Gothitelle
|-immune|p2b: Gothitelle
|move|p1a: Miraidon|Volt Switch|p2a: Dugtrio
|-immune|p2a: Dugtrio
|move|p2b: Gothitelle|Substitute|p2b: Gothitelle
|-start|p2b: Gothitelle|Substitute
|-damage|p2b: Gothitelle|76/100
|
|-start|p1b: Flutter Mane|perish1
|-start|p1a: Miraidon|perish1
|-start|p2b: Gothitelle|perish1
|upkeep
|turn|4
|inactive|dzjkk247 has 30 seconds left.
|inactive|alethor has 30 seconds left.
|
|t:|1750832352
|-end|p1b: Flutter Mane|Protosynthesis|[silent]
|switch|p1b: Iron Hands|Iron Hands, L50, shiny|100/100
|-activate|p1b: Iron Hands|ability: Quark Drive
|-start|p1b: Iron Hands|quarkdriveatk
|move|p2a: Dugtrio|Protect|p2a: Dugtrio
|-singleturn|p2a: Dugtrio|Protect
|move|p2b: Gothitelle|Protect|p2b: Gothitelle
|-singleturn|p2b: Gothitelle|Protect
|move|p1a: Miraidon|Volt Switch|p2b: Gothitelle
|-activate|p2b: Gothitelle|move: Protect
|
|-start|p1a: Miraidon|perish0
|-start|p2b: Gothitelle|perish0
|faint|p1a: Miraidon
|faint|p2b: Gothitelle
|upkeep
|
|t:|1750832370
|switch|p1a: Calyrex|Calyrex-Ice, L50|100/100
|switch|p2b: Flutter Mane|Flutter Mane, L50|100/100
|-ability|p1a: Calyrex|As One
|-ability|p1a: Calyrex|Unnerve
|-enditem|p2b: Flutter Mane|Booster Energy
|-activate|p2b: Flutter Mane|ability: Protosynthesis|[fromitem]
|-start|p2b: Flutter Mane|protosynthesisspe
|turn|5
|inactive|dzjkk247 has 30 seconds left.
|inactive|dzjkk247 has 20 seconds left.
|
|t:|1750832406
|-terastallize|p1a: Calyrex|Fire
|move|p2b: Flutter Mane|Perish Song|p2b: Flutter Mane
|-start|p1a: Calyrex|perish3|[silent]
|-start|p1b: Iron Hands|perish3|[silent]
|-start|p2a: Dugtrio|perish3|[silent]
|-start|p2b: Flutter Mane|perish3|[silent]
|-fieldactivate|move: Perish Song
|move|p2a: Dugtrio|Dig||[still]
|-prepare|p2a: Dugtrio|Dig
|move|p1b: Iron Hands|Drain Punch|p2a: Dugtrio|[miss]
|-miss|p1b: Iron Hands|p2a: Dugtrio
|move|p1a: Calyrex|Trick Room|p1a: Calyrex
|-fieldstart|move: Trick Room|[of] p1a: Calyrex
|
|-start|p1b: Iron Hands|perish3
|-start|p1a: Calyrex|perish3
|-start|p2a: Dugtrio|perish3
|-start|p2b: Flutter Mane|perish3
|-fieldend|move: Electric Terrain
|-end|p1b: Iron Hands|Quark Drive
|upkeep
|turn|6
|inactive|dzjkk247 has 30 seconds left.
|inactive|alethor has 30 seconds left.
|inactive|dzjkk247 has 20 seconds left.
|inactive|dzjkk247 has 15 seconds left.
|
|t:|1750832447
|move|p1a: Calyrex|Protect|p1a: Calyrex
|-singleturn|p1a: Calyrex|Protect
|move|p2b: Flutter Mane|Protect|p2b: Flutter Mane
|-singleturn|p2b: Flutter Mane|Protect
|move|p1b: Iron Hands|Heavy Slam|p2b: Flutter Mane
|-activate|p2b: Flutter Mane|move: Protect
|move|p2a: Dugtrio|Dig|p1b: Iron Hands|[from] lockedmove
|-supereffective|p1b: Iron Hands
|-damage|p1b: Iron Hands|61/100
|
|-start|p1a: Calyrex|perish2
|-start|p1b: Iron Hands|perish2
|-start|p2a: Dugtrio|perish2
|-start|p2b: Flutter Mane|perish2
|upkeep
|turn|7
|inactive|alethor has 30 seconds left.
|
|t:|1750832472
|-end|p2b: Flutter Mane|Protosynthesis|[silent]
|switch|p2b: Primarina|Primarina, L50, M|100/100
|move|p2a: Dugtrio|Protect|p2a: Dugtrio
|-singleturn|p2a: Dugtrio|Protect
|move|p1a: Calyrex|Glacial Lance|p2a: Dugtrio|[spread] p2b
|-activate|p2a: Dugtrio|move: Protect
|-resisted|p2b: Primarina
|-damage|p2b: Primarina|66/100
|move|p1b: Iron Hands|Heavy Slam|p2b: Primarina
|-damage|p2b: Primarina|4/100
|
|-heal|p2b: Primarina|10/100|[from] item: Leftovers
|-start|p1b: Iron Hands|perish1
|-start|p1a: Calyrex|perish1
|-start|p2a: Dugtrio|perish1
|upkeep
|turn|8
|inactive|dzjkk247 has 30 seconds left.
|inactive|alethor has 30 seconds left.
|
|t:|1750832500
|move|p2b: Primarina|Protect|p2b: Primarina
|-singleturn|p2b: Primarina|Protect
|move|p1b: Iron Hands|Wild Charge|p2b: Primarina
|-activate|p2b: Primarina|move: Protect
|move|p1a: Calyrex|Glacial Lance|p2a: Dugtrio|[spread] p2a
|-activate|p2b: Primarina|move: Protect
|-supereffective|p2a: Dugtrio
|-enditem|p2a: Dugtrio|Focus Sash
|-damage|p2a: Dugtrio|1/100
|move|p2a: Dugtrio|Dig||[still]
|-prepare|p2a: Dugtrio|Dig
|
|-heal|p2b: Primarina|16/100|[from] item: Leftovers
|-start|p1a: Calyrex|perish0
|-start|p1b: Iron Hands|perish0
|-start|p2a: Dugtrio|perish0
|faint|p1a: Calyrex
|faint|p1b: Iron Hands
|-end|p1b: Iron Hands|Quark Drive|[silent]
|faint|p2a: Dugtrio
|upkeep
|inactive|dzjkk247 has 30 seconds left.
|
|t:|1750832530
|switch|p1a: Flutter Mane|Flutter Mane, L50, shiny|100/100
|switch|p2a: Flutter Mane|Flutter Mane, L50|100/100
|turn|9
|
|t:|1750832540
|move|p2b: Primarina|Hyper Voice|p1a: Flutter Mane
|-damage|p1a: Flutter Mane|57/100
|move|p2a: Flutter Mane|Phantom Force||[still]
|-prepare|p2a: Flutter Mane|Phantom Force
|move|p1a: Flutter Mane|Shadow Ball|p2a: Flutter Mane|[miss]
|-miss|p1a: Flutter Mane|p2a: Flutter Mane
|
|-heal|p2b: Primarina|22/100|[from] item: Leftovers
|-fieldend|move: Trick Room
|upkeep
|turn|10
|
|t:|1750832552
|move|p1a: Flutter Mane|Protect|p1a: Flutter Mane
|-singleturn|p1a: Flutter Mane|Protect
|move|p2b: Primarina|Protect|p2b: Primarina
|-singleturn|p2b: Primarina|Protect
|move|p2a: Flutter Mane|Phantom Force|p1a: Flutter Mane|[from] lockedmove
|-activate|p1a: Flutter Mane|move: Phantom Force|[broken]
|-supereffective|p1a: Flutter Mane
|-damage|p1a: Flutter Mane|0 fnt
|faint|p1a: Flutter Mane
|-end|p1a: Flutter Mane|Protosynthesis|[silent]
|
|win|alethor
|raw|dzjkk247's rating: 1000 &rarr; <strong>1000</strong><br />(+0 for losing)
|raw|alethor's rating: 1048 &rarr; <strong>1076</strong><br />(+28 for winning)
