|j|☆Sn0vik
|j|☆Macrel
|t:|1750863434
|gametype|doubles
|player|p1|Sn0vik|burglar|1079
|player|p2|Macrel|cynthia-gen4|1132
|teamsize|p1|6
|teamsize|p2|6
|gen|9
|tier|[Gen 9] VGC 2025 Reg I
|rated|
|rule|Species Clause: Limit one of each Pokémon
|rule|Item Clause: Limit 1 of each item
|clearpoke
|poke|p1|Delphox, L50, F|
|poke|p1|Koraidon, L50|
|poke|p1|Flutter Mane, L50|
|poke|p1|Indeedee-F, L50, F|
|poke|p1|Lunala, L50|
|poke|p1|Incineroar, L50, M|
|poke|p2|Calyrex-Shadow, L50|
|poke|p2|Zamazenta-*, L50|
|poke|p2|Tornadus, L50, M|
|poke|p2|Rillaboom, L50, M|
|poke|p2|Raging Bolt, L50|
|poke|p2|Smeargle, L50, M|
|teampreview|4
|
|t:|1750863471
|start
|switch|p1a: Delphox|Delphox, L50, F, shiny|100/100
|switch|p1b: Incineroar|Incineroar, L50, M|100/100
|switch|p2a: Tornadus|Tornadus, L50, M|100/100
|switch|p2b: Smeargle|Smeargle, L50, M, shiny|100/100
|-ability|p1b: Incineroar|Intimidate|boost
|-unboost|p2a: Tornadus|atk|1
|-unboost|p2b: Smeargle|atk|1
|turn|1
|
|t:|1750863502
|move|p1a: Delphox|Protect|p1a: Delphox
|-singleturn|p1a: Delphox|Protect
|move|p2b: Smeargle|Fake Out|p1b: Incineroar
|-damage|p1b: Incineroar|98/100
|move|p2a: Tornadus|Bleakwind Storm|p1a: Delphox|[spread] p1b
|-activate|p1a: Delphox|move: Protect
|-damage|p1b: Incineroar|63/100
|cant|p1b: Incineroar|flinch
|
|-ability|p2b: Smeargle|Moody|boost
|-boost|p2b: Smeargle|atk|2
|-unboost|p2b: Smeargle|spa|1
|upkeep
|turn|2
|
|t:|1750863530
|move|p1a: Delphox|Fire Blast|p2a: Tornadus
|-damage|p2a: Tornadus|45/100
|move|p2b: Smeargle|Decorate|p2a: Tornadus
|-boost|p2a: Tornadus|atk|2
|-boost|p2a: Tornadus|spa|2
|move|p2a: Tornadus|Bleakwind Storm|p1b: Incineroar|[spread] p1a,p1b
|-crit|p1b: Incineroar
|-enditem|p1a: Delphox|Focus Sash
|-damage|p1a: Delphox|1/100
|-damage|p1b: Incineroar|0 fnt
|-unboost|p1a: Delphox|spe|1
|faint|p1b: Incineroar
|
|-ability|p2b: Smeargle|Moody|boost
|-boost|p2b: Smeargle|spe|2
|-unboost|p2b: Smeargle|def|1
|upkeep
|
|t:|1750863547
|switch|p1b: Indeedee|Indeedee-F, L50, F|100/100
|-fieldstart|move: Psychic Terrain|[from] ability: Psychic Surge|[of] p1b: Indeedee
|turn|3
|
|t:|1750863559
|move|p1b: Indeedee|Helping Hand|p1a: Delphox
|-singleturn|p1a: Delphox|Helping Hand|[of] p1b: Indeedee
|move|p2b: Smeargle|Follow Me|p2b: Smeargle
|-singleturn|p2b: Smeargle|move: Follow Me
|move|p2a: Tornadus|Tailwind|p2a: Tornadus
|-sidestart|p2: Macrel|move: Tailwind
|move|p1a: Delphox|Expanding Force|p2a: Tornadus|[spread] p2a,p2b
|-damage|p2a: Tornadus|0 fnt
|-enditem|p2b: Smeargle|Focus Sash
|-damage|p2b: Smeargle|1/100
|faint|p2a: Tornadus
|
|-ability|p2b: Smeargle|Moody|boost
|-boost|p2b: Smeargle|atk|2
|-unboost|p2b: Smeargle|def|1
|upkeep
|
|t:|1750863571
|switch|p2a: Zamazenta|Zamazenta-Crowned, L50|100/100
|-ability|p2a: Zamazenta|Dauntless Shield|boost
|-boost|p2a: Zamazenta|def|1
|turn|4
|
|t:|1750863593
|move|p1a: Delphox|Protect|p1a: Delphox
|-singleturn|p1a: Delphox|Protect
|move|p2b: Smeargle|Spore|p1b: Indeedee
|-status|p1b: Indeedee|slp|[from] move: Spore
|move|p2a: Zamazenta|Heavy Slam|p1a: Delphox
|-activate|p1a: Delphox|move: Protect
|cant|p1b: Indeedee|slp
|
|-ability|p2b: Smeargle|Moody|boost
|-boost|p2b: Smeargle|atk|2
|-unboost|p2b: Smeargle|def|1
|upkeep
|turn|5
|
|t:|1750863615
|-curestatus|p1b: Indeedee|slp|[msg]
|move|p1b: Indeedee|Follow Me|p1b: Indeedee
|-singleturn|p1b: Indeedee|move: Follow Me
|move|p2b: Smeargle|Decorate|p1b: Indeedee
|-boost|p1b: Indeedee|atk|2
|-boost|p1b: Indeedee|spa|2
|move|p2a: Zamazenta|Heavy Slam|p1b: Indeedee
|-damage|p1b: Indeedee|50/100
|-damage|p2a: Zamazenta|84/100|[from] item: Rocky Helmet|[of] p1b: Indeedee
|move|p1a: Delphox|Fire Blast|p2a: Zamazenta
|-supereffective|p2a: Zamazenta
|-damage|p2a: Zamazenta|0 fnt
|faint|p2a: Zamazenta
|
|-ability|p2b: Smeargle|Moody|boost
|-boost|p2b: Smeargle|spe|2
|-unboost|p2b: Smeargle|def|1
|upkeep
|
|t:|1750863627
|switch|p2a: Calyrex|Calyrex-Shadow, L50|100/100
|-ability|p2a: Calyrex|As One
|-ability|p2a: Calyrex|Unnerve
|turn|6
|
|t:|1750863652
|move|p1a: Delphox|Protect|p1a: Delphox
|-singleturn|p1a: Delphox|Protect
|move|p2b: Smeargle|Spore|p1a: Delphox
|-activate|p1a: Delphox|move: Protect
|move|p2a: Calyrex|Astral Barrage|p1b: Indeedee|[spread] 
|-activate|p1a: Delphox|move: Protect
|-immune|p1b: Indeedee
|move|p1b: Indeedee|Dazzling Gleam|p2b: Smeargle|[spread] p2a,p2b
|-damage|p2a: Calyrex|76/100
|-damage|p2b: Smeargle|0 fnt
|faint|p2b: Smeargle
|
|-sideend|p2: Macrel|move: Tailwind
|upkeep
|turn|7
|
|t:|1750863670
|-terastallize|p1a: Delphox|Normal
|move|p1b: Indeedee|Helping Hand|p1a: Delphox
|-singleturn|p1a: Delphox|Helping Hand|[of] p1b: Indeedee
|move|p2a: Calyrex|Astral Barrage|p1a: Delphox|[spread] 
|-immune|p1a: Delphox
|-immune|p1b: Indeedee
|move|p1a: Delphox|Copycat|p1a: Delphox
|move|p1a: Delphox|Astral Barrage|p2a: Calyrex|[from] move: Copycat
|-supereffective|p2a: Calyrex
|-damage|p2a: Calyrex|0 fnt
|faint|p2a: Calyrex
|
|win|Sn0vik
|raw|Sn0vik's rating: 1079 &rarr; <strong>1111</strong><br />(+32 for winning)
|raw|Macrel's rating: 1132 &rarr; <strong>1103</strong><br />(-29 for losing)
|l|☆Macrel
|player|p2|
|l|☆Sn0vik
|player|p1|
