|j|☆Itsuka_1103
|j|☆kakashit_com
|t:|1750802324
|gametype|doubles
|player|p1|Itsuka_1103|swimmerf-gen4dp|1413
|player|p2|kakashit_com|1|1497
|teamsize|p1|6
|teamsize|p2|6
|gen|9
|tier|[Gen 9] VGC 2025 Reg I
|rated|
|rule|Species Clause: Limit one of each Pokémon
|rule|Item Clause: Limit 1 of each item
|clearpoke
|poke|p1|Kyogre, L50|
|poke|p1|Archaludon, L50, M|
|poke|p1|Miraidon, L50|
|poke|p1|Tornadus, L50, M|
|poke|p1|Urshifu-*, L50, M|
|poke|p1|Incineroar, L50, F|
|poke|p2|Miraidon, L50|
|poke|p2|Calyrex-Ice, L50|
|poke|p2|Incineroar, L50, F|
|poke|p2|Rillaboom, L50, M|
|poke|p2|Landorus, L50, M|
|poke|p2|Urshifu-*, L50, M|
|teampreview|4
|inactive|Battle timer is ON: inactive players will automatically lose when time's up. (requested by kakashit_com)
|inactive|kakashit_com has 60 seconds left.
|
|t:|1750802357
|start
|switch|p1a: Miraidon|Miraidon, L50|100/100
|switch|p1b: Tornadus|Tornadus, L50, M|100/100
|switch|p2a: Miraidon|Miraidon, L50|100/100
|switch|p2b: Urshifu|Urshifu-Rapid-Strike, L50, M|100/100
|-fieldstart|move: Electric Terrain|[from] ability: Hadron Engine|[of] p1a: Miraidon
|-activate|p2a: Miraidon|ability: Hadron Engine
|turn|1
|inactive|Itsuka_1103 has 30 seconds left.
|inactive|kakashit_com has 30 seconds left.
|inactive|Itsuka_1103 has 20 seconds left.
|
|t:|1750802393
|switch|p2a: Rillaboom|Rillaboom, L50, M|100/100
|-fieldstart|move: Grassy Terrain|[from] ability: Grassy Surge|[of] p2a: Rillaboom
|-terastallize|p1a: Miraidon|Fairy
|move|p1b: Tornadus|Tailwind|p1b: Tornadus
|-sidestart|p1: Itsuka_1103|move: Tailwind
|move|p1a: Miraidon|Dazzling Gleam|p2b: Urshifu|[spread] p2a,p2b
|-supereffective|p2b: Urshifu
|-damage|p2a: Rillaboom|64/100
|-damage|p2b: Urshifu|0 fnt
|faint|p2b: Urshifu
|
|-heal|p2a: Rillaboom|70/100|[from] Grassy Terrain
|upkeep
|
|t:|1750802404
|switch|p2b: Calyrex|Calyrex-Ice, L50|100/100
|-ability|p2b: Calyrex|As One
|-ability|p2b: Calyrex|Unnerve
|turn|2
|
|t:|1750802417
|move|p2a: Rillaboom|Fake Out|p1b: Tornadus
|-damage|p1b: Tornadus|86/100
|move|p1b: Tornadus|Substitute|p1b: Tornadus
|-start|p1b: Tornadus|Substitute
|-damage|p1b: Tornadus|61/100
|move|p1a: Miraidon|Dazzling Gleam|p2a: Rillaboom|[spread] p2a,p2b
|-damage|p2a: Rillaboom|38/100
|-damage|p2b: Calyrex|67/100
|move|p2b: Calyrex|Glacial Lance|p1a: Miraidon|[spread] p1a,p1b
|-supereffective|p1b: Tornadus
|-end|p1b: Tornadus|Substitute
|-damage|p1a: Miraidon|49/100
|
|-heal|p1a: Miraidon|55/100|[from] Grassy Terrain
|-heal|p2a: Rillaboom|43/100|[from] Grassy Terrain
|-heal|p2b: Calyrex|73/100|[from] Grassy Terrain
|-heal|p2b: Calyrex|79/100|[from] item: Leftovers
|upkeep
|turn|3
|inactive|kakashit_com has 30 seconds left.
|
|t:|1750802443
|move|p2a: Rillaboom|Grassy Glide|p1a: Miraidon
|-damage|p1a: Miraidon|17/100
|move|p1a: Miraidon|Dazzling Gleam|p2a: Rillaboom|[spread] p2a,p2b
|-damage|p2a: Rillaboom|10/100
|-damage|p2b: Calyrex|46/100
|move|p1b: Tornadus|Bleakwind Storm|p2b: Calyrex|[spread] p2a,p2b
|-supereffective|p2a: Rillaboom
|-crit|p2a: Rillaboom
|-damage|p2a: Rillaboom|0 fnt
|-damage|p2b: Calyrex|28/100
|faint|p2a: Rillaboom
|move|p2b: Calyrex|Glacial Lance|p1a: Miraidon|[spread] p1a,p1b
|-supereffective|p1b: Tornadus
|-damage|p1a: Miraidon|0 fnt
|-damage|p1b: Tornadus|0 fnt
|faint|p1a: Miraidon
|faint|p1b: Tornadus
|-ability|p2b: Calyrex|Chilling Neigh|boost
|-boost|p2b: Calyrex|atk|2
|
|-heal|p2b: Calyrex|33/100|[from] Grassy Terrain
|-heal|p2b: Calyrex|39/100|[from] item: Leftovers
|upkeep
|
|t:|1750802465
|switch|p1a: Archaludon|Archaludon, L50, M|100/100
|switch|p1b: Incineroar|Incineroar, L50, F|100/100
|switch|p2a: Miraidon|Miraidon, L50|100/100
|-fieldstart|move: Electric Terrain|[from] ability: Hadron Engine|[of] p2a: Miraidon
|-ability|p1b: Incineroar|Intimidate|boost
|-unboost|p2a: Miraidon|atk|1
|-unboost|p2b: Calyrex|atk|1
|turn|4
|
|t:|1750802481
|move|p2b: Calyrex|Protect|p2b: Calyrex
|-singleturn|p2b: Calyrex|Protect
|move|p1b: Incineroar|Fake Out|p2a: Miraidon
|-damage|p2a: Miraidon|91/100
|move|p1a: Archaludon|Flash Cannon|p2b: Calyrex
|-activate|p2b: Calyrex|move: Protect
|move|p2a: Miraidon|Draco Meteor|p1a: Archaludon
|-damage|p1a: Archaludon|27/100
|-unboost|p2a: Miraidon|spa|2
|-ability|p1a: Archaludon|Stamina|boost
|-boost|p1a: Archaludon|def|1
|
|-heal|p2b: Calyrex|45/100|[from] item: Leftovers
|-sideend|p1: Itsuka_1103|move: Tailwind
|upkeep
|turn|5
|
|t:|1750802504
|-terastallize|p2b: Calyrex|Water
|move|p2a: Miraidon|Draco Meteor|p1a: Archaludon
|-damage|p1a: Archaludon|0 fnt
|-unboost|p2a: Miraidon|spa|2
|faint|p1a: Archaludon
|move|p1b: Incineroar|Knock Off|p2b: Calyrex
|-damage|p2b: Calyrex|21/100
|-enditem|p2b: Calyrex|Leftovers|[from] move: Knock Off|[of] p1b: Incineroar
|move|p2b: Calyrex|Leech Seed|p1b: Incineroar
|-start|p1b: Incineroar|move: Leech Seed
|
|-damage|p1b: Incineroar|88/100|[from] Leech Seed|[of] p2b: Calyrex
|-heal|p2b: Calyrex|33/100|[silent]
|upkeep
|turn|6
|
|t:|1750802523
|move|p2b: Calyrex|Protect|p2b: Calyrex
|-singleturn|p2b: Calyrex|Protect
|move|p2a: Miraidon|Electro Drift|p1b: Incineroar
|-damage|p1b: Incineroar|58/100
|move|p1b: Incineroar|Will-O-Wisp|p2a: Miraidon|[miss]
|-miss|p1b: Incineroar|p2a: Miraidon
|
|-damage|p1b: Incineroar|46/100|[from] Leech Seed|[of] p2b: Calyrex
|-heal|p2b: Calyrex|45/100|[silent]
|upkeep
|turn|7
|-message|Itsuka_1103 forfeited.
|
|win|kakashit_com
|raw|Itsuka_1103's rating: 1413 &rarr; <strong>1398</strong><br />(-15 for losing)
|raw|kakashit_com's rating: 1497 &rarr; <strong>1512</strong><br />(+15 for winning)
|l|☆Itsuka_1103
|player|p1|
|l|☆kakashit_com
|player|p2|
