|j|☆B0R3D_I4M
|j|☆booghost23
|t:|1750768950
|gametype|doubles
|player|p1|B0R3D_I4M|hoopster|1214
|player|p2|booghost23|policeman-gen4|1227
|teamsize|p1|6
|teamsize|p2|6
|gen|9
|tier|[Gen 9] VGC 2025 Reg I
|rated|
|rule|Species Clause: Limit one of each Pokémon
|rule|Item Clause: Limit 1 of each item
|clearpoke
|poke|p1|Groudon, L50|
|poke|p1|Iron Valiant, L50|
|poke|p1|Incineroar, L50, M|
|poke|p1|Volcarona, L50, M|
|poke|p1|Miraidon, L50|
|poke|p1|Grimmsnarl, L50, M|
|poke|p2|Dusclops, L50, M|
|poke|p2|Groudon, L50|
|poke|p2|Charizard, L50, M|
|poke|p2|Arcanine, L50, M|
|poke|p2|Koraidon, L50|
|poke|p2|Golem, L50, M|
|teampreview|4
|inactive|Battle timer is ON: inactive players will automatically lose when time's up. (requested by booghost23)
booghost23 rejected open team sheets.
|
|t:|1750768979
|start
|switch|p1a: Grimmsnarl|Grimmsnarl, L50, M, shiny|100/100
|switch|p1b: Incineroar|Incineroar, L50, M, shiny|100/100
|switch|p2a: Dusclops|Dusclops, L50, M, shiny|100/100
|switch|p2b: Rock ON|Golem, L50, M|100/100
|-ability|p1b: Incineroar|Intimidate|boost
|-unboost|p2a: Dusclops|atk|1
|-unboost|p2b: Rock ON|atk|1
|-item|p1a: Grimmsnarl|Light Clay|[from] ability: Frisk|[of] p2a: Dusclops
|-item|p1b: Incineroar|Safety Goggles|[from] ability: Frisk|[of] p2a: Dusclops
|turn|1
|inactive|booghost23 has 30 seconds left.
|
|t:|1750769004
|move|p1a: Grimmsnarl|Reflect|p1a: Grimmsnarl
|-sidestart|p1: B0R3D_I4M|Reflect
|move|p2b: Rock ON|Explosion|p1b: Incineroar|[spread] p1a,p1b
|-immune|p2a: Dusclops
|-enditem|p2b: Rock ON|Normal Gem|[from] gem
|-damage|p1a: Grimmsnarl|61/100
|-damage|p1b: Incineroar|73/100
|faint|p2b: Rock ON
|move|p1b: Incineroar|Knock Off|p2a: Dusclops
|-supereffective|p2a: Dusclops
|-damage|p2a: Dusclops|50/100
|-enditem|p2a: Dusclops|Eviolite|[from] move: Knock Off|[of] p1b: Incineroar
|move|p2a: Dusclops|Will-O-Wisp|p1a: Grimmsnarl
|-status|p1a: Grimmsnarl|brn
|
|-damage|p1a: Grimmsnarl|55/100 brn|[from] brn
|upkeep
|
|t:|1750769022
|switch|p2b: The Don|Groudon, L50|100/100
|-weather|SunnyDay|[from] ability: Drought|[of] p2b: The Don
|turn|2
|
|t:|1750769038
|move|p2a: Dusclops|Protect|p2a: Dusclops
|-singleturn|p2a: Dusclops|Protect
|move|p1a: Grimmsnarl|Thunder Wave|p2b: The Don
|-immune|p2b: The Don
|move|p2b: The Don|Swords Dance|p2b: The Don
|-boost|p2b: The Don|atk|2
|move|p1b: Incineroar|Knock Off|p2b: The Don
|-damage|p2b: The Don|73/100
|-enditem|p2b: The Don|Clear Amulet|[from] move: Knock Off|[of] p1b: Incineroar
|
|-weather|SunnyDay|[upkeep]
|-damage|p1a: Grimmsnarl|50/100 brn|[from] brn
|upkeep
|turn|3
|
|t:|1750769058
|move|p1a: Grimmsnarl|Thunder Wave|p2b: The Don
|-immune|p2b: The Don
|move|p2b: The Don|Precipice Blades|p1b: Incineroar|[spread] p1a,p1b
|-supereffective|p1b: Incineroar
|-damage|p1a: Grimmsnarl|0 fnt
|-damage|p1b: Incineroar|0 fnt
|faint|p1a: Grimmsnarl
|faint|p1b: Incineroar
|move|p2a: Dusclops|Shadow Ball|p1: Grimmsnarl|[notarget]
|-fail|p2a: Dusclops
|
|-weather|SunnyDay|[upkeep]
|upkeep
|
|t:|1750769068
|switch|p1b: Groudon|Groudon, L50|100/100
|switch|p1a: Miraidon|Miraidon, L50|100/100
|-fieldstart|move: Electric Terrain|[from] ability: Hadron Engine|[of] p1a: Miraidon
|turn|4
|inactive|B0R3D_I4M has 30 seconds left.
|
|t:|1750769095
|-terastallize|p1a: Miraidon|Fairy
|move|p1a: Miraidon|Dragon Pulse|p2b: The Don
|-damage|p2b: The Don|1/100
|move|p2b: The Don|Precipice Blades|p1a: Miraidon|[spread] p1a,p1b
|-damage|p1a: Miraidon|29/100
|-damage|p1b: Groudon|59/100
|move|p1b: Groudon|Precipice Blades|p2a: Dusclops|[spread] p2a
|-miss|p1b: Groudon|p2b: The Don
|-damage|p2a: Dusclops|13/100
|move|p2a: Dusclops|Will-O-Wisp|p1b: Groudon
|-status|p1b: Groudon|brn
|
|-weather|SunnyDay|[upkeep]
|-damage|p1b: Groudon|54/100 brn|[from] brn
|upkeep
|turn|5
|inactive|B0R3D_I4M has 30 seconds left.
|inactive|booghost23 has 30 seconds left.
|
|t:|1750769128
|move|p2b: The Don|Protect|p2b: The Don
|-singleturn|p2b: The Don|Protect
|move|p2a: Dusclops|Protect|p2a: Dusclops
|-singleturn|p2a: Dusclops|Protect
|move|p1a: Miraidon|Dragon Pulse|p2b: The Don
|-activate|p2b: The Don|move: Protect
|move|p1b: Groudon|Heat Crash|p2a: Dusclops
|-activate|p2a: Dusclops|move: Protect
|
|-weather|SunnyDay|[upkeep]
|-damage|p1b: Groudon|48/100 brn|[from] brn
|upkeep
|turn|6
|inactive|booghost23 has 30 seconds left.
|inactive|booghost23 has 20 seconds left.
|inactive|booghost23 has 15 seconds left.
|
|t:|1750769169
|move|p1a: Miraidon|Dragon Pulse|p2b: The Don
|-damage|p2b: The Don|0 fnt
|faint|p2b: The Don
|move|p1b: Groudon|Heat Crash|p2a: Dusclops
|-crit|p2a: Dusclops
|-damage|p2a: Dusclops|0 fnt
|faint|p2a: Dusclops
|
|-weather|none
|-damage|p1b: Groudon|42/100 brn|[from] brn
|upkeep
|
|t:|1750769178
|switch|p2b: Charcoal|Charizard, L50, M, shiny|100/100
|turn|7
|
|t:|1750769200
|move|p2b: Charcoal|Protect|p2b: Charcoal
|-singleturn|p2b: Charcoal|Protect
|move|p1a: Miraidon|Dragon Pulse|p2b: Charcoal
|-activate|p2b: Charcoal|move: Protect
|move|p1b: Groudon|Heat Crash|p2b: Charcoal
|-activate|p2b: Charcoal|move: Protect
|
|-damage|p1b: Groudon|36/100 brn|[from] brn
|upkeep
|turn|8
|
|t:|1750769216
|move|p1b: Groudon|Protect|p1b: Groudon
|-singleturn|p1b: Groudon|Protect
|move|p1a: Miraidon|Dragon Pulse|p2b: Charcoal
|-damage|p2b: Charcoal|14/100
|move|p2b: Charcoal|Heat Wave|p1a: Miraidon|[spread] p1a
|-activate|p1b: Groudon|move: Protect
|-damage|p1a: Miraidon|0 fnt
|faint|p1a: Miraidon
|-damage|p2b: Charcoal|4/100|[from] item: Life Orb
|
|-damage|p1b: Groudon|30/100 brn|[from] brn
|-sideend|p1: B0R3D_I4M|Reflect
|-fieldend|move: Electric Terrain
|upkeep
|turn|9
|
|t:|1750769237
|move|p2b: Charcoal|Overheat|p1b: Groudon|[miss]
|-miss|p2b: Charcoal|p1b: Groudon
|move|p1b: Groudon|Crunch|p2b: Charcoal
|-damage|p2b: Charcoal|0 fnt
|faint|p2b: Charcoal
|
|win|B0R3D_I4M
|raw|B0R3D_I4M's rating: 1214 &rarr; <strong>1240</strong><br />(+26 for winning)
|raw|booghost23's rating: 1227 &rarr; <strong>1201</strong><br />(-26 for losing)
|c|☆booghost23|NO WAY
|l|☆B0R3D_I4M
|player|p1|
|c|☆booghost23|duuuuuuuuude
|l|☆booghost23
|player|p2|
