|j|☆corgirampage
|j|☆masterdr6sh
|t:|1750816009
|gametype|doubles
|player|p1|corgirampage|101|1119
|player|p2|masterdr6sh|ghetsis|1131
|teamsize|p1|6
|teamsize|p2|6
|gen|9
|tier|[Gen 9] VGC 2025 Reg I
|rated|
|rule|Species Clause: Limit one of each Pokémon
|rule|Item Clause: Limit 1 of each item
|clearpoke
|poke|p1|Urshifu-*, L50, M|
|poke|p1|Tornadus, L50, M|
|poke|p1|Calyrex-Ice, L50|
|poke|p1|Koraidon, L50|
|poke|p1|Raging Bolt, L50|
|poke|p1|Brute Bonnet, L50|
|poke|p2|Kyogre, L50|
|poke|p2|Barraskewda, L50, M|
|poke|p2|Dipplin, L50, M|
|poke|p2|Toxicroak, L50, M|
|poke|p2|Zacian-*, L50|
|poke|p2|Kingambit, L50, F|
|teampreview|4
|
|t:|1750816055
|start
|switch|p1a: Calyrex|Calyrex-Ice, L50|100/100
|switch|p1b: Koraidon|Koraidon, L50|100/100
|switch|p2a: Kyogre|Kyogre, L50|100/100
|switch|p2b: Barraskewda|Barraskewda, L50, M, shiny|100/100
|-ability|p1a: Calyrex|As One
|-ability|p1a: Calyrex|Unnerve
|-weather|SunnyDay|[from] ability: Orichalcum Pulse|[of] p1b: Koraidon
|-activate|p1b: Koraidon|Orichalcum Pulse|[source]
|-weather|RainDance|[from] ability: Drizzle|[of] p2a: Kyogre
|turn|1
|
|t:|1750816074
|-terastallize|p2b: Barraskewda|Dark
|-terastallize|p1a: Calyrex|Water
|move|p2b: Barraskewda|Crunch|p1a: Calyrex
|-damage|p1a: Calyrex|76/100
|-damage|p2b: Barraskewda|91/100|[from] item: Life Orb
|move|p1b: Koraidon|U-turn|p2a: Kyogre
|-damage|p2a: Kyogre|63/100
|-damage|p1b: Koraidon|91/100|[from] item: Life Orb
|
|t:|1750816087
|switch|p1b: Raging Bolt|Raging Bolt, L50|100/100|[from] U-turn
|move|p2a: Kyogre|Water Spout|p1b: Raging Bolt|[spread] p1a,p1b
|-resisted|p1a: Calyrex
|-resisted|p1b: Raging Bolt
|-damage|p1a: Calyrex|53/100
|-damage|p1b: Raging Bolt|80/100
|move|p1a: Calyrex|Trick Room|p1a: Calyrex
|-fieldstart|move: Trick Room|[of] p1a: Calyrex
|
|-weather|RainDance|[upkeep]
|upkeep
|turn|2
|
|t:|1750816104
|move|p1b: Raging Bolt|Thunderclap|p2a: Kyogre
|-supereffective|p2a: Kyogre
|-damage|p2a: Kyogre|2/100
|move|p1a: Calyrex|Body Press|p2b: Barraskewda
|-supereffective|p2b: Barraskewda
|-damage|p2b: Barraskewda|0 fnt
|faint|p2b: Barraskewda
|-ability|p1a: Calyrex|Chilling Neigh|boost
|-boost|p1a: Calyrex|atk|1
|move|p2a: Kyogre|Thunder|p1a: Calyrex
|-supereffective|p1a: Calyrex
|-damage|p1a: Calyrex|0 fnt
|faint|p1a: Calyrex
|
|-weather|RainDance|[upkeep]
|upkeep
|
|t:|1750816121
|switch|p1a: Brute Bonnet|Brute Bonnet, L50|100/100
|switch|p2b: Toxicroak|Toxicroak, L50, M|100/100
|turn|3
|
|t:|1750816136
|move|p2b: Toxicroak|Fake Out|p1b: Raging Bolt
|-damage|p1b: Raging Bolt|69/100
|move|p1a: Brute Bonnet|Spore|p2b: Toxicroak
|-status|p2b: Toxicroak|slp|[from] move: Spore
|cant|p1b: Raging Bolt|flinch
|move|p2a: Kyogre|Ice Beam|p1b: Raging Bolt
|-supereffective|p1b: Raging Bolt
|-damage|p1b: Raging Bolt|31/100
|-status|p1b: Raging Bolt|frz
|
|-weather|RainDance|[upkeep]
|upkeep
|turn|4
|
|t:|1750816165
|move|p1a: Brute Bonnet|Sucker Punch|p2a: Kyogre
|-damage|p2a: Kyogre|0 fnt
|faint|p2a: Kyogre
|-curestatus|p1b: Raging Bolt|frz|[msg]
|move|p1b: Raging Bolt|Thunderclap|p2b: Toxicroak
|-damage|p2b: Toxicroak|45/100 slp
|cant|p2b: Toxicroak|slp
|
|-weather|RainDance|[upkeep]
|-heal|p2b: Toxicroak|57/100 slp|[from] ability: Dry Skin
|upkeep
|
|t:|1750816177
|switch|p2a: Zacian|Zacian-Crowned, L50|100/100
|-ability|p2a: Zacian|Intrepid Sword|boost
|-boost|p2a: Zacian|atk|1
|turn|5
|
|t:|1750816190
|move|p1a: Brute Bonnet|Spore|p2a: Zacian
|-status|p2a: Zacian|slp|[from] move: Spore
|move|p1b: Raging Bolt|Draco Meteor|p2b: Toxicroak
|-damage|p2b: Toxicroak|0 fnt
|-unboost|p1b: Raging Bolt|spa|2
|faint|p2b: Toxicroak
|cant|p2a: Zacian|slp
|
|-weather|none
|-fieldend|move: Trick Room
|upkeep
|turn|6
|
|t:|1750816211
|-end|p1b: Raging Bolt|Protosynthesis|[silent]
|switch|p1b: Koraidon|Koraidon, L50|91/100
|-weather|SunnyDay|[from] ability: Orichalcum Pulse|[of] p1b: Koraidon
|-activate|p1a: Brute Bonnet|ability: Protosynthesis
|-start|p1a: Brute Bonnet|protosynthesisatk
|-activate|p1b: Koraidon|Orichalcum Pulse|[source]
|move|p1a: Brute Bonnet|Sucker Punch|p2a: Zacian
|-resisted|p2a: Zacian
|-damage|p2a: Zacian|77/100 slp
|cant|p2a: Zacian|slp
|
|-weather|SunnyDay|[upkeep]
|upkeep
|turn|7
|
|t:|1750816228
|move|p1b: Koraidon|Flame Charge|p2a: Zacian
|-supereffective|p2a: Zacian
|-damage|p2a: Zacian|0 fnt
|-boost|p1b: Koraidon|spe|1
|faint|p2a: Zacian
|-damage|p1b: Koraidon|81/100|[from] item: Life Orb
|
|win|corgirampage
|raw|corgirampage's rating: 1119 &rarr; <strong>1145</strong><br />(+26 for winning)
|raw|masterdr6sh's rating: 1131 &rarr; <strong>1105</strong><br />(-26 for losing)
|l|☆corgirampage
|player|p1|
|l|☆masterdr6sh
|player|p2|
