|j|☆Testingstuffuser4
|j|☆Adam2E
|t:|1750773061
|gametype|doubles
|player|p1|Testingstuffuser4|101|1391
|player|p2|Adam2E|170|1365
|teamsize|p1|6
|teamsize|p2|6
|gen|9
|tier|[Gen 9] VGC 2025 Reg I
|rated|
|rule|Species Clause: Limit one of each Pokémon
|rule|Item Clause: Limit 1 of each item
|clearpoke
|poke|p1|Koraidon, L50|
|poke|p1|Amoonguss, L50, M|
|poke|p1|Incineroar, L50, M|
|poke|p1|Gothitelle, L50, F|
|poke|p1|Scream Tail, L50|
|poke|p1|Calyrex-Shadow, L50|
|poke|p2|Calyrex-Shadow, L50|
|poke|p2|Koraidon, L50|
|poke|p2|Garganacl, L50, F|
|poke|p2|Rillaboom, L50, M|
|poke|p2|Incineroar, L50, M|
|poke|p2|Urshifu-*, L50, F|
|teampreview|4
|inactive|Battle timer is ON: inactive players will automatically lose when time's up. (requested by Testingstuffuser4)
|inactive|Adam2E has 60 seconds left.
|
|t:|1750773120
|start
|switch|p1a: Koraidon|Koraidon, L50|100/100
|switch|p1b: Incineroar|Incineroar, L50, M|100/100
|switch|p2a: Calyrex|Calyrex-Shadow, L50|100/100
|switch|p2b: Garganacl|Garganacl, L50, F|100/100
|-ability|p2a: Calyrex|As One
|-ability|p2a: Calyrex|Unnerve
|-weather|SunnyDay|[from] ability: Orichalcum Pulse|[of] p1a: Koraidon
|-activate|p1a: Koraidon|Orichalcum Pulse|[source]
|-ability|p1b: Incineroar|Intimidate|boost
|-unboost|p2a: Calyrex|atk|1
|-unboost|p2b: Garganacl|atk|1
|turn|1
|
|t:|1750773137
|switch|p2b: Incineroar|Incineroar, L50, M|100/100
|-ability|p2b: Incineroar|Intimidate|boost
|-unboost|p1a: Koraidon|atk|1
|-unboost|p1b: Incineroar|atk|1
|-terastallize|p1a: Koraidon|Fire
|move|p1b: Incineroar|Fake Out|p2b: Incineroar
|-crit|p2b: Incineroar
|-damage|p2b: Incineroar|87/100
|move|p2a: Calyrex|Astral Barrage|p1b: Incineroar|[spread] p1a,p1b
|-resisted|p1b: Incineroar
|-damage|p1a: Koraidon|47/100
|-damage|p1b: Incineroar|80/100
|move|p1a: Koraidon|Flame Charge|p2a: Calyrex
|-damage|p2a: Calyrex|31/100
|-boost|p1a: Koraidon|spe|1
|-damage|p1a: Koraidon|37/100|[from] item: Life Orb
|
|-weather|SunnyDay|[upkeep]
|upkeep
|turn|2
|inactive|Testingstuffuser4 has 30 seconds left.
|inactive|Adam2E has 30 seconds left.
|inactive|Testingstuffuser4 has 20 seconds left.
|
|t:|1750773175
|move|p1a: Koraidon|Protect|p1a: Koraidon
|-singleturn|p1a: Koraidon|Protect
|move|p2b: Incineroar|Fake Out|p1b: Incineroar
|-damage|p1b: Incineroar|71/100
|move|p2a: Calyrex|Solar Beam||[still]
|-prepare|p2a: Calyrex|Solar Beam
|-anim|p2a: Calyrex|Solar Beam|p1b: Incineroar
|-resisted|p1b: Incineroar
|-damage|p1b: Incineroar|51/100
|cant|p1b: Incineroar|flinch
|
|-weather|SunnyDay|[upkeep]
|upkeep
|turn|3
|
|t:|1750773195
|move|p2a: Calyrex|Protect|p2a: Calyrex
|-singleturn|p2a: Calyrex|Protect
|move|p1a: Koraidon|Close Combat|p2b: Incineroar
|-supereffective|p2b: Incineroar
|-damage|p2b: Incineroar|0 fnt
|-unboost|p1a: Koraidon|def|1
|-unboost|p1a: Koraidon|spd|1
|faint|p2b: Incineroar
|-damage|p1a: Koraidon|28/100|[from] item: Life Orb
|move|p1b: Incineroar|Flare Blitz|p2a: Calyrex
|-activate|p2a: Calyrex|move: Protect
|
|-weather|SunnyDay|[upkeep]
|upkeep
|
|t:|1750773205
|switch|p2b: Urshifu|Urshifu-Rapid-Strike, L50, F|100/100
|turn|4
|
|t:|1750773228
|switch|p2a: Garganacl|Garganacl, L50, F|100/100
|move|p2b: Urshifu|Aqua Jet|p1a: Koraidon
|-supereffective|p1a: Koraidon
|-damage|p1a: Koraidon|0 fnt
|faint|p1a: Koraidon
|move|p1b: Incineroar|Flare Blitz|p2a: Garganacl
|-resisted|p2a: Garganacl
|-damage|p2a: Garganacl|86/100
|-damage|p1b: Incineroar|46/100|[from] Recoil
|
|-weather|SunnyDay|[upkeep]
|-heal|p2a: Garganacl|92/100|[from] item: Leftovers
|upkeep
|
|t:|1750773236
|switch|p1a: Calyrex|Calyrex-Shadow, L50|100/100
|-ability|p1a: Calyrex|As One
|-ability|p1a: Calyrex|Unnerve
|turn|5
|
|t:|1750773247
|move|p2b: Urshifu|Aqua Jet|p1b: Incineroar
|-supereffective|p1b: Incineroar
|-damage|p1b: Incineroar|30/100
|move|p1a: Calyrex|Psychic|p2b: Urshifu
|-supereffective|p2b: Urshifu
|-damage|p2b: Urshifu|0 fnt
|faint|p2b: Urshifu
|-ability|p1a: Calyrex|Grim Neigh|boost
|-boost|p1a: Calyrex|spa|1
|move|p1b: Incineroar|Parting Shot|p2a: Garganacl
|-unboost|p2a: Garganacl|atk|1
|-unboost|p2a: Garganacl|spa|1
|
|t:|1750773257
|switch|p1b: Amoonguss|Amoonguss, L50, M|100/100|[from] Parting Shot
|move|p2a: Garganacl|Salt Cure|p1a: Calyrex
|-damage|p1a: Calyrex|90/100
|-start|p1a: Calyrex|Salt Cure
|
|-weather|none
|-heal|p2a: Garganacl|98/100|[from] item: Leftovers
|-damage|p1a: Calyrex|78/100|[from] Salt Cure
|upkeep
|
|t:|1750773262
|switch|p2b: Calyrex|Calyrex-Shadow, L50|31/100
|-ability|p2b: Calyrex|As One
|-ability|p2b: Calyrex|Unnerve
|turn|6
|
|t:|1750773272
|move|p2b: Calyrex|Astral Barrage|p1b: Amoonguss|[spread] p1a,p1b
|-supereffective|p1a: Calyrex
|-damage|p1a: Calyrex|0 fnt
|-damage|p1b: Amoonguss|61/100
|faint|p1a: Calyrex
|-ability|p2b: Calyrex|Grim Neigh|boost
|-boost|p2b: Calyrex|spa|1
|move|p2a: Garganacl|Salt Cure|p1b: Amoonguss
|-damage|p1b: Amoonguss|51/100
|-start|p1b: Amoonguss|Salt Cure
|move|p1b: Amoonguss|Spore|p2a: Garganacl
|-immune|p2a: Garganacl|[from] ability: Purifying Salt
|
|-heal|p2a: Garganacl|100/100|[from] item: Leftovers
|-damage|p1b: Amoonguss|38/100|[from] Salt Cure
|upkeep
|
|t:|1750773280
|switch|p1a: Incineroar|Incineroar, L50, M|30/100
|-ability|p1a: Incineroar|Intimidate|boost
|-unboost|p2a: Garganacl|atk|1
|-unboost|p2b: Calyrex|atk|1
|turn|7
|
|t:|1750773288
|move|p2b: Calyrex|Astral Barrage|p1b: Amoonguss|[spread] p1a,p1b
|-resisted|p1a: Incineroar
|-damage|p1a: Incineroar|0 fnt
|-damage|p1b: Amoonguss|0 fnt
|faint|p1a: Incineroar
|faint|p1b: Amoonguss
|
|win|Adam2E
|raw|Testingstuffuser4's rating: 1391 &rarr; <strong>1370</strong><br />(-21 for losing)
|raw|Adam2E's rating: 1365 &rarr; <strong>1386</strong><br />(+21 for winning)
|l|☆Testingstuffuser4
|player|p1|
|l|☆Adam2E
|player|p2|
