|j|☆Altimetfarmer
|j|☆trchlt1
|t:|1750732647
|gametype|doubles
|player|p1|Altimetfarmer|102|1571
|player|p2|trchlt1|102|1636
|teamsize|p1|6
|teamsize|p2|6
|gen|9
|tier|[Gen 9] VGC 2025 Reg I
|rated|
|rule|Species Clause: Limit one of each Pokémon
|rule|Item Clause: Limit 1 of each item
|clearpoke
|poke|p1|Calyrex-Shadow, L50|
|poke|p1|Zamazenta-*, L50|
|poke|p1|Raging Bolt, L50|
|poke|p1|Rillaboom, L50, F|
|poke|p1|Smeargle, L50, F|
|poke|p1|Tornadus, L50, M|
|poke|p2|Calyrex-Shadow, L50|
|poke|p2|Zamazenta-*, L50|
|poke|p2|Dragonite, L50, M|
|poke|p2|Chien-Pao, L50|
|poke|p2|Raging Bolt, L50|
|poke|p2|Weezing-Galar, L50, F|
|teampreview|4
|inactive|Battle timer is ON: inactive players will automatically lose when time's up. (requested by trchlt1)
|inactive|Altimetfarmer has 60 seconds left.
|
|t:|1750732709
|start
|switch|p1a: Smeargle|Smeargle, L50, F|100/100
|switch|p1b: Calyrex|Calyrex-Shadow, L50|100/100
|switch|p2a: Calyrex|Calyrex-Shadow, L50|100/100
|switch|p2b: Dragonite|Dragonite, L50, M|100/100
|-ability|p2a: Calyrex|As One
|-ability|p2a: Calyrex|Unnerve
|-ability|p1b: Calyrex|As One
|-ability|p1b: Calyrex|Unnerve
|turn|1
|
|t:|1750732733
|-terastallize|p1b: Calyrex|Dark
|move|p1a: Smeargle|Burning Bulwark|p1a: Smeargle
|-singleturn|p1a: Smeargle|move: Protect
|move|p2b: Dragonite|Extreme Speed|p1a: Smeargle
|-activate|p1a: Smeargle|move: Protect
|-status|p2b: Dragonite|brn
|move|p2a: Calyrex|Psychic|p1a: Smeargle
|-activate|p1a: Smeargle|move: Protect
|move|p1b: Calyrex|Astral Barrage|p2a: Calyrex|[spread] p2a,p2b
|-supereffective|p2a: Calyrex
|-enditem|p2a: Calyrex|Focus Sash
|-damage|p2a: Calyrex|1/100
|-damage|p2b: Dragonite|35/100 brn
|-damage|p1b: Calyrex|91/100|[from] item: Life Orb
|
|-damage|p2b: Dragonite|29/100 brn|[from] brn
|-ability|p1a: Smeargle|Moody|boost
|-boost|p1a: Smeargle|def|2
|-unboost|p1a: Smeargle|spe|1
|upkeep
|turn|2
|inactive|Altimetfarmer has 30 seconds left.
|inactive|trchlt1 has 30 seconds left.
|inactive|Altimetfarmer has 20 seconds left.
|inactive|Altimetfarmer has 15 seconds left.
|inactive|Altimetfarmer has 10 seconds left.
|
|t:|1750732780
|move|p2b: Dragonite|Extreme Speed|p1a: Smeargle
|-damage|p1a: Smeargle|78/100
|move|p2a: Calyrex|Psychic|p1a: Smeargle
|-damage|p1a: Smeargle|0 fnt
|faint|p1a: Smeargle
|-ability|p2a: Calyrex|Grim Neigh|boost
|-boost|p2a: Calyrex|spa|1
|move|p1b: Calyrex|Astral Barrage|p2a: Calyrex|[spread] p2a,p2b
|-supereffective|p2a: Calyrex
|-damage|p2a: Calyrex|0 fnt
|-damage|p2b: Dragonite|0 fnt
|faint|p2a: Calyrex
|faint|p2b: Dragonite
|-ability|p1b: Calyrex|Grim Neigh|boost
|-boost|p1b: Calyrex|spa|2
|-damage|p1b: Calyrex|81/100|[from] item: Life Orb
|
|upkeep
|
|t:|1750732791
|switch|p2a: Zamazenta|Zamazenta-Crowned, L50|100/100
|switch|p1a: Zamazenta|Zamazenta-Crowned, L50|100/100
|switch|p2b: Raging Bolt|Raging Bolt, L50|100/100
|-ability|p1a: Zamazenta|Dauntless Shield|boost
|-boost|p1a: Zamazenta|def|1
|-ability|p2a: Zamazenta|Dauntless Shield|boost
|-boost|p2a: Zamazenta|def|1
|turn|3
|
|t:|1750732803
|move|p2a: Zamazenta|Wide Guard|p2a: Zamazenta
|-singleturn|p2a: Zamazenta|Wide Guard
|move|p1b: Calyrex|Psychic|p2a: Zamazenta
|-damage|p2a: Zamazenta|4/100
|-unboost|p2a: Zamazenta|spd|1
|-damage|p1b: Calyrex|71/100|[from] item: Life Orb
|move|p1a: Zamazenta|Body Press|p2a: Zamazenta
|-supereffective|p2a: Zamazenta
|-damage|p2a: Zamazenta|0 fnt
|faint|p2a: Zamazenta
|move|p2b: Raging Bolt|Electroweb|p1b: Calyrex|[spread] p1b
|-miss|p2b: Raging Bolt|p1a: Zamazenta
|-damage|p1b: Calyrex|50/100
|-unboost|p1b: Calyrex|spe|1
|
|upkeep
|turn|4
|
|t:|1750732820
|-terastallize|p2b: Raging Bolt|Electric
|move|p2b: Raging Bolt|Thunderclap|p1b: Calyrex
|-damage|p1b: Calyrex|0 fnt
|faint|p1b: Calyrex
|move|p1a: Zamazenta|Body Press|p2b: Raging Bolt
|-damage|p2b: Raging Bolt|51/100
|
|upkeep
|
|t:|1750732828
|switch|p1b: Raging Bolt|Raging Bolt, L50|100/100
|-enditem|p1b: Raging Bolt|Booster Energy
|-activate|p1b: Raging Bolt|ability: Protosynthesis|[fromitem]
|-start|p1b: Raging Bolt|protosynthesisspa
|turn|5
|
|t:|1750732834
|move|p1a: Zamazenta|Body Press|p2b: Raging Bolt
|-damage|p2b: Raging Bolt|0 fnt
|faint|p2b: Raging Bolt
|-end|p2b: Raging Bolt|Protosynthesis|[silent]
|
|win|Altimetfarmer
|raw|Altimetfarmer's rating: 1571 &rarr; <strong>1595</strong><br />(+24 for winning)
|raw|trchlt1's rating: 1636 &rarr; <strong>1612</strong><br />(-24 for losing)
|l|☆trchlt1
|player|p2|
|l|☆Altimetfarmer
|player|p1|
