|j|☆SuperDruper
|j|☆wuhanyiluanma
|t:|1750841685
|gametype|doubles
|player|p1|SuperDruper|hooligans|1566
|player|p2|wuhanyiluanma|266|1506
|teamsize|p1|6
|teamsize|p2|6
|gen|9
|tier|[Gen 9] VGC 2025 Reg I
|rated|
|rule|Species Clause: Limit one of each Pokémon
|rule|Item Clause: Limit 1 of each item
|clearpoke
|poke|p1|Calyrex-Shadow, L50|
|poke|p1|Koraidon, L50|
|poke|p1|Indeedee-F, L50, F|
|poke|p1|Tornadus, L50, M|
|poke|p1|Flutter Mane, L50|
|poke|p1|Chi-Yu, L50|
|poke|p2|Okidogi, L50, M|
|poke|p2|Palkia, L50|
|poke|p2|Lanturn, L50, F|
|poke|p2|Miraidon, L50|
|poke|p2|Grimmsnarl, L50, M|
|poke|p2|Oranguru, L50, F|
|teampreview|4
SuperDruper has agreed to open team sheets.
|inactive|Battle timer is ON: inactive players will automatically lose when time's up. (requested by SuperDruper)
|
|t:|1750841715
|start
|switch|p1a: Calyrex|Calyrex-Shadow, L50|100/100
|switch|p1b: Koraidon|Koraidon, L50|100/100
|switch|p2a: Grimmsnarl|Grimmsnarl, L50, M|100/100
|switch|p2b: Palkia|Palkia, L50|100/100
|-ability|p1a: Calyrex|As One
|-ability|p1a: Calyrex|Unnerve
|-weather|SunnyDay|[from] ability: Orichalcum Pulse|[of] p1b: Koraidon
|-activate|p1b: Koraidon|Orichalcum Pulse|[source]
|turn|1
|
|t:|1750841734
|move|p1b: Koraidon|Protect|p1b: Koraidon
|-singleturn|p1b: Koraidon|Protect
|move|p2a: Grimmsnarl|Light Screen|p2a: Grimmsnarl
|-sidestart|p2: wuhanyiluanma|move: Light Screen
|move|p1a: Calyrex|Encore|p2a: Grimmsnarl
|-start|p2a: Grimmsnarl|Encore
|move|p2b: Palkia|Trick Room|p2b: Palkia
|-fieldstart|move: Trick Room|[of] p2b: Palkia
|
|-weather|SunnyDay|[upkeep]
|upkeep
|turn|2
|
|t:|1750841756
|switch|p2a: Oranguru|Oranguru, L50, F|100/100
|-terastallize|p1b: Koraidon|Fire
|move|p2b: Palkia|Spacial Rend|p1b: Koraidon
|-damage|p1b: Koraidon|18/100
|move|p1b: Koraidon|Collision Course|p2b: Palkia
|-damage|p2b: Palkia|36/100
|move|p1a: Calyrex|Astral Barrage|p2b: Palkia|[spread] p2b
|-immune|p2a: Oranguru
|-damage|p2b: Palkia|0 fnt
|faint|p2b: Palkia
|-ability|p1a: Calyrex|Grim Neigh|boost
|-boost|p1a: Calyrex|spa|1
|-damage|p1a: Calyrex|91/100|[from] item: Life Orb
|
|-weather|SunnyDay|[upkeep]
|upkeep
|
|t:|1750841778
|switch|p2b: Miraidon|Miraidon, L50|100/100
|-fieldstart|move: Electric Terrain|[from] ability: Hadron Engine|[of] p2b: Miraidon
|turn|3
|
|t:|1750841799
|move|p1b: Koraidon|Protect|p1b: Koraidon
|-singleturn|p1b: Koraidon|Protect
|move|p2a: Oranguru|Imprison|p2a: Oranguru
|-start|p2a: Oranguru|move: Imprison
|move|p2b: Miraidon|Calm Mind|p2b: Miraidon
|-boost|p2b: Miraidon|spa|1
|-boost|p2b: Miraidon|spd|1
|move|p1a: Calyrex|Astral Barrage|p2b: Miraidon|[spread] p2b
|-immune|p2a: Oranguru
|-damage|p2b: Miraidon|60/100
|-damage|p1a: Calyrex|82/100|[from] item: Life Orb
|
|-weather|SunnyDay|[upkeep]
|upkeep
|turn|4
|
|t:|1750841823
|move|p2a: Oranguru|Instruct|p2b: Miraidon
|-singleturn|p2b: Miraidon|move: Instruct|[of] p2a: Oranguru
|move|p2b: Miraidon|Calm Mind|p2b: Miraidon
|-boost|p2b: Miraidon|spa|1
|-boost|p2b: Miraidon|spd|1
|move|p2b: Miraidon|Parabolic Charge|p1a: Calyrex|[spread] p1a,p1b
|-activate|p2a: Oranguru|ability: Telepathy
|-damage|p1a: Calyrex|2/100
|-heal|p2b: Miraidon|95/100|[from] drain|[of] p1a: Calyrex
|-damage|p1b: Koraidon|0 fnt
|-heal|p2b: Miraidon|100/100|[from] drain|[of] p1b: Koraidon
|faint|p1b: Koraidon
|move|p1a: Calyrex|Encore|p2b: Miraidon
|-start|p2b: Miraidon|Encore
|
|-weather|SunnyDay|[upkeep]
|upkeep
|j| Mertoo
|
|t:|1750841839
|switch|p1b: Flutter Mane|Flutter Mane, L50|100/100
|-activate|p1b: Flutter Mane|ability: Protosynthesis
|-start|p1b: Flutter Mane|protosynthesisspe
|turn|5
|
|t:|1750841856
|switch|p1a: Chi-Yu|Chi-Yu, L50|100/100
|-ability|p1a: Chi-Yu|Beads of Ruin
|-terastallize|p2b: Miraidon|Fairy
|move|p2a: Oranguru|Instruct|p2b: Miraidon
|-singleturn|p2b: Miraidon|move: Instruct|[of] p2a: Oranguru
|move|p2b: Miraidon|Parabolic Charge|p1a: Chi-Yu|[spread] p1a,p1b
|-activate|p2a: Oranguru|ability: Telepathy
|-damage|p1a: Chi-Yu|12/100
|-enditem|p1b: Flutter Mane|Focus Sash
|-damage|p1b: Flutter Mane|1/100
|move|p2b: Miraidon|Parabolic Charge|p1b: Flutter Mane|[spread] p1a,p1b
|-activate|p2a: Oranguru|ability: Telepathy
|-damage|p1a: Chi-Yu|0 fnt
|-damage|p1b: Flutter Mane|0 fnt
|faint|p1a: Chi-Yu
|faint|p1b: Flutter Mane
|-end|p1b: Flutter Mane|Protosynthesis|[silent]
|
|-weather|none
|-fieldend|move: Trick Room
|upkeep
|-message|SuperDruper forfeited.
|
|win|wuhanyiluanma
|raw|SuperDruper's rating: 1566 &rarr; <strong>1543</strong><br />(-23 for losing)
|raw|wuhanyiluanma's rating: 1506 &rarr; <strong>1529</strong><br />(+23 for winning)
|l|☆SuperDruper
|player|p1|
|l| Mertoo
|l|☆wuhanyiluanma
|player|p2|
