|j|☆sillynator
|j|☆condret
|t:|1750729301
|gametype|doubles
|player|p1|sillynator|emmet|1112
|player|p2|condret|169|1147
|teamsize|p1|6
|teamsize|p2|6
|gen|9
|tier|[Gen 9] VGC 2025 Reg I
|rated|
|rule|Species Clause: Limit one of each Pokémon
|rule|Item Clause: Limit 1 of each item
|clearpoke
|poke|p1|Miraidon, L50|
|poke|p1|Basculegion, L50, M|
|poke|p1|Kyogre, L50|
|poke|p1|Incineroar, L50, F|
|poke|p1|Ogerpon-Cornerstone, L50, F|
|poke|p1|Murkrow, L50, M|
|poke|p2|Miraidon, L50|
|poke|p2|Entei, L50|
|poke|p2|Gastrodon-East, L50, M|
|poke|p2|Grimmsnarl, L50, M|
|poke|p2|Lunala, L50|
|poke|p2|Conkeldurr, L50, M|
|teampreview|4
|inactive|Battle timer is ON: inactive players will automatically lose when time's up. (requested by sillynator)
|inactive|sillynator has 60 seconds left.
|inactive|condret has 60 seconds left.
condret has agreed to open team sheets.
|
|t:|1750729344
|start
|switch|p1a: Kyogre|Kyogre, L50, shiny|100/100
|switch|p1b: Ogerpon|Ogerpon-Cornerstone, L50, F|100/100
|switch|p2a: Grimmsnarl|Grimmsnarl, L50, M|100/100
|switch|p2b: Lunala|Lunala, L50, shiny|100/100
|-weather|RainDance|[from] ability: Drizzle|[of] p1a: Kyogre
|turn|1
|inactive|condret has 30 seconds left.
|inactive|sillynator has 30 seconds left.
|
|t:|1750729381
|move|p1a: Kyogre|Protect|p1a: Kyogre
|-singleturn|p1a: Kyogre|Protect
|move|p2a: Grimmsnarl|Fake Out|p1a: Kyogre
|-activate|p1a: Kyogre|move: Protect
|move|p1b: Ogerpon|Taunt|p2a: Grimmsnarl
|-start|p2a: Grimmsnarl|move: Taunt
|move|p2b: Lunala|Tailwind|p2b: Lunala
|-sidestart|p2: condret|move: Tailwind
|
|-weather|RainDance|[upkeep]
|upkeep
|turn|2
|
|t:|1750729402
|move|p2b: Lunala|Wide Guard|p2b: Lunala
|-singleturn|p2b: Lunala|Wide Guard
|move|p1b: Ogerpon|Follow Me|p1b: Ogerpon
|-singleturn|p1b: Ogerpon|move: Follow Me
|move|p1a: Kyogre|Water Spout|p2b: Lunala|[spread] 
|-activate|p2a: Grimmsnarl|move: Wide Guard
|-activate|p2b: Lunala|move: Wide Guard
|move|p2a: Grimmsnarl|Spirit Break|p1b: Ogerpon
|-damage|p1b: Ogerpon|66/100
|-unboost|p1b: Ogerpon|spa|1
|
|-weather|RainDance|[upkeep]
|upkeep
|turn|3
|
|t:|1750729418
|move|p1a: Kyogre|Protect|p1a: Kyogre
|-singleturn|p1a: Kyogre|Protect
|move|p2b: Lunala|Wide Guard|p2b: Lunala
|-singleturn|p2b: Lunala|Wide Guard
|move|p1b: Ogerpon|Taunt|p2b: Lunala
|-start|p2b: Lunala|move: Taunt
|move|p2a: Grimmsnarl|Spirit Break|p1a: Kyogre
|-activate|p1a: Kyogre|move: Protect
|
|-weather|RainDance|[upkeep]
|upkeep
|turn|4
|
|t:|1750729437
|move|p1b: Ogerpon|Follow Me|p1b: Ogerpon
|-singleturn|p1b: Ogerpon|move: Follow Me
|move|p2b: Lunala|Meteor Beam||[still]
|-prepare|p2b: Lunala|Meteor Beam
|-boost|p2b: Lunala|spa|1
|-enditem|p2b: Lunala|Power Herb
|-anim|p2b: Lunala|Meteor Beam|p1b: Ogerpon
|-damage|p1b: Ogerpon|8/100
|move|p1a: Kyogre|Water Spout|p2b: Lunala|[spread] p2a,p2b
|-damage|p2a: Grimmsnarl|0 fnt
|-damage|p2b: Lunala|59/100
|faint|p2a: Grimmsnarl
|
|-weather|RainDance|[upkeep]
|-sideend|p2: condret|move: Tailwind
|upkeep
|
|t:|1750729455
|switch|p2a: Miraidon|Miraidon, L50|100/100
|-fieldstart|move: Electric Terrain|[from] ability: Hadron Engine|[of] p2a: Miraidon
|turn|5
|
|t:|1750729475
|switch|p2a: Gastrodon|Gastrodon-East, L50, M|100/100
|-enditem|p2a: Gastrodon|Electric Seed
|-boost|p2a: Gastrodon|def|1|[from] item: Electric Seed
|switch|p1b: Miraidon|Miraidon, L50|100/100
|-activate|p1b: Miraidon|ability: Hadron Engine
|-terastallize|p1a: Kyogre|Ice
|move|p2b: Lunala|Moongeist Beam|p1a: Kyogre
|-damage|p1a: Kyogre|50/100
|move|p1a: Kyogre|Ice Beam|p2a: Gastrodon
|-damage|p2a: Gastrodon|60/100
|
|-weather|none
|upkeep
|turn|6
|inactive|sillynator has 30 seconds left.
|
|t:|1750729508
|move|p1b: Miraidon|Dazzling Gleam|p2a: Gastrodon|[spread] p2a,p2b
|-damage|p2a: Gastrodon|31/100
|-damage|p2b: Lunala|32/100
|move|p2b: Lunala|Moongeist Beam|p1a: Kyogre
|-damage|p1a: Kyogre|0 fnt
|faint|p1a: Kyogre
|move|p2a: Gastrodon|Recover|p2a: Gastrodon
|-heal|p2a: Gastrodon|81/100
|
|-end|p2b: Lunala|move: Taunt
|upkeep
|
|t:|1750729515
|switch|p1a: Ogerpon|Ogerpon-Cornerstone, L50, F|8/100
|turn|7
|
|t:|1750729539
|-terastallize|p2a: Gastrodon|Fire
|move|p1a: Ogerpon|Spiky Shield|p1a: Ogerpon
|-singleturn|p1a: Ogerpon|move: Protect
|move|p1b: Miraidon|Dazzling Gleam|p2a: Gastrodon|[spread] p2a,p2b
|-resisted|p2a: Gastrodon
|-damage|p2a: Gastrodon|66/100
|-damage|p2b: Lunala|3/100
|move|p2b: Lunala|Tailwind|p2b: Lunala
|-sidestart|p2: condret|move: Tailwind
|move|p2a: Gastrodon|Muddy Water|p1b: Miraidon|[spread] p1b
|-activate|p1a: Ogerpon|move: Protect
|-resisted|p1b: Miraidon
|-damage|p1b: Miraidon|91/100
|
|upkeep
|turn|8
|inactive|condret has 30 seconds left.
|
|t:|1750729567
|move|p1a: Ogerpon|Follow Me|p1a: Ogerpon
|-singleturn|p1a: Ogerpon|move: Follow Me
|move|p2b: Lunala|Moongeist Beam|p1a: Ogerpon
|-damage|p1a: Ogerpon|0 fnt
|faint|p1a: Ogerpon
|move|p1b: Miraidon|Dazzling Gleam|p2a: Gastrodon|[spread] p2a,p2b
|-resisted|p2a: Gastrodon
|-damage|p2a: Gastrodon|50/100
|-damage|p2b: Lunala|0 fnt
|faint|p2b: Lunala
|move|p2a: Gastrodon|Earth Power|p1b: Miraidon
|-supereffective|p1b: Miraidon
|-crit|p1b: Miraidon
|-damage|p1b: Miraidon|11/100
|
|upkeep
|
|t:|1750729580
|switch|p1a: Basculegion|Basculegion, L50, M|100/100
|switch|p2b: Miraidon|Miraidon, L50|100/100
|-activate|p2b: Miraidon|ability: Hadron Engine
|turn|9
|
|t:|1750729599
|move|p2b: Miraidon|Electro Drift|p1a: Basculegion
|-supereffective|p1a: Basculegion
|-damage|p1a: Basculegion|0 fnt
|faint|p1a: Basculegion
|move|p1b: Miraidon|Dazzling Gleam|p2a: Gastrodon|[spread] p2a,p2b
|-resisted|p2a: Gastrodon
|-supereffective|p2b: Miraidon
|-damage|p2a: Gastrodon|36/100
|-damage|p2b: Miraidon|57/100
|move|p2a: Gastrodon|Recover|p2a: Gastrodon
|-heal|p2a: Gastrodon|86/100
|
|-fieldend|move: Electric Terrain
|upkeep
|turn|10
|-message|sillynator forfeited.
|
|win|condret
|raw|sillynator's rating: 1112 &rarr; <strong>1090</strong><br />(-22 for losing)
|raw|condret's rating: 1147 &rarr; <strong>1169</strong><br />(+22 for winning)
|l|☆sillynator
|player|p1|
