|j|☆ShellyV25
|j|☆MintyFourScore
|t:|1750876239
|gametype|doubles
|player|p1|ShellyV25|hilbert|1209
|player|p2|MintyFourScore|carmine-festival|1269
|teamsize|p1|6
|teamsize|p2|6
|gen|9
|tier|[Gen 9] VGC 2025 Reg I
|rated|
|rule|Species Clause: Limit one of each Pokémon
|rule|Item Clause: Limit 1 of each item
|clearpoke
|poke|p1|Calyrex-Shadow, L50|
|poke|p1|Chi-Yu, L50|
|poke|p1|Weezing-Galar, L50, M|
|poke|p1|Brute Bonnet, L50|
|poke|p1|Walking Wake, L50|
|poke|p1|Koraidon, L50|
|poke|p2|Miraidon, L50|
|poke|p2|Koraidon, L50|
|poke|p2|Iron Hands, L50|
|poke|p2|Incineroar, L50, M|
|poke|p2|Tornadus, L50, M|
|poke|p2|Flutter Mane, L50|
|teampreview|4
|
|t:|1750876281
|start
|switch|p1a: Koraidon|Koraidon, L50|100/100
|switch|p1b: Weezing|Weezing-Galar, L50, M, shiny|100/100
|switch|p2a: John Lennon|Incineroar, L50, M|100/100
|switch|p2b: MiraiTHEM|Miraidon, L50|100/100
|-ability|p1b: Weezing|Neutralizing Gas
|-block|p1a: Koraidon|item: Ability Shield
|-weather|SunnyDay|[from] ability: Orichalcum Pulse|[of] p1a: Koraidon
|-activate|p1a: Koraidon|Orichalcum Pulse|[source]
|turn|1
|
|t:|1750876308
|move|p1a: Koraidon|Protect|p1a: Koraidon
|-singleturn|p1a: Koraidon|Protect
|move|p2a: John Lennon|Fake Out|p1a: Koraidon
|-activate|p1a: Koraidon|move: Protect
|move|p2b: MiraiTHEM|Dazzling Gleam|p1b: Weezing|[spread] p1b
|-activate|p1a: Koraidon|move: Protect
|-resisted|p1b: Weezing
|-damage|p1b: Weezing|85/100
|move|p1b: Weezing|Strange Steam|p2b: MiraiTHEM
|-supereffective|p2b: MiraiTHEM
|-damage|p2b: MiraiTHEM|52/100
|
|-weather|SunnyDay|[upkeep]
|upkeep
|turn|2
|
|t:|1750876340
|switch|p2b: Iron Pronouns|Iron Hands, L50|100/100
|-terastallize|p1a: Koraidon|Fire
|move|p1a: Koraidon|Collision Course|p2a: John Lennon
|-supereffective|p2a: John Lennon
|-damage|p2a: John Lennon|0 fnt
|faint|p2a: John Lennon
|move|p1b: Weezing|Strange Steam|p2b: Iron Pronouns
|-supereffective|p2b: Iron Pronouns
|-damage|p2b: Iron Pronouns|69/100
|
|-weather|SunnyDay|[upkeep]
|upkeep
|
|t:|1750876354
|switch|p2a: MiraiTHEM|Miraidon, L50|52/100
|turn|3
|
|t:|1750876363
|-terastallize|p2a: MiraiTHEM|Electric
|move|p1a: Koraidon|Protect|p1a: Koraidon
|-singleturn|p1a: Koraidon|Protect
|move|p2a: MiraiTHEM|Volt Switch|p1a: Koraidon
|-activate|p1a: Koraidon|move: Protect
|move|p1b: Weezing|Will-O-Wisp|p2b: Iron Pronouns
|-status|p2b: Iron Pronouns|brn
|move|p2b: Iron Pronouns|Heavy Slam|p1b: Weezing
|-supereffective|p1b: Weezing
|-damage|p1b: Weezing|46/100
|
|-weather|SunnyDay|[upkeep]
|-damage|p2b: Iron Pronouns|63/100 brn|[from] brn
|upkeep
|turn|4
|
|t:|1750876386
|move|p2a: MiraiTHEM|Volt Switch|p1a: Koraidon
|-damage|p1a: Koraidon|31/100
|
|t:|1750876397
|switch|p2a: BUTCHaidon|Koraidon, L50|100/100|[from] Volt Switch
|move|p1a: Koraidon|Flare Blitz|p2a: BUTCHaidon
|-resisted|p2a: BUTCHaidon
|-crit|p2a: BUTCHaidon
|-damage|p2a: BUTCHaidon|15/100
|-damage|p1a: Koraidon|6/100|[from] Recoil
|move|p1b: Weezing|Strange Steam|p2b: Iron Pronouns
|-supereffective|p2b: Iron Pronouns
|-damage|p2b: Iron Pronouns|28/100 brn
|move|p2b: Iron Pronouns|Heavy Slam|p1b: Weezing
|-supereffective|p1b: Weezing
|-damage|p1b: Weezing|3/100
|
|-weather|SunnyDay|[upkeep]
|-damage|p2b: Iron Pronouns|22/100 brn|[from] brn
|upkeep
|turn|5
|-message|MintyFourScore forfeited.
|
|win|ShellyV25
|raw|ShellyV25's rating: 1209 &rarr; <strong>1238</strong><br />(+29 for winning)
|raw|MintyFourScore's rating: 1269 &rarr; <strong>1240</strong><br />(-29 for losing)
|l|☆MintyFourScore
|player|p2|
