|j|☆Sobble14
|j|☆azzazzl
|t:|1750821184
|gametype|doubles
|player|p1|Sobble14|169|1625
|player|p2|azzazzl|dawn|1481
|teamsize|p1|6
|teamsize|p2|6
|gen|9
|tier|[Gen 9] VGC 2025 Reg I
|rated|
|rule|Species Clause: Limit one of each Pokémon
|rule|Item Clause: Limit 1 of each item
|clearpoke
|poke|p1|Miraidon, L50|
|poke|p1|Terapagos, L50, M|
|poke|p1|Iron Valiant, L50|
|poke|p1|Pawmot, L50, F|
|poke|p1|Comfey, L50, M|
|poke|p1|Clodsire, L50, F|
|poke|p2|Calyrex-Ice, L50|
|poke|p2|Kyogre, L50|
|poke|p2|Brute Bonnet, L50|
|poke|p2|Indeedee-F, L50, F|
|poke|p2|Gallade, L50, M|
|poke|p2|Ursaluna, L50, M|
|teampreview|4
|
|t:|1750821225
|start
|switch|p1a: Terapagos|Terapagos, L50, M|100/100
|switch|p1b: Iron Valiant|Iron Valiant, L50|100/100
|switch|p2a: Calyrex|Calyrex-Ice, L50|100/100
|switch|p2b: Indeedee|Indeedee-F, L50, F|100/100
|-activate|p1a: Terapagos|ability: Tera Shift
|detailschange|p1a: Terapagos|Terapagos-Terastal, L50, M
|-heal|p1a: Terapagos|100/100|[silent]
|-ability|p2a: Calyrex|As One
|-ability|p2a: Calyrex|Unnerve
|-fieldstart|move: Psychic Terrain|[from] ability: Psychic Surge|[of] p2b: Indeedee
|-enditem|p1b: Iron Valiant|Booster Energy
|-activate|p1b: Iron Valiant|ability: Quark Drive|[fromitem]
|-start|p1b: Iron Valiant|quarkdrivespe
|turn|1
|
|t:|1750821244
|-end|p1b: Iron Valiant|Quark Drive|[silent]
|switch|p1b: Comfey|Comfey, L50, M|100/100
|move|p2b: Indeedee|Follow Me|p2b: Indeedee
|-singleturn|p2b: Indeedee|move: Follow Me
|move|p1a: Terapagos|Calm Mind|p1a: Terapagos
|-boost|p1a: Terapagos|spa|1
|-boost|p1a: Terapagos|spd|1
|move|p2a: Calyrex|Trick Room|p2a: Calyrex
|-fieldstart|move: Trick Room|[of] p2a: Calyrex
|
|upkeep
|turn|2
|
|t:|1750821269
|switch|p2b: Gallade|Gallade, L50, M|100/100
|-terastallize|p1a: Terapagos|Stellar
|detailschange|p1a: Terapagos|Terapagos-Stellar, L50, M, tera:Stellar
|-heal|p1a: Terapagos|100/100|[silent]
|-ability|p1a: Terapagos|Teraform Zero
|-fieldend|move: Psychic Terrain
|move|p1b: Comfey|Draining Kiss|p2a: Calyrex
|-damage|p2a: Calyrex|90/100
|move|p2a: Calyrex|Imprison|p2a: Calyrex
|-start|p2a: Calyrex|move: Imprison
|move|p1a: Terapagos|Tera Starstorm|p2b: Gallade|[spread] p2a,p2b
|-damage|p2a: Calyrex|46/100
|-damage|p2b: Gallade|42/100
|
|upkeep
|turn|3
|
|t:|1750821316
|switch|p2a: Kyogre|Kyogre, L50|100/100
|-weather|RainDance|[from] ability: Drizzle|[of] p2a: Kyogre
|move|p1b: Comfey|Draining Kiss|p2b: Gallade
|-supereffective|p2b: Gallade
|-damage|p2b: Gallade|13/100
|move|p2b: Gallade|Sacred Sword|p1a: Terapagos
|-supereffective|p1a: Terapagos
|-damage|p1a: Terapagos|0 fnt
|faint|p1a: Terapagos
|detailschange|p1: Terapagos|Terapagos, L50, M|[silent]
|-damage|p2b: Gallade|3/100|[from] item: Life Orb
|
|-weather|RainDance|[upkeep]
|upkeep
|
|t:|1750821334
|switch|p1a: Pawmot|Pawmot, L50, F|100/100
|turn|4
|
|t:|1750821353
|switch|p2b: Indeedee|Indeedee-F, L50, F|100/100
|-fieldstart|move: Psychic Terrain|[from] ability: Psychic Surge|[of] p2b: Indeedee
|-terastallize|p2a: Kyogre|Grass
|move|p2a: Kyogre|Water Spout|p1a: Pawmot|[spread] p1a,p1b
|-enditem|p1a: Pawmot|Focus Sash
|-damage|p1a: Pawmot|1/100
|-damage|p1b: Comfey|0 fnt
|faint|p1b: Comfey
|move|p1a: Pawmot|Nuzzle|p2a: Kyogre
|-resisted|p2a: Kyogre
|-damage|p2a: Kyogre|96/100
|-status|p2a: Kyogre|par
|
|-weather|RainDance|[upkeep]
|upkeep
|
|t:|1750821364
|switch|p1b: Iron Valiant|Iron Valiant, L50|100/100
|turn|5
|
|t:|1750821376
|move|p1b: Iron Valiant|Protect|p1b: Iron Valiant
|-singleturn|p1b: Iron Valiant|Protect
|cant|p2a: Kyogre|par
|move|p2b: Indeedee|Alluring Voice|p1a: Pawmot
|-supereffective|p1a: Pawmot
|-damage|p1a: Pawmot|0 fnt
|faint|p1a: Pawmot
|
|-weather|RainDance|[upkeep]
|-fieldend|move: Trick Room
|upkeep
|turn|6
|
|t:|1750821390
|move|p2b: Indeedee|Follow Me|p2b: Indeedee
|-singleturn|p2b: Indeedee|move: Follow Me
|move|p1b: Iron Valiant|Disable|p2b: Indeedee
|-start|p2b: Indeedee|Disable|Follow Me
|move|p2a: Kyogre|Water Spout|p1b: Iron Valiant
|-damage|p1b: Iron Valiant|0 fnt
|faint|p1b: Iron Valiant
|-end|p1b: Iron Valiant|Quark Drive|[silent]
|
|win|azzazzl
|raw|Sobble14's rating: 1625 &rarr; <strong>1597</strong><br />(-28 for losing)
|raw|azzazzl's rating: 1481 &rarr; <strong>1509</strong><br />(+28 for winning)
|l|☆Sobble14
|player|p1|
|l|☆azzazzl
|player|p2|
