|j|☆whyyoudothat34
|j|☆Witchard
|t:|1750785926
|gametype|doubles
|player|p1|whyyoudothat34|1|1096
|player|p2|Witchard|2|1009
|teamsize|p1|6
|teamsize|p2|6
|gen|9
|tier|[Gen 9] VGC 2025 Reg I
|rated|
|rule|Species Clause: Limit one of each Pokémon
|rule|Item Clause: Limit 1 of each item
|clearpoke
|poke|p1|Calyrex-Shadow, L50|
|poke|p1|Incineroar, L50, M|
|poke|p1|Regieleki, L50|
|poke|p1|Amoonguss, L50, M|
|poke|p1|Dondozo, L50, M|
|poke|p1|Tatsugiri-Droopy, L50, F|
|poke|p2|Groudon, L50|
|poke|p2|Miraidon, L50|
|poke|p2|Charizard, L50, F|
|poke|p2|Iron Hands, L50|
|poke|p2|Jumpluff, L50, F|
|poke|p2|Oranguru, L50, M|
|teampreview|4
whyyoudothat34 has agreed to open team sheets.
|inactive|Battle timer is ON: inactive players will automatically lose when time's up. (requested by whyyoudothat34)
|
|t:|1750785983
|start
|switch|p1a: chef|Dondozo, L50, M|100/100
|switch|p1b: sushi|Tatsugiri-Droopy, L50, F|100/100
|switch|p2a: Jumpluff|Jumpluff, L50, F|100/100
|switch|p2b: Groudon|Groudon, L50|100/100
|-weather|SunnyDay|[from] ability: Drought|[of] p2b: Groudon
|-activate|p1b: sushi|ability: Commander|[of] p1a: chef
|-boost|p1a: chef|atk|2
|-boost|p1a: chef|spa|2
|-boost|p1a: chef|spe|2
|-boost|p1a: chef|def|2
|-boost|p1a: chef|spd|2
|turn|1
|inactive|Witchard has 30 seconds left.
|
|t:|1750786012
|move|p2b: Groudon|Protect|p2b: Groudon
|-singleturn|p2b: Groudon|Protect
|move|p2a: Jumpluff|Endeavor|p1a: chef
|-damage|p1a: chef|63/100
|move|p1a: chef|Ice Fang|p2a: Jumpluff
|-supereffective|p2a: Jumpluff
|-enditem|p2a: Jumpluff|Focus Sash
|-damage|p2a: Jumpluff|1/100
|
|-weather|SunnyDay|[upkeep]
|upkeep
|turn|2
|inactive|Witchard has 30 seconds left.
|
|t:|1750786042
|switch|p2b: Charizard|Charizard, L50, F, shiny|100/100
|move|p2a: Jumpluff|Endeavor|p1a: chef
|-damage|p1a: chef|1/100
|move|p1a: chef|Wave Crash|p2b: Charizard
|-supereffective|p2b: Charizard
|-damage|p2b: Charizard|0 fnt
|faint|p2b: Charizard
|-damage|p1a: chef|0 fnt|[from] Recoil
|faint|p1a: chef
|
|-weather|SunnyDay|[upkeep]
|upkeep
|
|t:|1750786058
|switch|p2b: Miraidon|Miraidon, L50|100/100
|switch|p1a: dead horse:(|Calyrex-Shadow, L50|100/100
|-ability|p1a: dead horse:(|As One
|-ability|p1a: dead horse:(|Unnerve
|-fieldstart|move: Electric Terrain|[from] ability: Hadron Engine|[of] p2b: Miraidon
|turn|3
|
|t:|1750786083
|-terastallize|p1a: dead horse:(|Fairy
|-terastallize|p2b: Miraidon|Fairy
|move|p2a: Jumpluff|Tailwind|p2a: Jumpluff
|-sidestart|p2: Witchard|move: Tailwind
|move|p2b: Miraidon|Electro Drift|p1a: dead horse:(
|-damage|p1a: dead horse:(|0 fnt
|faint|p1a: dead horse:(
|move|p1b: sushi|Muddy Water|p2b: Miraidon|[spread] p2a
|-miss|p1b: sushi|p2b: Miraidon
|-resisted|p2a: Jumpluff
|-damage|p2a: Jumpluff|0 fnt
|faint|p2a: Jumpluff
|
|-weather|SunnyDay|[upkeep]
|upkeep
|
|t:|1750786099
|switch|p1a: imposter|Amoonguss, L50, M, shiny|100/100
|switch|p2a: Groudon|Groudon, L50|100/100
|turn|4
|
|t:|1750786112
|move|p1a: imposter|Protect|p1a: imposter
|-singleturn|p1a: imposter|Protect
|move|p2b: Miraidon|Electro Drift|p1b: sushi
|-crit|p1b: sushi
|-damage|p1b: sushi|0 fnt
|faint|p1b: sushi
|move|p2a: Groudon|Heat Crash|p1a: imposter
|-activate|p1a: imposter|move: Protect
|
|-weather|SunnyDay|[upkeep]
|upkeep
|turn|5
|
|t:|1750786127
|move|p2b: Miraidon|Electro Drift|p1a: imposter
|-resisted|p1a: imposter
|-damage|p1a: imposter|45/100
|-damage|p2b: Miraidon|84/100|[from] item: Rocky Helmet|[of] p1a: imposter
|move|p2a: Groudon|Heat Crash|p1a: imposter
|-supereffective|p1a: imposter
|-damage|p1a: imposter|0 fnt
|-damage|p2a: Groudon|84/100|[from] item: Rocky Helmet|[of] p1a: imposter
|faint|p1a: imposter
|
|win|Witchard
|raw|whyyoudothat34's rating: 1096 &rarr; <strong>1066</strong><br />(-30 for losing)
|raw|Witchard's rating: 1009 &rarr; <strong>1057</strong><br />(+48 for winning)
|l|☆whyyoudothat34
|player|p1|
