|j|☆adadouze
|j|☆JoeyFromFullHouse
|t:|1750856649
|gametype|doubles
|player|p1|adadouze|1|1321
|player|p2|JoeyFromFullHouse|fisherman-gen4|1432
|teamsize|p1|6
|teamsize|p2|6
|gen|9
|tier|[Gen 9] VGC 2025 Reg I
|rated|
|rule|Species Clause: Limit one of each Pokémon
|rule|Item Clause: Limit 1 of each item
|clearpoke
|poke|p1|Chi-Yu, L50|
|poke|p1|Weezing-Galar, L50, M|
|poke|p1|Walking Wake, L50|
|poke|p1|Calyrex-Shadow, L50|
|poke|p1|Brute Bonnet, L50|
|poke|p1|Koraidon, L50|
|poke|p2|Rillaboom, L50, M|
|poke|p2|Calyrex-Shadow, L50|
|poke|p2|Zamazenta-*, L50|
|poke|p2|Incineroar, L50, F|
|poke|p2|Raging Bolt, L50|
|poke|p2|Ogerpon-Hearthflame, L50, F|
|teampreview|4
|inactive|Battle timer is ON: inactive players will automatically lose when time's up. (requested by JoeyFromFullHouse)
|inactive|adadouze has 60 seconds left.
|
|t:|1750856688
|start
|switch|p1a: Koraidon|Koraidon, L50|100/100
|switch|p1b: Weezing|Weezing-Galar, L50, M|100/100
|switch|p2a: Calyrex|Calyrex-Shadow, L50|100/100
|switch|p2b: Ogerpon|Ogerpon-Hearthflame, L50, F|100/100
|-ability|p1b: Weezing|Neutralizing Gas
|-block|p1a: Koraidon|item: Ability Shield
|-ability|p2a: Calyrex|As One
|-ability|p2a: Calyrex|Unnerve
|-weather|SunnyDay|[from] ability: Orichalcum Pulse|[of] p1a: Koraidon
|-activate|p1a: Koraidon|Orichalcum Pulse|[source]
|turn|1
|
|t:|1750856705
|-terastallize|p1a: Koraidon|Fire
|move|p1b: Weezing|Protect|p1b: Weezing
|-singleturn|p1b: Weezing|Protect
|move|p2b: Ogerpon|Follow Me|p2b: Ogerpon
|-singleturn|p2b: Ogerpon|move: Follow Me
|move|p2a: Calyrex|Psychic|p1b: Weezing
|-activate|p1b: Weezing|move: Protect
|move|p1a: Koraidon|Flame Charge|p2b: Ogerpon
|-damage|p2b: Ogerpon|13/100
|-boost|p1a: Koraidon|spe|1
|
|-weather|SunnyDay|[upkeep]
|upkeep
|turn|2
|
|t:|1750856728
|-end|p1b: Weezing|ability: Neutralizing Gas
|-ability|p2b: Ogerpon|Mold Breaker
|switch|p1b: Chi-Yu|Chi-Yu, L50|100/100
|-ability|p1b: Chi-Yu|Beads of Ruin
|move|p2b: Ogerpon|Follow Me|p2b: Ogerpon
|-singleturn|p2b: Ogerpon|move: Follow Me
|move|p1a: Koraidon|Flame Charge|p2b: Ogerpon
|-damage|p2b: Ogerpon|0 fnt
|-boost|p1a: Koraidon|spe|1
|faint|p2b: Ogerpon
|move|p2a: Calyrex|Psychic|p1b: Chi-Yu
|-immune|p1b: Chi-Yu
|
|-weather|SunnyDay|[upkeep]
|upkeep
|
|t:|1750856736
|switch|p2b: Rillaboom|Rillaboom, L50, M|100/100
|-fieldstart|move: Grassy Terrain|[from] ability: Grassy Surge|[of] p2b: Rillaboom
|turn|3
|inactive|JoeyFromFullHouse has 30 seconds left.
|inactive|JoeyFromFullHouse has 20 seconds left.
|
|t:|1750856774
|-terastallize|p2a: Calyrex|Dark
|move|p1a: Koraidon|Protect|p1a: Koraidon
|-singleturn|p1a: Koraidon|Protect
|move|p2b: Rillaboom|Fake Out|p1a: Koraidon
|-activate|p1a: Koraidon|move: Protect
|move|p1b: Chi-Yu|Heat Wave|p2a: Calyrex|[spread] p2a,p2b
|-supereffective|p2b: Rillaboom
|-damage|p2a: Calyrex|22/100
|-damage|p2b: Rillaboom|0 fnt
|-status|p2a: Calyrex|brn
|faint|p2b: Rillaboom
|move|p2a: Calyrex|Astral Barrage|p1b: Chi-Yu|[spread] p1b
|-activate|p1a: Koraidon|move: Protect
|-resisted|p1b: Chi-Yu
|-damage|p1b: Chi-Yu|60/100
|-damage|p2a: Calyrex|12/100 brn|[from] item: Life Orb
|
|-weather|SunnyDay|[upkeep]
|-heal|p1b: Chi-Yu|65/100|[from] Grassy Terrain
|-heal|p2a: Calyrex|18/100 brn|[from] Grassy Terrain
|-damage|p2a: Calyrex|12/100 brn|[from] brn
|upkeep
|
|t:|1750856794
|switch|p2b: Zamazenta|Zamazenta-Crowned, L50|100/100
|-ability|p2b: Zamazenta|Dauntless Shield|boost
|-boost|p2b: Zamazenta|def|1
|turn|4
|
|t:|1750856809
|move|p2a: Calyrex|Protect|p2a: Calyrex
|-singleturn|p2a: Calyrex|Protect
|move|p1a: Koraidon|Collision Course|p2a: Calyrex
|-activate|p2a: Calyrex|move: Protect
|move|p1b: Chi-Yu|Heat Wave|p2b: Zamazenta|[spread] p2b
|-activate|p2a: Calyrex|move: Protect
|-supereffective|p2b: Zamazenta
|-damage|p2b: Zamazenta|0 fnt
|faint|p2b: Zamazenta
|
|-weather|SunnyDay|[upkeep]
|-heal|p1b: Chi-Yu|71/100|[from] Grassy Terrain
|-heal|p2a: Calyrex|18/100 brn|[from] Grassy Terrain
|-damage|p2a: Calyrex|12/100 brn|[from] brn
|upkeep
|turn|5
|
|t:|1750856826
|move|p1a: Koraidon|Flame Charge|p2a: Calyrex
|-damage|p2a: Calyrex|0 fnt
|-boost|p1a: Koraidon|spe|1
|faint|p2a: Calyrex
|
|win|adadouze
|raw|adadouze's rating: 1321 &rarr; <strong>1347</strong><br />(+26 for winning)
|raw|JoeyFromFullHouse's rating: 1432 &rarr; <strong>1406</strong><br />(-26 for losing)
|l|☆JoeyFromFullHouse
|player|p2|
