|j|☆SauerkrautPierogi
|j|☆The Lesko
|t:|1750718902
|gametype|doubles
|player|p1|SauerkrautPierogi|jessiejames-gen1|1603
|player|p2|The Lesko|acetrainer-gen4dp|1622
|teamsize|p1|6
|teamsize|p2|6
|gen|9
|tier|[Gen 9] VGC 2025 Reg I
|rated|
|rule|Species Clause: Limit one of each Pokémon
|rule|Item Clause: Limit 1 of each item
|clearpoke
|poke|p1|Indeedee-F, L50, F|
|poke|p1|Calyrex-Ice, L50|
|poke|p1|Torkoal, L50, M|
|poke|p1|Urshifu-*, L50, F|
|poke|p1|Alcremie-Rainbow-Swirl, L50, F|
|poke|p1|Necrozma-Dawn-Wings, L50|
|poke|p2|Lunala, L50|
|poke|p2|Miraidon, L50|
|poke|p2|Urshifu-*, L50, M|
|poke|p2|Iron Hands, L50|
|poke|p2|Incineroar, L50, F|
|poke|p2|Iron Leaves, L50|
|teampreview|4
|inactive|Battle timer is ON: inactive players will automatically lose when time's up. (requested by SauerkrautPierogi)
|inactive|The Lesko has 60 seconds left.
|
|t:|1750718939
|start
|switch|p1a: Calyrex|Calyrex-Ice, L50|100/100
|switch|p1b: Indeedee|Indeedee-F, L50, F, shiny|100/100
|switch|p2a: VincenzCiryl|Incineroar, L50, F, shiny|100/100
|switch|p2b: Lakovievic|Lunala, L50|100/100
|-ability|p1a: Calyrex|As One
|-ability|p1a: Calyrex|Unnerve
|-ability|p2a: VincenzCiryl|Intimidate|boost
|-fail|p1a: Calyrex|unboost|[from] item: Clear Amulet|[of] p1a: Calyrex
|-unboost|p1b: Indeedee|atk|1
|-fieldstart|move: Psychic Terrain|[from] ability: Psychic Surge|[of] p1b: Indeedee
|turn|1
|inactive|SauerkrautPierogi has 30 seconds left.
|inactive|SauerkrautPierogi has 20 seconds left.
|
|t:|1750718975
|-terastallize|p2b: Lakovievic|Fire
|move|p1b: Indeedee|Follow Me|p1b: Indeedee
|-singleturn|p1b: Indeedee|move: Follow Me
|move|p2b: Lakovievic|Heat Wave|p1a: Calyrex|[spread] p1b
|-miss|p2b: Lakovievic|p1a: Calyrex
|-damage|p1b: Indeedee|63/100
|move|p2a: VincenzCiryl|Knock Off|p1b: Indeedee
|-supereffective|p1b: Indeedee
|-damage|p1b: Indeedee|0 fnt
|-damage|p2a: VincenzCiryl|84/100|[from] item: Rocky Helmet|[of] p1b: Indeedee
|-enditem|p1b: Indeedee|Rocky Helmet|[from] move: Knock Off|[of] p2a: VincenzCiryl
|faint|p1b: Indeedee
|move|p1a: Calyrex|Trick Room|p1a: Calyrex
|-fieldstart|move: Trick Room|[of] p1a: Calyrex
|
|upkeep
|
|t:|1750718993
|switch|p1b: Urshifu|Urshifu, L50, F|100/100
|turn|2
|c|☆The Lesko|that's so unluckyyyyy
|
|t:|1750719004
|-terastallize|p1a: Calyrex|Normal
|move|p1b: Urshifu|Coaching|p1a: Calyrex
|-boost|p1a: Calyrex|atk|1
|-boost|p1a: Calyrex|def|1
|move|p1a: Calyrex|High Horsepower|p2a: VincenzCiryl
|-supereffective|p2a: VincenzCiryl
|-damage|p2a: VincenzCiryl|0 fnt
|-damage|p1a: Calyrex|84/100|[from] item: Rocky Helmet|[of] p2a: VincenzCiryl
|faint|p2a: VincenzCiryl
|-ability|p1a: Calyrex|Chilling Neigh|boost
|-boost|p1a: Calyrex|atk|1
|move|p2b: Lakovievic|Heat Wave|p1b: Urshifu|[spread] p1a,p1b
|-damage|p1a: Calyrex|55/100
|-damage|p1b: Urshifu|52/100
|
|upkeep
|
|t:|1750719018
|switch|p2a: Il Vesc|Miraidon, L50|100/100
|-fieldstart|move: Electric Terrain|[from] ability: Hadron Engine|[of] p2a: Il Vesc
|-enditem|p2b: Lakovievic|Electric Seed
|-boost|p2b: Lakovievic|def|1|[from] item: Electric Seed
|turn|3
|
|t:|1750719035
|move|p2a: Il Vesc|Protect|p2a: Il Vesc
|-singleturn|p2a: Il Vesc|Protect
|move|p1b: Urshifu|Wicked Blow|p2b: Lakovievic
|-crit|p2b: Lakovievic
|-damage|p2b: Lakovievic|75/100
|move|p1a: Calyrex|High Horsepower|p2a: Il Vesc
|-activate|p2a: Il Vesc|move: Protect
|move|p2b: Lakovievic|Heat Wave|p1a: Calyrex|[spread] p1a,p1b
|-damage|p1a: Calyrex|24/100
|-damage|p1b: Urshifu|4/100
|
|upkeep
|turn|4
|
|t:|1750719057
|move|p2b: Lakovievic|Wide Guard|p2b: Lakovievic
|-singleturn|p2b: Lakovievic|Wide Guard
|move|p1b: Urshifu|Coaching|p1a: Calyrex
|-boost|p1a: Calyrex|atk|1
|-boost|p1a: Calyrex|def|1
|move|p1a: Calyrex|Glacial Lance|p2b: Lakovievic|[spread] 
|-activate|p2a: Il Vesc|move: Wide Guard
|-activate|p2b: Lakovievic|move: Wide Guard
|move|p2a: Il Vesc|Discharge|p1b: Urshifu|[spread] p1a,p1b
|-activate|p2b: Lakovievic|move: Wide Guard
|-damage|p1a: Calyrex|0 fnt
|-damage|p1b: Urshifu|0 fnt
|faint|p1a: Calyrex
|faint|p1b: Urshifu
|-damage|p2a: Il Vesc|91/100|[from] item: Life Orb
|
|upkeep
|
|t:|1750719073
|switch|p1b: Torkoal|Torkoal, L50, M, shiny|100/100
|-weather|SunnyDay|[from] ability: Drought|[of] p1b: Torkoal
|turn|5
|
|t:|1750719084
|move|p2a: Il Vesc|Protect|p2a: Il Vesc
|-singleturn|p2a: Il Vesc|Protect
|move|p1b: Torkoal|Earth Power|p2b: Lakovievic
|-supereffective|p2b: Lakovievic
|-damage|p2b: Lakovievic|40/100
|move|p2b: Lakovievic|Moongeist Beam|p1b: Torkoal
|-damage|p1b: Torkoal|19/100
|
|-weather|SunnyDay|[upkeep]
|-fieldend|move: Trick Room
|upkeep
|turn|6
|-message|SauerkrautPierogi forfeited.
|
|win|The Lesko
|raw|SauerkrautPierogi's rating: 1603 &rarr; <strong>1584</strong><br />(-19 for losing)
|raw|The Lesko's rating: 1622 &rarr; <strong>1641</strong><br />(+19 for winning)
|l|☆SauerkrautPierogi
|player|p1|
|l|☆The Lesko
|player|p2|
