|j|☆AsukaHikaru
|j|☆MMB2006
|t:|1750747789
|gametype|doubles
|player|p1|AsukaHikaru|101|1754
|player|p2|MMB2006|266|1701
|teamsize|p1|6
|teamsize|p2|6
|gen|9
|tier|[Gen 9] VGC 2025 Reg I
|rated|
|rule|Species Clause: Limit one of each Pokémon
|rule|Item Clause: Limit 1 of each item
|clearpoke
|poke|p1|Farigiraf, L50, F|
|poke|p1|Calyrex-Ice, L50|
|poke|p1|Landorus, L50, M|
|poke|p1|Incineroar, L50, M|
|poke|p1|Urshifu-*, L50, M|
|poke|p1|Miraidon, L50|
|poke|p2|Koraidon, L50|
|poke|p2|Flutter Mane, L50|
|poke|p2|Brute Bonnet, L50|
|poke|p2|Incineroar, L50, F|
|poke|p2|Lunala, L50|
|poke|p2|Ursaluna, L50, M|
|teampreview|4
|j| ChickenZX
|c|☆MMB2006|Gl hf
|inactive|Battle timer is ON: inactive players will automatically lose when time's up. (requested by MMB2006)
|
|t:|1750747820
|start
|switch|p1a: Calyrex|Calyrex-Ice, L50|100/100
|switch|p1b: Incineroar|Incineroar, L50, M|100/100
|switch|p2a: Flutter Mane|Flutter Mane, L50|100/100
|switch|p2b: Lunala|Lunala, L50|100/100
|-ability|p1a: Calyrex|As One
|-ability|p1a: Calyrex|Unnerve
|-ability|p1b: Incineroar|Intimidate|boost
|-unboost|p2a: Flutter Mane|atk|1
|-unboost|p2b: Lunala|atk|1
|turn|1
|inactive|AsukaHikaru has 30 seconds left.
|
|t:|1750747846
|-terastallize|p1a: Calyrex|Fairy
|move|p2a: Flutter Mane|Shadow Ball|p1a: Calyrex
|-damage|p1a: Calyrex|76/100
|move|p2b: Lunala|Meteor Beam||[still]
|-prepare|p2b: Lunala|Meteor Beam
|-boost|p2b: Lunala|spa|1
|-enditem|p2b: Lunala|Power Herb
|-anim|p2b: Lunala|Meteor Beam|p1b: Incineroar
|-supereffective|p1b: Incineroar
|-damage|p1b: Incineroar|11/100
|move|p1b: Incineroar|U-turn|p2b: Lunala
|-damage|p2b: Lunala|91/100
|
|t:|1750747860
|switch|p1b: Landorus|Landorus, L50, M|100/100|[from] U-turn
|move|p1a: Calyrex|Glacial Lance|p2a: Flutter Mane|[spread] p2a,p2b
|-enditem|p2a: Flutter Mane|Focus Sash
|-damage|p2a: Flutter Mane|1/100
|-damage|p2b: Lunala|44/100
|
|-heal|p1a: Calyrex|82/100|[from] item: Leftovers
|upkeep
|turn|2
|
|t:|1750747883
|move|p1b: Landorus|Protect|p1b: Landorus
|-singleturn|p1b: Landorus|Protect
|move|p2a: Flutter Mane|Icy Wind|p1b: Landorus|[spread] p1a
|-activate|p1b: Landorus|move: Protect
|-damage|p1a: Calyrex|72/100
|-unboost|p1a: Calyrex|spe|1
|move|p2b: Lunala|Moongeist Beam|p1b: Landorus
|-activate|p1b: Landorus|move: Protect
|move|p1a: Calyrex|Trick Room|p1a: Calyrex
|-fieldstart|move: Trick Room|[of] p1a: Calyrex
|
|-heal|p1a: Calyrex|78/100|[from] item: Leftovers
|upkeep
|turn|3
|
|t:|1750747899
|-end|p2a: Flutter Mane|Protosynthesis|[silent]
|switch|p2a: Incineroar|Incineroar, L50, F|100/100
|-ability|p2a: Incineroar|Intimidate|boost
|-unboost|p1a: Calyrex|atk|1
|-unboost|p1b: Landorus|atk|1
|-terastallize|p2b: Lunala|Water
|move|p1a: Calyrex|Glacial Lance|p2b: Lunala|[spread] p2a,p2b
|-resisted|p2a: Incineroar
|-resisted|p2b: Lunala
|-damage|p2a: Incineroar|86/100
|-damage|p2b: Lunala|30/100
|move|p2b: Lunala|Moongeist Beam|p1b: Landorus
|-damage|p1b: Landorus|12/100
|move|p1b: Landorus|Earth Power|p2b: Lunala
|-damage|p2b: Lunala|0 fnt
|faint|p2b: Lunala
|
|-heal|p1a: Calyrex|84/100|[from] item: Leftovers
|upkeep
|
|t:|1750747914
|switch|p2b: Koraidon|Koraidon, L50|100/100
|-weather|SunnyDay|[from] ability: Orichalcum Pulse|[of] p2b: Koraidon
|-activate|p2b: Koraidon|Orichalcum Pulse|[source]
|turn|4
|
|t:|1750747930
|switch|p1a: Incineroar|Incineroar, L50, M|11/100
|-ability|p1a: Incineroar|Intimidate|boost
|-unboost|p2a: Incineroar|atk|1
|-unboost|p2b: Koraidon|atk|1
|move|p1b: Landorus|Protect|p1b: Landorus
|-singleturn|p1b: Landorus|Protect
|move|p2a: Incineroar|U-turn|p1b: Landorus
|-activate|p1b: Landorus|move: Protect
|move|p2b: Koraidon|Flare Blitz|p1a: Incineroar
|-resisted|p1a: Incineroar
|-damage|p1a: Incineroar|0 fnt
|faint|p1a: Incineroar
|-damage|p2b: Koraidon|97/100|[from] Recoil
|-damage|p2b: Koraidon|87/100|[from] item: Life Orb
|
|-weather|SunnyDay|[upkeep]
|upkeep
|
|t:|1750747942
|switch|p1a: Calyrex|Calyrex-Ice, L50, tera:Fairy|84/100
|-ability|p1a: Calyrex|As One
|-ability|p1a: Calyrex|Unnerve
|turn|5
|
|t:|1750747949
|move|p2b: Koraidon|Protect|p2b: Koraidon
|-singleturn|p2b: Koraidon|Protect
|move|p1a: Calyrex|Glacial Lance|p2a: Incineroar|[spread] p2a
|-activate|p2b: Koraidon|move: Protect
|-resisted|p2a: Incineroar
|-damage|p2a: Incineroar|62/100
|move|p2a: Incineroar|U-turn|p1b: Landorus
|-resisted|p1b: Landorus
|-damage|p1b: Landorus|6/100
|
|t:|1750747951
|switch|p2a: Flutter Mane|Flutter Mane, L50|1/100|[from] U-turn
|-activate|p2a: Flutter Mane|ability: Protosynthesis
|-start|p2a: Flutter Mane|protosynthesisspe
|move|p1b: Landorus|Earth Power|p2a: Flutter Mane
|-damage|p2a: Flutter Mane|0 fnt
|faint|p2a: Flutter Mane
|-end|p2a: Flutter Mane|Protosynthesis|[silent]
|
|-weather|SunnyDay|[upkeep]
|-heal|p1a: Calyrex|89/100|[from] item: Leftovers
|upkeep
|
|t:|1750747953
|switch|p2a: Incineroar|Incineroar, L50, F|62/100
|-ability|p2a: Incineroar|Intimidate|boost
|-unboost|p1a: Calyrex|atk|1
|-unboost|p1b: Landorus|atk|1
|turn|6
|
|t:|1750747973
|move|p2a: Incineroar|Fake Out|p1a: Calyrex
|-damage|p1a: Calyrex|83/100
|cant|p1a: Calyrex|flinch
|move|p1b: Landorus|Earth Power|p2a: Incineroar
|-supereffective|p2a: Incineroar
|-damage|p2a: Incineroar|0 fnt
|faint|p2a: Incineroar
|move|p2b: Koraidon|Flame Charge|p1a: Calyrex
|-damage|p1a: Calyrex|64/100
|-boost|p2b: Koraidon|spe|1
|-damage|p2b: Koraidon|78/100|[from] item: Life Orb
|
|-weather|SunnyDay|[upkeep]
|-heal|p1a: Calyrex|70/100|[from] item: Leftovers
|-fieldend|move: Trick Room
|upkeep
|turn|7
|-message|MMB2006 forfeited.
|
|win|AsukaHikaru
|raw|AsukaHikaru's rating: 1754 &rarr; <strong>1771</strong><br />(+17 for winning)
|raw|MMB2006's rating: 1701 &rarr; <strong>1684</strong><br />(-17 for losing)
|l|☆AsukaHikaru
|player|p1|
|l|☆MMB2006
|player|p2|
|l| ChickenZX
