|j|☆Yamato22
|j|☆SilverBlaze4106
|t:|1750719151
|gametype|doubles
|player|p1|Yamato22|cynthia|1260
|player|p2|SilverBlaze4106|steven|1271
|teamsize|p1|6
|teamsize|p2|6
|gen|9
|tier|[Gen 9] VGC 2025 Reg I
|rated|
|rule|Species Clause: Limit one of each Pokémon
|rule|Item Clause: Limit 1 of each item
|clearpoke
|poke|p1|Miraidon, L50|
|poke|p1|Volcarona, L50, M|
|poke|p1|Ogerpon, L50, F|
|poke|p1|Zamazenta-*, L50|
|poke|p1|Rillaboom, L50, F|
|poke|p1|Chien-Pao, L50|
|poke|p2|Calyrex-Ice, L50|
|poke|p2|Kyogre, L50|
|poke|p2|Grimmsnarl, L50, M|
|poke|p2|Flutter Mane, L50|
|poke|p2|Amoonguss, L50, F|
|poke|p2|Basculegion, L50, M|
|teampreview|4
|
|t:|1750719208
|start
|switch|p1a: Zamazenta|Zamazenta-Crowned, L50|100/100
|switch|p1b: Rillaboom|Rillaboom, L50, F|100/100
|switch|p2a: Calyrex|Calyrex-Ice, L50|100/100
|switch|p2b: Amoonguss|Amoonguss, L50, F, shiny|100/100
|-ability|p2a: Calyrex|As One
|-ability|p2a: Calyrex|Unnerve
|-ability|p1a: Zamazenta|Dauntless Shield|boost
|-boost|p1a: Zamazenta|def|1
|-fieldstart|move: Grassy Terrain|[from] ability: Grassy Surge|[of] p1b: Rillaboom
|turn|1
|
|t:|1750719224
|move|p2b: Amoonguss|Rage Powder|p2b: Amoonguss
|-singleturn|p2b: Amoonguss|move: Rage Powder
|move|p1a: Zamazenta|Behemoth Bash|p2b: Amoonguss
|-damage|p2b: Amoonguss|57/100
|-damage|p1a: Zamazenta|84/100|[from] item: Rocky Helmet|[of] p2b: Amoonguss
|move|p1b: Rillaboom|U-turn|p2b: Amoonguss
|-damage|p2b: Amoonguss|31/100
|-damage|p1b: Rillaboom|84/100|[from] item: Rocky Helmet|[of] p2b: Amoonguss
|
|t:|1750719234
|switch|p1b: Volcarona|Volcarona, L50, M|100/100|[from] U-turn
|move|p2a: Calyrex|Trick Room|p2a: Calyrex
|-fieldstart|move: Trick Room|[of] p2a: Calyrex
|
|-heal|p2b: Amoonguss|37/100|[from] Grassy Terrain
|-heal|p1a: Zamazenta|90/100|[from] Grassy Terrain
|upkeep
|turn|2
|
|t:|1750719248
|switch|p1b: Miraidon|Miraidon, L50|100/100
|-fieldstart|move: Electric Terrain|[from] ability: Hadron Engine|[of] p1b: Miraidon
|move|p2b: Amoonguss|Spore|p1a: Zamazenta
|-activate|p1a: Zamazenta|move: Electric Terrain
|move|p2a: Calyrex|Glacial Lance|p1b: Miraidon|[spread] p1a,p1b
|-resisted|p1a: Zamazenta
|-supereffective|p1b: Miraidon
|-crit|p1b: Miraidon
|-damage|p1a: Zamazenta|79/100
|-damage|p1b: Miraidon|0 fnt
|faint|p1b: Miraidon
|-ability|p2a: Calyrex|Chilling Neigh|boost
|-boost|p2a: Calyrex|atk|1
|move|p1a: Zamazenta|Behemoth Bash|p2a: Calyrex
|-supereffective|p2a: Calyrex
|-damage|p2a: Calyrex|62/100
|
|-heal|p2a: Calyrex|68/100|[from] item: Leftovers
|upkeep
|
|t:|1750719264
|switch|p1b: Rillaboom|Rillaboom, L50, F|84/100
|-fieldstart|move: Grassy Terrain|[from] ability: Grassy Surge|[of] p1b: Rillaboom
|turn|3
|
|t:|1750719275
|move|p1b: Rillaboom|Fake Out|p2a: Calyrex
|-damage|p2a: Calyrex|60/100
|move|p2b: Amoonguss|Spore|p1a: Zamazenta
|-status|p1a: Zamazenta|slp|[from] move: Spore
|cant|p2a: Calyrex|flinch
|cant|p1a: Zamazenta|slp
|
|-heal|p2b: Amoonguss|43/100|[from] Grassy Terrain
|-heal|p2a: Calyrex|66/100|[from] Grassy Terrain
|-heal|p2a: Calyrex|72/100|[from] item: Leftovers
|-heal|p1b: Rillaboom|90/100|[from] Grassy Terrain
|-heal|p1a: Zamazenta|85/100 slp|[from] Grassy Terrain
|upkeep
|turn|4
|
|t:|1750719297
|cant|p1a: Zamazenta|slp
|move|p2b: Amoonguss|Rage Powder|p2b: Amoonguss
|-singleturn|p2b: Amoonguss|move: Rage Powder
|move|p2a: Calyrex|Glacial Lance|p1a: Zamazenta|[spread] p1a,p1b
|-resisted|p1a: Zamazenta
|-supereffective|p1b: Rillaboom
|-damage|p1a: Zamazenta|69/100 slp
|-damage|p1b: Rillaboom|0 fnt
|faint|p1b: Rillaboom
|-ability|p2a: Calyrex|Chilling Neigh|boost
|-boost|p2a: Calyrex|atk|1
|
|-heal|p2b: Amoonguss|49/100|[from] Grassy Terrain
|-heal|p2a: Calyrex|78/100|[from] Grassy Terrain
|-heal|p2a: Calyrex|84/100|[from] item: Leftovers
|-heal|p1a: Zamazenta|75/100 slp|[from] Grassy Terrain
|upkeep
|
|t:|1750719302
|switch|p1b: Volcarona|Volcarona, L50, M|100/100
|turn|5
|
|t:|1750719321
|move|p2b: Amoonguss|Spore|p1b: Volcarona
|-status|p1b: Volcarona|slp|[from] move: Spore
|move|p2a: Calyrex|Glacial Lance|p1b: Volcarona|[spread] p1a,p1b
|-resisted|p1a: Zamazenta
|-resisted|p1b: Volcarona
|-damage|p1a: Zamazenta|54/100 slp
|-damage|p1b: Volcarona|19/100 slp
|cant|p1b: Volcarona|slp
|cant|p1a: Zamazenta|slp
|
|-heal|p2b: Amoonguss|55/100|[from] Grassy Terrain
|-heal|p2a: Calyrex|89/100|[from] Grassy Terrain
|-heal|p2a: Calyrex|95/100|[from] item: Leftovers
|-heal|p1b: Volcarona|25/100 slp|[from] Grassy Terrain
|-heal|p1a: Zamazenta|60/100 slp|[from] Grassy Terrain
|-fieldend|move: Trick Room
|upkeep
|turn|6
|
|t:|1750719339
|-curestatus|p1a: Zamazenta|slp|[msg]
|move|p1a: Zamazenta|Behemoth Bash|p2a: Calyrex
|-supereffective|p2a: Calyrex
|-damage|p2a: Calyrex|57/100
|cant|p1b: Volcarona|slp
|move|p2a: Calyrex|Glacial Lance|p1b: Volcarona|[spread] p1a,p1b
|-resisted|p1a: Zamazenta
|-resisted|p1b: Volcarona
|-damage|p1a: Zamazenta|40/100
|-damage|p1b: Volcarona|0 fnt
|faint|p1b: Volcarona
|-ability|p2a: Calyrex|Chilling Neigh|boost
|-boost|p2a: Calyrex|atk|1
|move|p2b: Amoonguss|Pollen Puff|p2a: Calyrex
|-heal|p2a: Calyrex|100/100
|
|-heal|p1a: Zamazenta|46/100|[from] Grassy Terrain
|-heal|p2b: Amoonguss|61/100|[from] Grassy Terrain
|upkeep
|turn|7
|-message|Yamato22 forfeited.
|
|win|SilverBlaze4106
|raw|Yamato22's rating: 1260 &rarr; <strong>1236</strong><br />(-24 for losing)
|raw|SilverBlaze4106's rating: 1271 &rarr; <strong>1295</strong><br />(+24 for winning)
|l|☆Yamato22
|player|p1|
