|j|☆likitong
|j|☆ShXdowR
|t:|1750868492
|gametype|doubles
|player|p1|likitong|wattson|1216
|player|p2|ShXdowR|ethan|1242
|teamsize|p1|6
|teamsize|p2|6
|gen|9
|tier|[Gen 9] VGC 2025 Reg I
|rated|
|rule|Species Clause: Limit one of each Pokémon
|rule|Item Clause: Limit 1 of each item
|clearpoke
|poke|p1|Calyrex-Ice, L50|
|poke|p1|Amoonguss, L50, F|
|poke|p1|Necrozma-Dawn-Wings, L50|
|poke|p1|Rillaboom, L50, F|
|poke|p1|Snorlax, L50, M|
|poke|p1|Indeedee-F, L50, F|
|poke|p2|Charizard, L50, M|
|poke|p2|Gyarados, L50, M|
|poke|p2|Farigiraf, L50, F|
|poke|p2|Rillaboom, L50, F|
|poke|p2|Eternatus, L50|
|poke|p2|Groudon, L50|
|teampreview|4
|
|t:|1750868515
|start
|switch|p1a: Calyrex|Calyrex-Ice, L50|100/100
|switch|p1b: Necrozma|Necrozma-Dawn-Wings, L50|100/100
|switch|p2a: Charizard|Charizard, L50, M|100/100
|switch|p2b: Farigiraf|Farigiraf, L50, F, shiny|100/100
|-ability|p1a: Calyrex|As One
|-ability|p1a: Calyrex|Unnerve
|turn|1
|inactive|Battle timer is ON: inactive players will automatically lose when time's up. (requested by likitong)
|
|t:|1750868530
|switch|p2b: Groudon|Groudon, L50|100/100
|-weather|SunnyDay|[from] ability: Drought|[of] p2b: Groudon
|move|p1a: Calyrex|Protect|p1a: Calyrex
|-singleturn|p1a: Calyrex|Protect
|move|p2a: Charizard|Heat Wave|p1b: Necrozma|[spread] p1b
|-activate|p1a: Calyrex|move: Protect
|-damage|p1b: Necrozma|46/100
|move|p1b: Necrozma|Meteor Beam||[still]
|-prepare|p1b: Necrozma|Meteor Beam
|-boost|p1b: Necrozma|spa|1
|-enditem|p1b: Necrozma|Power Herb
|-anim|p1b: Necrozma|Meteor Beam|p2a: Charizard
|-supereffective|p2a: Charizard
|-damage|p2a: Charizard|0 fnt
|faint|p2a: Charizard
|
|-weather|SunnyDay|[upkeep]
|upkeep
|
|t:|1750868541
|switch|p2a: Eternatus|Eternatus, L50|100/100
|-ability|p2a: Eternatus|Pressure
|turn|2
|
|t:|1750868556
|-terastallize|p2b: Groudon|Fire
|move|p2a: Eternatus|Meteor Beam||[still]
|-prepare|p2a: Eternatus|Meteor Beam
|-boost|p2a: Eternatus|spa|1
|-enditem|p2a: Eternatus|Power Herb
|-anim|p2a: Eternatus|Meteor Beam|p1a: Calyrex
|-supereffective|p1a: Calyrex
|-damage|p1a: Calyrex|1/100
|move|p2b: Groudon|Precipice Blades|p1b: Necrozma|[spread] p1a,p1b
|-damage|p1a: Calyrex|0 fnt
|-damage|p1b: Necrozma|1/100
|faint|p1a: Calyrex
|move|p1b: Necrozma|Moongeist Beam|p2b: Groudon
|-damage|p2b: Groudon|22/100
|
|-weather|SunnyDay|[upkeep]
|upkeep
|
|t:|1750868573
|switch|p1a: Indeedee|Indeedee-F, L50, F|100/100
|-fieldstart|move: Psychic Terrain|[from] ability: Psychic Surge|[of] p1a: Indeedee
|-enditem|p1a: Indeedee|Psychic Seed
|-boost|p1a: Indeedee|spd|1|[from] item: Psychic Seed
|turn|3
|
|t:|1750868591
|move|p2a: Eternatus|Dynamax Cannon|p1a: Indeedee
|-damage|p1a: Indeedee|44/100
|move|p2b: Groudon|Precipice Blades|p1a: Indeedee|[spread] p1a,p1b
|-damage|p1a: Indeedee|0 fnt
|-damage|p1b: Necrozma|0 fnt
|faint|p1a: Indeedee
|faint|p1b: Necrozma
|
|-weather|SunnyDay|[upkeep]
|upkeep
|
|t:|1750868599
|switch|p1b: Snorlax|Snorlax, L50, M|100/100
|turn|4
|
|t:|1750868605
|-terastallize|p1b: Snorlax|Psychic
|move|p2a: Eternatus|Sludge Bomb|p1b: Snorlax
|-damage|p1b: Snorlax|70/100
|move|p2b: Groudon|Fire Punch|p1b: Snorlax
|-damage|p1b: Snorlax|38/100
|move|p1b: Snorlax|Zen Headbutt|p2a: Eternatus
|-supereffective|p2a: Eternatus
|-damage|p2a: Eternatus|5/100
|
|-weather|SunnyDay|[upkeep]
|upkeep
|turn|5
|
|t:|1750868622
|move|p2a: Eternatus|Dynamax Cannon|p1b: Snorlax
|-crit|p1b: Snorlax
|-damage|p1b: Snorlax|0 fnt
|faint|p1b: Snorlax
|
|win|ShXdowR
|raw|likitong's rating: 1216 &rarr; <strong>1193</strong><br />(-23 for losing)
|raw|ShXdowR's rating: 1242 &rarr; <strong>1265</strong><br />(+23 for winning)
|l|☆likitong
|player|p1|
|l|☆ShXdowR
|player|p2|
