|j|☆Mini Lynx
|j|☆GangstaRob
|html|<table width="100%"><tr><td align="left">Mini Lynx</td><td align="right">GangstaRob</tr><tr><td align="left"><i class="fa fa-circle-o"></i> <i class="fa fa-circle-o"></i> </td><td align="right"><i class="fa fa-circle-o"></i> <i class="fa fa-circle-o"></i> </tr></table>
|uhtml|bestof|<h2><strong>Game 1</strong> of <a href="/game-bestof3-gen9vgc2025regi-2390540226">a best-of-3</a></h2>
|t:|1750726192
|gametype|doubles
|player|p1|Mini Lynx|acetrainer-gen4|
|player|p2|GangstaRob|2|
|teamsize|p1|6
|teamsize|p2|6
|gen|9
|tier|[Gen 9] VGC 2025 Reg I
|rule|Species Clause: Limit one of each Pokémon
|rule|Item Clause: Limit 1 of each item
|raw|<div class="infobox"><details class="readmore" open><summary><strong>1 custom rule:</strong></summary> Best of = 3</details></div>
|clearpoke
|poke|p1|Iron Bundle, L50|
|poke|p1|Murkrow, L50, M|
|poke|p1|Sylveon, L50, F|
|poke|p1|Landorus-Therian, L50, M|
|poke|p1|Chi-Yu, L50|
|poke|p1|Archaludon, L50, M|
|poke|p2|Hydreigon, L50, M|
|poke|p2|Dondozo, L50, F|
|poke|p2|Tatsugiri, L50, M|
|poke|p2|Scream Tail, L50|
|poke|p2|Flamigo, L50, F|
|poke|p2|Golurk, L50|
|teampreview|4
GangstaRob rejected open team sheets.
|c|☆Mini Lynx|glhf
|c|☆GangstaRob|glh
|
|t:|1750726253
|start
|switch|p1a: FEESH|Chi-Yu, L50|100/100
|switch|p1b: SPEEED|Iron Bundle, L50, shiny|100/100
|switch|p2a: Mokey Coma|Scream Tail, L50|100/100
|switch|p2b: eaten|Tatsugiri, L50, M|100/100
|-ability|p1a: FEESH|Beads of Ruin
|turn|1
|
|t:|1750726278
|move|p2b: eaten|Protect|p2b: eaten
|-singleturn|p2b: eaten|Protect
|move|p1b: SPEEED|Freeze-Dry|p2b: eaten
|-activate|p2b: eaten|move: Protect
|move|p1a: FEESH|Will-O-Wisp|p2a: Mokey Coma
|-status|p2a: Mokey Coma|brn
|move|p2a: Mokey Coma|Perish Song|p2a: Mokey Coma
|-start|p1a: FEESH|perish3|[silent]
|-start|p1b: SPEEED|perish3|[silent]
|-start|p2a: Mokey Coma|perish3|[silent]
|-start|p2b: eaten|perish3|[silent]
|-fieldactivate|move: Perish Song
|
|-damage|p2a: Mokey Coma|95/100 brn|[from] brn
|-start|p1b: SPEEED|perish3
|-start|p1a: FEESH|perish3
|-start|p2a: Mokey Coma|perish3
|-start|p2b: eaten|perish3
|upkeep
|turn|2
|
|t:|1750726309
|-end|p2a: Mokey Coma|Protosynthesis|[silent]
|switch|p2a: Lazarus|Dondozo, L50, F|100/100
|-activate|p2b: eaten|ability: Commander|[of] p2a: Lazarus
|-boost|p2a: Lazarus|atk|2
|-boost|p2a: Lazarus|spa|2
|-boost|p2a: Lazarus|spe|2
|-boost|p2a: Lazarus|def|2
|-boost|p2a: Lazarus|spd|2
|move|p1b: SPEEED|Freeze-Dry|p2b: eaten|[miss]
|-miss|p1b: SPEEED|p2b: eaten
|move|p1a: FEESH|Reflect|p1a: FEESH
|-sidestart|p1: Mini Lynx|Reflect
|
|-start|p1b: SPEEED|perish2
|-start|p1a: FEESH|perish2
|-start|p2b: eaten|perish2
|upkeep
|turn|3
|
|t:|1750726332
|-end|p1b: SPEEED|Quark Drive|[silent]
|switch|p1b: Goldengate|Archaludon, L50, M, shiny|100/100
|move|p2a: Lazarus|Protect|p2a: Lazarus
|-singleturn|p2a: Lazarus|Protect
|move|p1a: FEESH|Will-O-Wisp|p2a: Lazarus
|-activate|p2a: Lazarus|move: Protect
|
|-start|p1a: FEESH|perish1
|-start|p2b: eaten|perish1
|upkeep
|turn|4
|
|t:|1750726359
|switch|p1a: We Know|Murkrow, L50, M, shiny|100/100
|move|p2a: Lazarus|Wave Crash|p1a: We Know
|-damage|p1a: We Know|38/100
|-damage|p2a: Lazarus|86/100|[from] Recoil
|move|p1b: Goldengate|Body Press|p2a: Lazarus
|-crit|p2a: Lazarus
|-damage|p2a: Lazarus|66/100
|
|-start|p2b: eaten|perish0
|faint|p2b: eaten
|upkeep
|
|t:|1750726369
|switch|p2b: Giraffe|Flamigo, L50, F|100/100
|-copyboost|p2b: Giraffe|p2a: Lazarus|[from] ability: Costar
|turn|5
|
|t:|1750726394
|move|p1a: We Know|Haze|p1a: We Know
|-clearallboost
|move|p2b: Giraffe|Close Combat|p1b: Goldengate
|-supereffective|p1b: Goldengate
|-damage|p1b: Goldengate|45/100
|-unboost|p2b: Giraffe|def|1
|-unboost|p2b: Giraffe|spd|1
|-ability|p1b: Goldengate|Stamina|boost
|-boost|p1b: Goldengate|def|1
|move|p1b: Goldengate|Iron Defense|p1b: Goldengate
|-boost|p1b: Goldengate|def|2
|move|p2a: Lazarus|Order Up|p1b: Goldengate
|-damage|p1b: Goldengate|35/100
|-ability|p1b: Goldengate|Stamina|boost
|-boost|p1b: Goldengate|def|1
|-boost|p2a: Lazarus|atk|1
|
|-heal|p1b: Goldengate|41/100|[from] item: Leftovers
|upkeep
|turn|6
|
|t:|1750726424
|move|p1a: We Know|Feather Dance|p2b: Giraffe
|-unboost|p2b: Giraffe|atk|2
|move|p2b: Giraffe|Close Combat|p1b: Goldengate
|-supereffective|p1b: Goldengate
|-damage|p1b: Goldengate|30/100
|-unboost|p2b: Giraffe|def|1
|-unboost|p2b: Giraffe|spd|1
|-ability|p1b: Goldengate|Stamina|boost
|-boost|p1b: Goldengate|def|1
|move|p1b: Goldengate|Body Press|p2a: Lazarus
|-damage|p2a: Lazarus|52/100
|move|p2a: Lazarus|Order Up|p1b: Goldengate
|-damage|p1b: Goldengate|13/100
|-ability|p1b: Goldengate|Stamina|boost
|-boost|p1b: Goldengate|def|1
|-boost|p2a: Lazarus|atk|1
|
|-heal|p1b: Goldengate|19/100|[from] item: Leftovers
|-sideend|p1: Mini Lynx|Reflect
|upkeep
|turn|7
|
|t:|1750726467
|switch|p2b: Mokey Coma|Scream Tail, L50|95/100 brn
|move|p1a: We Know|Brave Bird|p2b: Mokey Coma
|-damage|p2b: Mokey Coma|73/100 brn
|-damage|p1a: We Know|29/100|[from] Recoil
|move|p1b: Goldengate|Flash Cannon|p2a: Lazarus
|-resisted|p2a: Lazarus
|-crit|p2a: Lazarus
|-damage|p2a: Lazarus|25/100
|move|p2a: Lazarus|Order Up|p1a: We Know
|-damage|p1a: We Know|0 fnt
|faint|p1a: We Know
|-boost|p2a: Lazarus|atk|1
|
|-heal|p1b: Goldengate|25/100|[from] item: Leftovers
|-damage|p2b: Mokey Coma|67/100 brn|[from] brn
|upkeep
|
|t:|1750726486
|switch|p1a: SPEEED|Iron Bundle, L50, shiny|100/100
|turn|8
|
|t:|1750726500
|move|p2a: Lazarus|Protect|p2a: Lazarus
|-singleturn|p2a: Lazarus|Protect
|move|p1a: SPEEED|Freeze-Dry|p2a: Lazarus
|-activate|p2a: Lazarus|move: Protect
|move|p2b: Mokey Coma|Perish Song|p2b: Mokey Coma
|-start|p1a: SPEEED|perish3|[silent]
|-start|p1b: Goldengate|perish3|[silent]
|-start|p2a: Lazarus|perish3|[silent]
|-start|p2b: Mokey Coma|perish3|[silent]
|-fieldactivate|move: Perish Song
|move|p1b: Goldengate|Flash Cannon|p2b: Mokey Coma
|-supereffective|p2b: Mokey Coma
|-damage|p2b: Mokey Coma|1/100 brn
|-unboost|p2b: Mokey Coma|spd|1
|
|-heal|p1b: Goldengate|31/100|[from] item: Leftovers
|-damage|p2b: Mokey Coma|0 fnt|[from] brn
|faint|p2b: Mokey Coma
|-end|p2b: Mokey Coma|Protosynthesis|[silent]
|-start|p1a: SPEEED|perish3
|-start|p1b: Goldengate|perish3
|-start|p2a: Lazarus|perish3
|upkeep
|
|t:|1750726517
|switch|p2b: Giraffe|Flamigo, L50, F|100/100
|-copyboost|p2b: Giraffe|p2a: Lazarus|[from] ability: Costar
|turn|9
|
|t:|1750726534
|move|p2a: Lazarus|Protect||[still]
|-fail|p2a: Lazarus
|move|p1a: SPEEED|Freeze-Dry|p2a: Lazarus
|-supereffective|p2a: Lazarus
|-damage|p2a: Lazarus|0 fnt
|faint|p2a: Lazarus
|move|p2b: Giraffe|Close Combat|p1a: SPEEED
|-supereffective|p1a: SPEEED
|-damage|p1a: SPEEED|0 fnt
|-unboost|p2b: Giraffe|def|1
|-unboost|p2b: Giraffe|spd|1
|faint|p1a: SPEEED
|-end|p1a: SPEEED|Quark Drive|[silent]
|move|p1b: Goldengate|Body Press|p2b: Giraffe
|-resisted|p2b: Giraffe
|-damage|p2b: Giraffe|18/100
|
|-heal|p2b: Giraffe|23/100|[from] item: Leftovers
|-heal|p1b: Goldengate|37/100|[from] item: Leftovers
|-start|p1b: Goldengate|perish2
|upkeep
|
|t:|1750726551
|switch|p1a: FEESH|Chi-Yu, L50|100/100
|-ability|p1a: FEESH|Beads of Ruin
|turn|10
|
|t:|1750726569
|move|p2b: Giraffe|Protect|p2b: Giraffe
|-singleturn|p2b: Giraffe|Protect
|move|p1a: FEESH|Dark Pulse|p2b: Giraffe
|-activate|p2b: Giraffe|move: Protect
|move|p1b: Goldengate|Body Press|p2b: Giraffe
|-activate|p2b: Giraffe|move: Protect
|
|-heal|p2b: Giraffe|29/100|[from] item: Leftovers
|-heal|p1b: Goldengate|43/100|[from] item: Leftovers
|-start|p1b: Goldengate|perish1
|upkeep
|turn|11
|
|t:|1750726582
|move|p2b: Giraffe|Protect||[still]
|-fail|p2b: Giraffe
|move|p1a: FEESH|Psychic|p2b: Giraffe
|-supereffective|p2b: Giraffe
|-damage|p2b: Giraffe|0 fnt
|faint|p2b: Giraffe
|
|win|Mini Lynx
||GangstaRob is ready for game 2.
