|j|☆Imnewnobully
|j|☆JRice23
|t:|1750860139
|gametype|doubles
|player|p1|Imnewnobully|170|1124
|player|p2|JRice23|266|1078
|teamsize|p1|6
|teamsize|p2|6
|gen|9
|tier|[Gen 9] VGC 2025 Reg I
|rated|
|rule|Species Clause: Limit one of each Pokémon
|rule|Item Clause: Limit 1 of each item
|clearpoke
|poke|p1|Mudsdale, L50, F|
|poke|p1|Dialga, L50|
|poke|p1|Incineroar, L50, F|
|poke|p1|Indeedee-F, L50, F|
|poke|p1|Lunala, L50|
|poke|p1|Gallade, L50, M|
|poke|p2|Kyurem-Black, L50|
|poke|p2|Indeedee-F, L50, F|
|poke|p2|Iron Valiant, L50|
|poke|p2|Incineroar, L50, F|
|poke|p2|Miraidon, L50|
|poke|p2|Ninetales-Alola, L50, M|
|teampreview|4
|inactive|Battle timer is ON: inactive players will automatically lose when time's up. (requested by Imnewnobully)
|
|t:|1750860193
|start
|switch|p1a: Dialga|Dialga, L50|100/100
|switch|p1b: Lunala|Lunala, L50|100/100
|switch|p2a: Kyurem|Kyurem-Black, L50|100/100
|switch|p2b: Ninetales|Ninetales-Alola, L50, M|100/100
|-weather|Snowscape|[from] ability: Snow Warning|[of] p2b: Ninetales
|-ability|p2a: Kyurem|Teravolt
|turn|1
|inactive|Imnewnobully has 30 seconds left.
|inactive|JRice23 has 30 seconds left.
|inactive|Imnewnobully has 20 seconds left.
|inactive|JRice23 has 20 seconds left.
|inactive|Imnewnobully has 15 seconds left.
|
|t:|1750860234
|switch|p1b: Indeedee|Indeedee-F, L50, F|100/100
|-fieldstart|move: Psychic Terrain|[from] ability: Psychic Surge|[of] p1b: Indeedee
|-enditem|p1a: Dialga|Psychic Seed
|-boost|p1a: Dialga|spd|1|[from] item: Psychic Seed
|move|p2b: Ninetales|Protect|p2b: Ninetales
|-singleturn|p2b: Ninetales|Protect
|move|p2a: Kyurem|Protect|p2a: Kyurem
|-singleturn|p2a: Kyurem|Protect
|move|p1a: Dialga|Flash Cannon|p2b: Ninetales
|-activate|p2b: Ninetales|move: Protect
|
|-weather|Snowscape|[upkeep]
|upkeep
|turn|2
|inactive|Imnewnobully has 30 seconds left.
|
|t:|1750860261
|move|p1b: Indeedee|Follow Me|p1b: Indeedee
|-singleturn|p1b: Indeedee|move: Follow Me
|move|p2b: Ninetales|Aurora Veil|p2b: Ninetales
|-sidestart|p2: JRice23|move: Aurora Veil
|move|p2a: Kyurem|Scale Shot|p1b: Indeedee
|-damage|p1b: Indeedee|78/100
|-damage|p1b: Indeedee|56/100
|-damage|p1b: Indeedee|35/100
|-crit|p1b: Indeedee
|-damage|p1b: Indeedee|2/100
|-damage|p1b: Indeedee|0 fnt
|faint|p1b: Indeedee
|-hitcount|p1: Indeedee|5
|-unboost|p2a: Kyurem|def|1
|-boost|p2a: Kyurem|spe|1
|move|p1a: Dialga|Trick Room|p1a: Dialga
|-fieldstart|move: Trick Room|[of] p1a: Dialga
|
|-weather|Snowscape|[upkeep]
|upkeep
|
|t:|1750860269
|switch|p1b: Mudsdale|Mudsdale, L50, F|100/100
|turn|3
|inactive|Imnewnobully has 30 seconds left.
|inactive|JRice23 has 30 seconds left.
|inactive|Imnewnobully has 20 seconds left.
|inactive|JRice23 has 20 seconds left.
|inactive|Imnewnobully has 15 seconds left.
|inactive|JRice23 has 15 seconds left.
|inactive|Imnewnobully has 10 seconds left.
|inactive|Imnewnobully has 5 seconds left.
|inactive|JRice23 has 10 seconds left.
|
|t:|1750860321
|move|p2b: Ninetales|Protect|p2b: Ninetales
|-singleturn|p2b: Ninetales|Protect
|move|p2a: Kyurem|Protect|p2a: Kyurem
|-singleturn|p2a: Kyurem|Protect
|move|p1b: Mudsdale|Rock Slide|p2a: Kyurem|[spread] 
|-activate|p2a: Kyurem|move: Protect
|-activate|p2b: Ninetales|move: Protect
|move|p1a: Dialga|Flash Cannon|p2a: Kyurem
|-activate|p2a: Kyurem|move: Protect
|
|-weather|Snowscape|[upkeep]
|upkeep
|turn|4
|inactive|JRice23 has 30 seconds left.
|inactive|JRice23 has 20 seconds left.
|inactive|JRice23 has 15 seconds left.
|inactive|JRice23 has 10 seconds left.
|
|t:|1750860370
|switch|p2a: Incineroar|Incineroar, L50, F|100/100
|-ability|p2a: Incineroar|Intimidate|boost
|-unboost|p1a: Dialga|atk|1
|-fail|p1b: Mudsdale|unboost|Attack|[from] ability: Inner Focus|[of] p1b: Mudsdale
|move|p1b: Mudsdale|Rock Slide|p2a: Incineroar|[spread] p2a,p2b
|-supereffective|p2a: Incineroar
|-supereffective|p2b: Ninetales
|-damage|p2a: Incineroar|73/100
|-damage|p2b: Ninetales|63/100
|move|p1a: Dialga|Flash Cannon|p2b: Ninetales
|-supereffective|p2b: Ninetales
|-damage|p2b: Ninetales|0 fnt
|faint|p2b: Ninetales
|
|-weather|Snowscape|[upkeep]
|upkeep
|
|t:|1750860383
|switch|p2b: Miraidon|Miraidon, L50|100/100
|-fieldstart|move: Electric Terrain|[from] ability: Hadron Engine|[of] p2b: Miraidon
|-enditem|p2b: Miraidon|Electric Seed
|-boost|p2b: Miraidon|def|1|[from] item: Electric Seed
|turn|5
|inactive|JRice23 has 30 seconds left.
|
|t:|1750860413
|-terastallize|p1a: Dialga|Fairy
|-terastallize|p2b: Miraidon|Fairy
|move|p2a: Incineroar|Fake Out|p1a: Dialga
|-crit|p1a: Dialga
|-damage|p1a: Dialga|89/100
|move|p1b: Mudsdale|Rock Slide|p2b: Miraidon|[spread] p2a
|-miss|p1b: Mudsdale|p2b: Miraidon
|-supereffective|p2a: Incineroar
|-damage|p2a: Incineroar|46/100
|cant|p1a: Dialga|flinch
|move|p2b: Miraidon|Electro Drift|p1a: Dialga
|-damage|p1a: Dialga|37/100
|
|-weather|none
|upkeep
|turn|6
|inactive|JRice23 has 30 seconds left.
|inactive|Imnewnobully has 30 seconds left.
|inactive|Imnewnobully has 20 seconds left.
|inactive|JRice23 has 20 seconds left.
|
|t:|1750860461
|move|p2b: Miraidon|Protect|p2b: Miraidon
|-singleturn|p2b: Miraidon|Protect
|move|p1b: Mudsdale|Rock Slide|p2a: Incineroar|[spread] p2a
|-activate|p2b: Miraidon|move: Protect
|-supereffective|p2a: Incineroar
|-damage|p2a: Incineroar|16/100
|move|p2a: Incineroar|Flare Blitz|p1a: Dialga
|-damage|p1a: Dialga|0 fnt
|faint|p1a: Dialga
|-damage|p2a: Incineroar|3/100|[from] Recoil
|
|-fieldend|move: Trick Room
|upkeep
|
|t:|1750860464
|switch|p1a: Lunala|Lunala, L50|100/100
|turn|7
|-message|Imnewnobully forfeited.
|
|win|JRice23
|raw|Imnewnobully's rating: 1124 &rarr; <strong>1096</strong><br />(-28 for losing)
|raw|JRice23's rating: 1078 &rarr; <strong>1110</strong><br />(+32 for winning)
|l|☆Imnewnobully
|player|p1|
|l|☆JRice23
|player|p2|
