|j|☆HarrietThugman
|j|☆knucklee
|t:|1750869117
|gametype|doubles
|player|p1|HarrietThugman|102|1171
|player|p2|knucklee|266|1126
|teamsize|p1|6
|teamsize|p2|6
|gen|9
|tier|[Gen 9] VGC 2025 Reg I
|rated|
|rule|Species Clause: Limit one of each Pokémon
|rule|Item Clause: Limit 1 of each item
|clearpoke
|poke|p1|Calyrex-Shadow, L50|
|poke|p1|Chi-Yu, L50|
|poke|p1|Minior, L50|
|poke|p1|Zacian-*, L50|
|poke|p1|Flutter Mane, L50|
|poke|p1|Rillaboom, L50, M|
|poke|p2|Koraidon, L50|
|poke|p2|Scream Tail, L50|
|poke|p2|Gothitelle, L50, M|
|poke|p2|Incineroar, L50, M|
|poke|p2|Amoonguss, L50, F|
|poke|p2|Calyrex-Shadow, L50|
|teampreview|4
|c|☆HarrietThugman|CON PERISH?
HarrietThugman rejected open team sheets.
|inactive|Battle timer is ON: inactive players will automatically lose when time's up. (requested by knucklee)
|
|t:|1750869136
|start
|switch|p1a: Flutter Mane|Flutter Mane, L50|100/100
|switch|p1b: Calyrex|Calyrex-Shadow, L50|100/100
|switch|p2a: Calyrex|Calyrex-Shadow, L50|100/100
|switch|p2b: Koraidon|Koraidon, L50|100/100
|-ability|p1b: Calyrex|As One
|-ability|p1b: Calyrex|Unnerve
|-ability|p2a: Calyrex|As One
|-ability|p2a: Calyrex|Unnerve
|-weather|SunnyDay|[from] ability: Orichalcum Pulse|[of] p2b: Koraidon
|-activate|p1a: Flutter Mane|ability: Protosynthesis
|-start|p1a: Flutter Mane|protosynthesisspe
|-activate|p2b: Koraidon|Orichalcum Pulse|[source]
|turn|1
|inactive|knucklee has 30 seconds left.
|
|t:|1750869171
|-terastallize|p1b: Calyrex|Ghost
|-terastallize|p2b: Koraidon|Fire
|move|p2a: Calyrex|Protect|p2a: Calyrex
|-singleturn|p2a: Calyrex|Protect
|move|p1a: Flutter Mane|Icy Wind|p2a: Calyrex|[spread] p2b
|-activate|p2a: Calyrex|move: Protect
|-resisted|p2b: Koraidon
|-damage|p2b: Koraidon|93/100
|-unboost|p2b: Koraidon|spe|1
|move|p1b: Calyrex|Astral Barrage|p2a: Calyrex|[spread] p2b
|-activate|p2a: Calyrex|move: Protect
|-damage|p2b: Koraidon|23/100
|move|p2b: Koraidon|Flame Charge|p1a: Flutter Mane
|-damage|p1a: Flutter Mane|0 fnt
|-boost|p2b: Koraidon|spe|1
|faint|p1a: Flutter Mane
|-end|p1a: Flutter Mane|Protosynthesis|[silent]
|-damage|p2b: Koraidon|14/100|[from] item: Life Orb
|
|-weather|SunnyDay|[upkeep]
|upkeep
|
|t:|1750869179
|switch|p1a: Minior|Minior, L50|100/100
|-formechange|p1a: Minior|Minior-Meteor||[from] ability: Shields Down
|turn|2
|
|t:|1750869198
|switch|p2b: Incineroar|Incineroar, L50, M|100/100
|-ability|p2b: Incineroar|Intimidate|boost
|-unboost|p1a: Minior|atk|1
|-unboost|p1b: Calyrex|atk|1
|move|p1b: Calyrex|Astral Barrage|p2a: Calyrex|[spread] p2a,p2b
|-supereffective|p2a: Calyrex
|-resisted|p2b: Incineroar
|-enditem|p2a: Calyrex|Focus Sash
|-damage|p2a: Calyrex|1/100
|-damage|p2b: Incineroar|66/100
|move|p2a: Calyrex|Astral Barrage|p1b: Calyrex|[spread] p1a,p1b
|-supereffective|p1b: Calyrex
|-damage|p1a: Minior|23/100
|-enditem|p1b: Calyrex|Focus Sash
|-damage|p1b: Calyrex|1/100
|move|p1a: Minior|Dazzling Gleam|p2a: Calyrex|[spread] p2a,p2b
|-damage|p2a: Calyrex|0 fnt
|-damage|p2b: Incineroar|53/100
|faint|p2a: Calyrex
|
|-weather|SunnyDay|[upkeep]
|-formechange|p1a: Minior|Minior||[from] ability: Shields Down
|upkeep
|
|t:|1750869220
|switch|p2a: Amoonguss|Amoonguss, L50, F|100/100
|turn|3
|
|t:|1750869240
|move|p1b: Calyrex|Protect|p1b: Calyrex
|-singleturn|p1b: Calyrex|Protect
|move|p1a: Minior|Protect|p1a: Minior
|-singleturn|p1a: Minior|Protect
|move|p2b: Incineroar|Flare Blitz|p1b: Calyrex
|-activate|p1b: Calyrex|move: Protect
|move|p2a: Amoonguss|Sludge Bomb|p1a: Minior
|-activate|p1a: Minior|move: Protect
|
|-weather|SunnyDay|[upkeep]
|upkeep
|turn|4
|
|t:|1750869255
|move|p1b: Calyrex|Astral Barrage|p2b: Incineroar|[spread] p2a,p2b
|-resisted|p2b: Incineroar
|-damage|p2a: Amoonguss|46/100
|-damage|p2b: Incineroar|18/100
|move|p1a: Minior|Meteor Beam||[still]
|-prepare|p1a: Minior|Meteor Beam
|-boost|p1a: Minior|spa|1
|-enditem|p1a: Minior|Power Herb
|-anim|p1a: Minior|Meteor Beam|p2b: Incineroar
|-supereffective|p2b: Incineroar
|-damage|p2b: Incineroar|0 fnt
|faint|p2b: Incineroar
|move|p2a: Amoonguss|Sludge Bomb|p1b: Calyrex
|-resisted|p1b: Calyrex
|-damage|p1b: Calyrex|0 fnt
|faint|p1b: Calyrex
|
|-weather|SunnyDay|[upkeep]
|upkeep
|
|t:|1750869269
|switch|p1b: Zacian|Zacian-Crowned, L50|100/100
|switch|p2b: Koraidon|Koraidon, L50, tera:Fire|14/100
|-ability|p1b: Zacian|Intrepid Sword|boost
|-boost|p1b: Zacian|atk|1
|-activate|p2b: Koraidon|ability: Orichalcum Pulse
|turn|5
|
|t:|1750869283
|move|p2a: Amoonguss|Rage Powder|p2a: Amoonguss
|-singleturn|p2a: Amoonguss|move: Rage Powder
|move|p1b: Zacian|Trailblaze|p2a: Amoonguss
|-resisted|p2a: Amoonguss
|-damage|p2a: Amoonguss|39/100
|-boost|p1b: Zacian|spe|1
|move|p2b: Koraidon|Flame Charge|p1a: Minior
|-resisted|p1a: Minior
|-damage|p1a: Minior|0 fnt
|-boost|p2b: Koraidon|spe|1
|faint|p1a: Minior
|-damage|p2b: Koraidon|4/100|[from] item: Life Orb
|
|-weather|none
|upkeep
|turn|6
|
|t:|1750869299
|move|p2a: Amoonguss|Rage Powder|p2a: Amoonguss
|-singleturn|p2a: Amoonguss|move: Rage Powder
|move|p1b: Zacian|Behemoth Blade|p2a: Amoonguss
|-damage|p2a: Amoonguss|0 fnt
|faint|p2a: Amoonguss
|move|p2b: Koraidon|Flare Blitz|p1b: Zacian
|-supereffective|p1b: Zacian
|-damage|p1b: Zacian|0 fnt
|faint|p1b: Zacian
|-damage|p2b: Koraidon|0 fnt|[from] Recoil
|faint|p2b: Koraidon
|
|win|knucklee
|raw|HarrietThugman's rating: 1171 &rarr; <strong>1143</strong><br />(-28 for losing)
|raw|knucklee's rating: 1126 &rarr; <strong>1154</strong><br />(+28 for winning)
|l|☆HarrietThugman
|player|p1|
|l|☆knucklee
|player|p2|
