|j|‽Dark Maste777
|j|☆ShellyV25
|t:|1750870718
|gametype|doubles
|player|p1|Dark Maste777|roughneck|1296
|player|p2|ShellyV25|hilbert|1176
|teamsize|p1|6
|teamsize|p2|6
|gen|9
|tier|[Gen 9] VGC 2025 Reg I
|rated|
|rule|Species Clause: Limit one of each Pokémon
|rule|Item Clause: Limit 1 of each item
|clearpoke
|poke|p1|Kingdra, L50, F|
|poke|p1|Kyogre, L50|
|poke|p1|Iron Valiant, L50|
|poke|p1|Exeggutor-Alola, L50, F|
|poke|p1|Indeedee-F, L50, F|
|poke|p1|Calyrex-Ice, L50|
|poke|p2|Calyrex-Shadow, L50|
|poke|p2|Chi-Yu, L50|
|poke|p2|Weezing-Galar, L50, M|
|poke|p2|Brute Bonnet, L50|
|poke|p2|Walking Wake, L50|
|poke|p2|Koraidon, L50|
|teampreview|4
|inactive|Battle timer is ON: inactive players will automatically lose when time's up. (requested by Dark Maste777)
|
|t:|1750870749
|start
|switch|p1a: Kyogre|Kyogre, L50|100/100
|switch|p1b: Calyrex|Calyrex-Ice, L50|100/100
|switch|p2a: Koraidon|Koraidon, L50|100/100
|switch|p2b: Weezing|Weezing-Galar, L50, M, shiny|100/100
|-ability|p2b: Weezing|Neutralizing Gas
|-block|p2a: Koraidon|item: Ability Shield
|-ability|p1b: Calyrex|As One
|-ability|p1b: Calyrex|Unnerve
|-weather|SunnyDay|[from] ability: Orichalcum Pulse|[of] p2a: Koraidon
|-activate|p2a: Koraidon|Orichalcum Pulse|[source]
|turn|1
|
|t:|1750870774
|-terastallize|p2b: Weezing|Water
|move|p2a: Koraidon|Protect|p2a: Koraidon
|-singleturn|p2a: Koraidon|Protect
|move|p1a: Kyogre|Water Spout|p2b: Weezing|[spread] p2b
|-activate|p2a: Koraidon|move: Protect
|-resisted|p2b: Weezing
|-damage|p2b: Weezing|81/100
|move|p2b: Weezing|Taunt|p1b: Calyrex
|-start|p1b: Calyrex|move: Taunt
|move|p1b: Calyrex|Glacial Lance|p2a: Koraidon|[spread] p2b
|-activate|p2a: Koraidon|move: Protect
|-resisted|p2b: Weezing
|-damage|p2b: Weezing|56/100
|
|-weather|SunnyDay|[upkeep]
|upkeep
|turn|2
|
|t:|1750870791
|move|p1a: Kyogre|Protect|p1a: Kyogre
|-singleturn|p1a: Kyogre|Protect
|move|p2a: Koraidon|Collision Course|p1a: Kyogre
|-activate|p1a: Kyogre|move: Protect
|move|p2b: Weezing|Will-O-Wisp|p1b: Calyrex
|-status|p1b: Calyrex|brn
|move|p1b: Calyrex|Glacial Lance|p2b: Weezing|[spread] p2a,p2b
|-supereffective|p2a: Koraidon
|-resisted|p2b: Weezing
|-damage|p2a: Koraidon|56/100
|-damage|p2b: Weezing|42/100
|
|-weather|SunnyDay|[upkeep]
|-damage|p1b: Calyrex|95/100 brn|[from] brn
|upkeep
|turn|3
|inactive|Dark Maste777 has 30 seconds left.
|
|t:|1750870816
|move|p2a: Koraidon|Flare Blitz|p1b: Calyrex
|-supereffective|p1b: Calyrex
|-damage|p1b: Calyrex|0 fnt
|faint|p1b: Calyrex
|-damage|p2a: Koraidon|24/100|[from] Recoil
|move|p1a: Kyogre|Water Spout|p2a: Koraidon|[spread] p2a,p2b
|-resisted|p2a: Koraidon
|-resisted|p2b: Weezing
|-damage|p2a: Koraidon|9/100
|-damage|p2b: Weezing|23/100
|move|p2b: Weezing|Strange Steam|p1a: Kyogre
|-damage|p1a: Kyogre|83/100
|
|-weather|SunnyDay|[upkeep]
|upkeep
|
|t:|1750870828
|switch|p1b: Exeggutor|Exeggutor-Alola, L50, F|100/100
|turn|4
|
|t:|1750870835
|move|p1a: Kyogre|Protect|p1a: Kyogre
|-singleturn|p1a: Kyogre|Protect
|move|p2a: Koraidon|Collision Course|p1a: Kyogre
|-activate|p1a: Kyogre|move: Protect
|move|p2b: Weezing|Strange Steam|p1a: Kyogre
|-activate|p1a: Kyogre|move: Protect
|move|p1b: Exeggutor|Trick Room|p1b: Exeggutor
|-fieldstart|move: Trick Room|[of] p1b: Exeggutor
|
|-weather|SunnyDay|[upkeep]
|upkeep
|turn|5
|
|t:|1750870863
|move|p2a: Koraidon|Protect|p2a: Koraidon
|-singleturn|p2a: Koraidon|Protect
|move|p1b: Exeggutor|Gravity|p1b: Exeggutor
|-fieldstart|move: Gravity
|move|p2b: Weezing|Will-O-Wisp|p1a: Kyogre
|-status|p1a: Kyogre|brn
|move|p1a: Kyogre|Ice Beam|p2a: Koraidon
|-activate|p2a: Koraidon|move: Protect
|
|-weather|none
|-damage|p1a: Kyogre|77/100 brn|[from] brn
|upkeep
|turn|6
|
|t:|1750870878
|move|p1b: Exeggutor|Sleep Powder|p2b: Weezing
|-status|p2b: Weezing|slp|[from] move: Sleep Powder
|cant|p2b: Weezing|slp
|move|p1a: Kyogre|Ice Beam|p2a: Koraidon
|-supereffective|p2a: Koraidon
|-damage|p2a: Koraidon|0 fnt
|faint|p2a: Koraidon
|
|-damage|p1a: Kyogre|71/100 brn|[from] brn
|upkeep
|
|t:|1750870890
|switch|p2a: Brute Bonnet|Brute Bonnet, L50, shiny|100/100
|turn|7
|
|t:|1750870903
|move|p1b: Exeggutor|Dragon Cheer|p1a: Kyogre
|-start|p1a: Kyogre|move: Dragon Cheer
|move|p2a: Brute Bonnet|Seed Bomb|p1a: Kyogre
|-supereffective|p1a: Kyogre
|-damage|p1a: Kyogre|1/100 brn
|cant|p2b: Weezing|slp
|move|p1a: Kyogre|Ice Beam|p2a: Brute Bonnet
|-supereffective|p2a: Brute Bonnet
|-damage|p2a: Brute Bonnet|29/100
|
|-heal|p2a: Brute Bonnet|35/100|[from] item: Leftovers
|-damage|p1a: Kyogre|0 fnt|[from] brn
|faint|p1a: Kyogre
|upkeep
|
|t:|1750870910
|switch|p1a: Kingdra|Kingdra, L50, F|100/100
|turn|8
|
|t:|1750870931
|-terastallize|p1a: Kingdra|Fairy
|move|p1b: Exeggutor|Dragon Cheer|p1a: Kingdra
|-start|p1a: Kingdra|move: Dragon Cheer
|move|p2a: Brute Bonnet|Spore|p1a: Kingdra
|-status|p1a: Kingdra|slp|[from] move: Spore
|cant|p1a: Kingdra|slp
|cant|p2b: Weezing|slp
|
|-heal|p2a: Brute Bonnet|41/100|[from] item: Leftovers
|-fieldend|move: Trick Room
|upkeep
|turn|9
|inactive|Dark Maste777 has 30 seconds left.
|
|t:|1750870961
|-curestatus|p2b: Weezing|slp|[msg]
|move|p2b: Weezing|Strange Steam|p1b: Exeggutor
|-supereffective|p1b: Exeggutor
|-damage|p1b: Exeggutor|40/100
|cant|p1a: Kingdra|slp
|move|p2a: Brute Bonnet|Seed Bomb|p1a: Kingdra
|-damage|p1a: Kingdra|69/100 slp
|move|p1b: Exeggutor|Dragon Cheer||[still]
|-fail|p1b: Exeggutor
|
|-heal|p2a: Brute Bonnet|47/100|[from] item: Leftovers
|-fieldend|move: Gravity
|upkeep
|turn|10
|
|t:|1750870982
|move|p2b: Weezing|Strange Steam|p1b: Exeggutor
|-supereffective|p1b: Exeggutor
|-damage|p1b: Exeggutor|0 fnt
|faint|p1b: Exeggutor
|cant|p1a: Kingdra|slp
|move|p2a: Brute Bonnet|Seed Bomb|p1a: Kingdra
|-damage|p1a: Kingdra|34/100 slp
|
|-heal|p2a: Brute Bonnet|53/100|[from] item: Leftovers
|upkeep
|turn|11
|-message|Dark Maste777 forfeited.
|
|win|ShellyV25
|raw|Dark Maste777's rating: 1296 &rarr; <strong>1263</strong><br />(-33 for losing)
|raw|ShellyV25's rating: 1176 &rarr; <strong>1209</strong><br />(+33 for winning)
|l|‽Dark Maste777
|player|p1|
