|j|☆goofballBTW
|j|‽poklolpok
|t:|1750784920
|gametype|doubles
|player|p1|goofballBTW|1|1364
|player|p2|poklolpok|1|1374
|teamsize|p1|6
|teamsize|p2|6
|gen|9
|tier|[Gen 9] VGC 2025 Reg I
|rated|
|rule|Species Clause: Limit one of each Pokémon
|rule|Item Clause: Limit 1 of each item
|clearpoke
|poke|p1|Dragonite, L50, F|
|poke|p1|Calyrex-Shadow, L50|
|poke|p1|Landorus, L50, M|
|poke|p1|Incineroar, L50, M|
|poke|p1|Urshifu-*, L50, F|
|poke|p1|Zacian-*, L50|
|poke|p2|Miraidon, L50|
|poke|p2|Terapagos, L50, M|
|poke|p2|Incineroar, L50, F|
|poke|p2|Urshifu-*, L50, M|
|poke|p2|Amoonguss, L50, F|
|poke|p2|Whimsicott, L50, M|
|teampreview|4
|inactive|Battle timer is ON: inactive players will automatically lose when time's up. (requested by goofballBTW)
|
|t:|1750784950
|start
|switch|p1a: Dragonite|Dragonite, L50, F|100/100
|switch|p1b: Urshifu|Urshifu-Rapid-Strike, L50, F|100/100
|switch|p2a: Miraidon|Miraidon, L50|100/100
|switch|p2b: Urshifu|Urshifu-Rapid-Strike, L50, M|100/100
|-fieldstart|move: Electric Terrain|[from] ability: Hadron Engine|[of] p2a: Miraidon
|turn|1
|
|t:|1750784974
|-terastallize|p2a: Miraidon|Electric
|-terastallize|p1a: Dragonite|Poison
|move|p2b: Urshifu|U-turn|p1b: Urshifu
|-resisted|p1b: Urshifu
|-damage|p1b: Urshifu|87/100
|
|t:|1750784979
|switch|p2b: Incineroar|Incineroar, L50, F|100/100|[from] U-turn
|-ability|p2b: Incineroar|Intimidate|boost
|-unboost|p1a: Dragonite|atk|1
|-unboost|p1b: Urshifu|atk|1
|move|p2a: Miraidon|Volt Switch|p1a: Dragonite
|-damage|p1a: Dragonite|57/100
|
|t:|1750784986
|switch|p2a: Urshifu|Urshifu-Rapid-Strike, L50, M|100/100|[from] Volt Switch
|move|p1a: Dragonite|Tailwind|p1a: Dragonite
|-sidestart|p1: goofballBTW|move: Tailwind
|move|p1b: Urshifu|Surging Strikes|p2a: Urshifu
|-resisted|p2a: Urshifu
|-crit|p2a: Urshifu
|-damage|p2a: Urshifu|87/100
|-resisted|p2a: Urshifu
|-crit|p2a: Urshifu
|-damage|p2a: Urshifu|74/100
|-resisted|p2a: Urshifu
|-crit|p2a: Urshifu
|-damage|p2a: Urshifu|60/100
|-hitcount|p2a: Urshifu|3
|
|upkeep
|turn|2
|
|t:|1750785003
|move|p2b: Incineroar|Fake Out|p1b: Urshifu
|-damage|p1b: Urshifu|77/100
|move|p1a: Dragonite|Scale Shot|p2a: Urshifu
|-damage|p2a: Urshifu|52/100
|-damage|p2a: Urshifu|43/100
|-damage|p2a: Urshifu|36/100
|-damage|p2a: Urshifu|27/100
|-damage|p2a: Urshifu|19/100
|-hitcount|p2a: Urshifu|5
|-unboost|p1a: Dragonite|def|1
|-boost|p1a: Dragonite|spe|1
|cant|p1b: Urshifu|flinch
|move|p2a: Urshifu|Surging Strikes|p1a: Dragonite
|-crit|p1a: Dragonite
|-damage|p1a: Dragonite|18/100
|-crit|p1a: Dragonite
|-damage|p1a: Dragonite|0 fnt
|faint|p1a: Dragonite
|-hitcount|p1: Dragonite|2
|
|upkeep
|
|t:|1750785014
|switch|p1a: Zacian|Zacian-Crowned, L50|100/100
|-ability|p1a: Zacian|Intrepid Sword|boost
|-boost|p1a: Zacian|atk|1
|turn|3
|
|t:|1750785035
|switch|p1b: Calyrex|Calyrex-Shadow, L50|100/100
|-ability|p1b: Calyrex|As One
|-ability|p1b: Calyrex|Unnerve
|switch|p2b: Whimsicott|Whimsicott, L50, M|100/100
|move|p1a: Zacian|Close Combat|p2b: Whimsicott
|-resisted|p2b: Whimsicott
|-damage|p2b: Whimsicott|59/100
|-unboost|p1a: Zacian|def|1
|-unboost|p1a: Zacian|spd|1
|move|p2a: Urshifu|Surging Strikes|p1a: Zacian
|-crit|p1a: Zacian
|-damage|p1a: Zacian|69/100
|-crit|p1a: Zacian
|-damage|p1a: Zacian|40/100
|-crit|p1a: Zacian
|-damage|p1a: Zacian|12/100
|-hitcount|p1a: Zacian|3
|
|upkeep
|turn|4
|inactive|goofballBTW has 30 seconds left.
|
|t:|1750785067
|switch|p1b: Urshifu|Urshifu-Rapid-Strike, L50, F|77/100
|move|p2b: Whimsicott|Tailwind|p2b: Whimsicott
|-sidestart|p2: poklolpok|move: Tailwind
|move|p2a: Urshifu|Surging Strikes|p1b: Urshifu
|-resisted|p1b: Urshifu
|-crit|p1b: Urshifu
|-damage|p1b: Urshifu|65/100
|-resisted|p1b: Urshifu
|-crit|p1b: Urshifu
|-damage|p1b: Urshifu|54/100
|-resisted|p1b: Urshifu
|-crit|p1b: Urshifu
|-damage|p1b: Urshifu|42/100
|-hitcount|p1b: Urshifu|3
|move|p1a: Zacian|Close Combat|p2a: Urshifu
|-damage|p2a: Urshifu|0 fnt
|-unboost|p1a: Zacian|def|1
|-unboost|p1a: Zacian|spd|1
|faint|p2a: Urshifu
|
|-sideend|p1: goofballBTW|move: Tailwind
|upkeep
|
|t:|1750785072
|switch|p2a: Incineroar|Incineroar, L50, F|100/100
|-ability|p2a: Incineroar|Intimidate|boost
|-unboost|p1a: Zacian|atk|1
|-unboost|p1b: Urshifu|atk|1
|turn|5
|
|t:|1750785081
|move|p1a: Zacian|Protect|p1a: Zacian
|-singleturn|p1a: Zacian|Protect
|move|p1b: Urshifu|Protect|p1b: Urshifu
|-singleturn|p1b: Urshifu|Protect
|move|p2a: Incineroar|Fake Out|p1b: Urshifu
|-activate|p1b: Urshifu|move: Protect
|move|p2b: Whimsicott|Moonblast|p1a: Zacian
|-activate|p1a: Zacian|move: Protect
|
|-fieldend|move: Electric Terrain
|upkeep
|turn|6
|
|t:|1750785099
|move|p2b: Whimsicott|Moonblast|p1b: Urshifu
|-supereffective|p1b: Urshifu
|-damage|p1b: Urshifu|0 fnt
|faint|p1b: Urshifu
|move|p2a: Incineroar|Flare Blitz|p1a: Zacian
|-supereffective|p1a: Zacian
|-damage|p1a: Zacian|0 fnt
|faint|p1a: Zacian
|-damage|p2a: Incineroar|97/100|[from] Recoil
|
|upkeep
|
|t:|1750785104
|switch|p1b: Calyrex|Calyrex-Shadow, L50|100/100
|-ability|p1b: Calyrex|As One
|-ability|p1b: Calyrex|Unnerve
|turn|7
|
|t:|1750785108
|move|p2b: Whimsicott|Moonblast|p1b: Calyrex
|-damage|p1b: Calyrex|74/100
|-unboost|p1b: Calyrex|spa|1
|move|p1b: Calyrex|Astral Barrage|p2b: Whimsicott|[spread] p2a,p2b
|-resisted|p2a: Incineroar
|-damage|p2a: Incineroar|85/100
|-damage|p2b: Whimsicott|8/100
|move|p2a: Incineroar|Knock Off|p1b: Calyrex
|-supereffective|p1b: Calyrex
|-damage|p1b: Calyrex|0 fnt
|-enditem|p1b: Calyrex|Focus Sash|[from] move: Knock Off|[of] p2a: Incineroar
|faint|p1b: Calyrex
|
|win|poklolpok
|raw|goofballBTW's rating: 1364 &rarr; <strong>1345</strong><br />(-19 for losing)
|raw|poklolpok's rating: 1374 &rarr; <strong>1393</strong><br />(+19 for winning)
|l|☆goofballBTW
|player|p1|
