|j|☆jupitervivi
|j|☆AyaDawn
|t:|1750759394
|gametype|doubles
|player|p1|jupitervivi|ghetsis-gen5bw|1137
|player|p2|AyaDawn|101|1174
|teamsize|p1|6
|teamsize|p2|6
|gen|9
|tier|[Gen 9] VGC 2025 Reg I
|rated|
|rule|Species Clause: Limit one of each Pokémon
|rule|Item Clause: Limit 1 of each item
|clearpoke
|poke|p1|Koraidon, L50|
|poke|p1|Scovillain, L50, F|
|poke|p1|Miraidon, L50|
|poke|p1|Iron Hands, L50|
|poke|p1|Whimsicott, L50, F|
|poke|p1|Ditto, L50|
|poke|p2|Calyrex-Shadow, L50|
|poke|p2|Incineroar, L50, M|
|poke|p2|Rillaboom, L50, M|
|poke|p2|Terapagos, L50, M|
|poke|p2|Urshifu-*, L50, F|
|poke|p2|Ogerpon-Cornerstone, L50, F|
|teampreview|4
|inactive|Battle timer is ON: inactive players will automatically lose when time's up. (requested by AyaDawn)
|inactive|jupitervivi has 60 seconds left.
|inactiveoff|Battle timer is now OFF.
|
|t:|1750759426
|start
|switch|p1a: Goop|Ditto, L50, shiny|100/100
|switch|p1b: Hydrogen Bomb|Miraidon, L50|100/100
|switch|p2a: Terapagos|Terapagos, L50, M|100/100
|switch|p2b: Rillaboom|Rillaboom, L50, M|100/100
|-activate|p2a: Terapagos|ability: Tera Shift
|detailschange|p2a: Terapagos|Terapagos-Terastal, L50, M
|-heal|p2a: Terapagos|100/100|[silent]
|-fieldstart|move: Electric Terrain|[from] ability: Hadron Engine|[of] p1b: Hydrogen Bomb
|-transform|p1a: Goop|p2b: Rillaboom|[from] ability: Imposter
|turn|1
|inactive|Battle timer is ON: inactive players will automatically lose when time's up. (requested by jupitervivi)
|inactive|AyaDawn has 30 seconds left.
|
|t:|1750759460
|switch|p1b: Meringue|Whimsicott, L50, F, shiny|100/100
|move|p1a: Goop|Fake Out|p2a: Terapagos
|-activate|p2a: Terapagos|ability: Tera Shell
|-resisted|p2a: Terapagos
|-damage|p2a: Terapagos|95/100
|move|p2b: Rillaboom|Fake Out|p1b: Meringue
|-damage|p1b: Meringue|88/100
|cant|p2a: Terapagos|flinch
|
|-heal|p2a: Terapagos|100/100|[from] item: Leftovers
|upkeep
|turn|2
|inactive|AyaDawn has 30 seconds left.
|
|t:|1750759487
|move|p1b: Meringue|Taunt|p2a: Terapagos
|-start|p2a: Terapagos|move: Taunt
|move|p1a: Goop|Knock Off|p2a: Terapagos
|-activate|p2a: Terapagos|ability: Tera Shell
|-resisted|p2a: Terapagos
|-damage|p2a: Terapagos|87/100
|-enditem|p2a: Terapagos|Leftovers|[from] move: Knock Off|[of] p1a: Goop
|move|p2b: Rillaboom|Knock Off|p1b: Meringue
|-resisted|p1b: Meringue
|-damage|p1b: Meringue|75/100
|-enditem|p1b: Meringue|Mental Herb|[from] move: Knock Off|[of] p2b: Rillaboom
|cant|p2a: Terapagos|move: Taunt|Calm Mind
|
|upkeep
|turn|3
|inactive|jupitervivi has 30 seconds left.
|inactive|AyaDawn has 30 seconds left.
|inactive|AyaDawn has 20 seconds left.
|
|t:|1750759524
|switch|p2b: Urshifu|Urshifu-Rapid-Strike, L50, F|100/100
|switch|p1a: Incendiary Grenade|Koraidon, L50|100/100
|-weather|SunnyDay|[from] ability: Orichalcum Pulse|[of] p1a: Incendiary Grenade
|-activate|p1a: Incendiary Grenade|Orichalcum Pulse|[source]
|move|p1b: Meringue|Tailwind|p1b: Meringue
|-sidestart|p1: jupitervivi|move: Tailwind
|move|p2a: Terapagos|Tera Starstorm|p1b: Meringue
|-damage|p1b: Meringue|0 fnt
|faint|p1b: Meringue
|
|-weather|SunnyDay|[upkeep]
|upkeep
|
|t:|1750759540
|switch|p1b: Hydrogen Bomb|Miraidon, L50|100/100
|-activate|p1b: Hydrogen Bomb|ability: Hadron Engine
|turn|4
|
|t:|1750759562
|switch|p2b: Rillaboom|Rillaboom, L50, M|100/100
|switch|p2a: Calyrex|Calyrex-Shadow, L50|100/100
|-ability|p2a: Calyrex|As One
|-ability|p2a: Calyrex|Unnerve
|move|p1b: Hydrogen Bomb|Electro Drift|p2b: Rillaboom
|-resisted|p2b: Rillaboom
|-damage|p2b: Rillaboom|44/100
|move|p1a: Incendiary Grenade|Collision Course|p2a: Calyrex
|-immune|p2a: Calyrex
|
|-weather|SunnyDay|[upkeep]
|upkeep
|turn|5
|inactive|jupitervivi has 30 seconds left.
|inactive|AyaDawn has 30 seconds left.
|inactive|jupitervivi has 20 seconds left.
|inactive|AyaDawn has 20 seconds left.
|
|t:|1750759602
|-terastallize|p1a: Incendiary Grenade|Fire
|move|p2b: Rillaboom|Fake Out|p1b: Hydrogen Bomb
|-damage|p1b: Hydrogen Bomb|88/100
|move|p1a: Incendiary Grenade|Flare Blitz|p2a: Calyrex
|-damage|p2a: Calyrex|0 fnt
|faint|p2a: Calyrex
|-damage|p1a: Incendiary Grenade|69/100|[from] Recoil
|cant|p1b: Hydrogen Bomb|flinch
|
|-weather|SunnyDay|[upkeep]
|-fieldend|move: Electric Terrain
|upkeep
|
|t:|1750759614
|switch|p2a: Urshifu|Urshifu-Rapid-Strike, L50, F|100/100
|turn|6
|
|t:|1750759624
|switch|p2b: Terapagos|Terapagos-Terastal, L50, M|87/100
|move|p2a: Urshifu|Aqua Jet|p1a: Incendiary Grenade
|-supereffective|p1a: Incendiary Grenade
|-damage|p1a: Incendiary Grenade|52/100
|move|p1a: Incendiary Grenade|Flare Blitz|p2b: Terapagos
|-damage|p2b: Terapagos|0 fnt
|faint|p2b: Terapagos
|-damage|p1a: Incendiary Grenade|20/100|[from] Recoil
|move|p1b: Hydrogen Bomb|Electro Drift|p2a: Urshifu
|-supereffective|p2a: Urshifu
|-damage|p2a: Urshifu|0 fnt
|faint|p2a: Urshifu
|
|-weather|SunnyDay|[upkeep]
|-sideend|p1: jupitervivi|move: Tailwind
|upkeep
|-message|AyaDawn forfeited.
|
|win|jupitervivi
|raw|jupitervivi's rating: 1137 &rarr; <strong>1165</strong><br />(+28 for winning)
|raw|AyaDawn's rating: 1174 &rarr; <strong>1146</strong><br />(-28 for losing)
