|j|☆gundi8
|j|☆yaasuto
|t:|1750855300
|gametype|doubles
|player|p1|gundi8|ethan-gen2|1539
|player|p2|yaasuto|hilbert|1642
|teamsize|p1|6
|teamsize|p2|6
|gen|9
|tier|[Gen 9] VGC 2025 Reg I
|rated|
|rule|Species Clause: Limit one of each Pokémon
|rule|Item Clause: Limit 1 of each item
|clearpoke
|poke|p1|Miraidon, L50|
|poke|p1|Zamazenta-*, L50|
|poke|p1|Volcarona, L50, M|
|poke|p1|Chien-Pao, L50|
|poke|p1|Rillaboom, L50, M|
|poke|p1|Ogerpon, L50, F|
|poke|p2|Ho-Oh, L50|
|poke|p2|Eternatus, L50|
|poke|p2|Incineroar, L50, F|
|poke|p2|Rillaboom, L50, M|
|poke|p2|Toxapex, L50, M|
|poke|p2|Ting-Lu, L50|
|teampreview|4
|inactive|Battle timer is ON: inactive players will automatically lose when time's up. (requested by gundi8)
|inactive|yaasuto also wants the timer to be on.
|
|t:|1750855330
|start
|switch|p1a: Miraidon|Miraidon, L50|100/100
|switch|p1b: Volcarona|Volcarona, L50, M, shiny|100/100
|switch|p2a: Eternatus|Eternatus, L50|100/100
|switch|p2b: Incineroar|Incineroar, L50, F|100/100
|-fieldstart|move: Electric Terrain|[from] ability: Hadron Engine|[of] p1a: Miraidon
|-enditem|p1b: Volcarona|Electric Seed
|-boost|p1b: Volcarona|def|1|[from] item: Electric Seed
|-ability|p2a: Eternatus|Pressure
|-ability|p2b: Incineroar|Intimidate|boost
|-unboost|p1a: Miraidon|atk|1
|-unboost|p1b: Volcarona|atk|1
|turn|1
|
|t:|1750855347
|move|p2b: Incineroar|Fake Out|p1a: Miraidon
|-damage|p1a: Miraidon|91/100
|cant|p1a: Miraidon|flinch
|move|p1b: Volcarona|Quiver Dance|p1b: Volcarona
|-boost|p1b: Volcarona|spa|1
|-boost|p1b: Volcarona|spd|1
|-boost|p1b: Volcarona|spe|1
|move|p2a: Eternatus|Toxic|p1b: Volcarona
|-status|p1b: Volcarona|tox
|
|-damage|p1b: Volcarona|95/100 tox|[from] psn
|upkeep
|turn|2
|
|t:|1750855365
|switch|p2b: Rillaboom|Rillaboom, L50, M|100/100
|-fieldstart|move: Grassy Terrain|[from] ability: Grassy Surge|[of] p2b: Rillaboom
|move|p2a: Eternatus|Protect|p2a: Eternatus
|-singleturn|p2a: Eternatus|Protect
|move|p1a: Miraidon|Draco Meteor|p2a: Eternatus
|-activate|p2a: Eternatus|move: Protect
|move|p1b: Volcarona|Quiver Dance|p1b: Volcarona
|-boost|p1b: Volcarona|spa|1
|-boost|p1b: Volcarona|spd|1
|-boost|p1b: Volcarona|spe|1
|
|-heal|p1b: Volcarona|100/100 tox|[from] Grassy Terrain
|-heal|p1a: Miraidon|97/100|[from] Grassy Terrain
|-damage|p1b: Volcarona|89/100 tox|[from] psn
|upkeep
|turn|3
|
|t:|1750855381
|switch|p1a: Zamazenta|Zamazenta-Crowned, L50|100/100
|-ability|p1a: Zamazenta|Dauntless Shield|boost
|-boost|p1a: Zamazenta|def|1
|move|p2b: Rillaboom|Fake Out|p1a: Zamazenta
|-resisted|p1a: Zamazenta
|-damage|p1a: Zamazenta|98/100
|move|p1b: Volcarona|Fiery Dance|p2b: Rillaboom
|-supereffective|p2b: Rillaboom
|-damage|p2b: Rillaboom|30/100
|-boost|p1b: Volcarona|spa|1
|move|p2a: Eternatus|Substitute|p2a: Eternatus
|-start|p2a: Eternatus|Substitute
|-damage|p2a: Eternatus|76/100
|
|-heal|p1b: Volcarona|95/100 tox|[from] Grassy Terrain
|-heal|p1a: Zamazenta|100/100|[from] Grassy Terrain
|-heal|p2a: Eternatus|82/100|[from] Grassy Terrain
|-heal|p2a: Eternatus|88/100|[from] item: Black Sludge
|-heal|p2b: Rillaboom|36/100|[from] Grassy Terrain
|-damage|p1b: Volcarona|77/100 tox|[from] psn
|upkeep
|turn|4
|
|t:|1750855391
|switch|p2b: Ho-Oh|Ho-Oh, L50|100/100
|move|p1b: Volcarona|Fiery Dance|p2b: Ho-Oh
|-resisted|p2b: Ho-Oh
|-damage|p2b: Ho-Oh|77/100
|-boost|p1b: Volcarona|spa|1
|move|p1a: Zamazenta|Body Press|p2a: Eternatus
|-resisted|p2a: Eternatus
|-activate|p2a: Eternatus|move: Substitute|[damage]
|move|p2a: Eternatus|Dynamax Cannon|p1b: Volcarona
|-damage|p1b: Volcarona|55/100 tox
|
|-heal|p1b: Volcarona|61/100 tox|[from] Grassy Terrain
|-heal|p2a: Eternatus|94/100|[from] Grassy Terrain
|-heal|p2a: Eternatus|99/100|[from] item: Black Sludge
|-damage|p1b: Volcarona|38/100 tox|[from] psn
|upkeep
|turn|5
|inactive|gundi8 has 30 seconds left.
|
|t:|1750855419
|move|p1b: Volcarona|Fiery Dance|p2b: Ho-Oh
|-resisted|p2b: Ho-Oh
|-damage|p2b: Ho-Oh|44/100
|-boost|p1b: Volcarona|spa|1
|move|p1a: Zamazenta|Behemoth Bash|p2a: Eternatus
|-end|p2a: Eternatus|Substitute
|move|p2a: Eternatus|Dynamax Cannon|p1b: Volcarona
|-damage|p1b: Volcarona|14/100 tox
|move|p2b: Ho-Oh|Life Dew|p2b: Ho-Oh|[spread] p2a,p2b
|-heal|p2a: Eternatus|100/100
|-heal|p2b: Ho-Oh|69/100
|
|-heal|p1b: Volcarona|20/100 tox|[from] Grassy Terrain
|-damage|p1b: Volcarona|0 fnt|[from] psn
|faint|p1b: Volcarona
|upkeep
|
|t:|1750855424
|switch|p1b: Chien-Pao|Chien-Pao, L50|100/100
|-ability|p1b: Chien-Pao|Sword of Ruin
|turn|6
|
|t:|1750855432
|switch|p2a: Incineroar|Incineroar, L50, F|100/100
|-ability|p2a: Incineroar|Intimidate|boost
|-unboost|p1a: Zamazenta|atk|1
|-unboost|p1b: Chien-Pao|atk|1
|move|p1b: Chien-Pao|Icicle Crash|p2b: Ho-Oh
|-damage|p2b: Ho-Oh|44/100
|move|p1a: Zamazenta|Behemoth Bash|p2a: Incineroar
|-resisted|p2a: Incineroar
|-damage|p2a: Incineroar|85/100
|move|p2b: Ho-Oh|Sacred Fire|p1b: Chien-Pao
|-supereffective|p1b: Chien-Pao
|-enditem|p1b: Chien-Pao|Focus Sash
|-damage|p1b: Chien-Pao|1/100
|
|-heal|p1b: Chien-Pao|7/100|[from] Grassy Terrain
|-heal|p2a: Incineroar|91/100|[from] Grassy Terrain
|-fieldend|move: Grassy Terrain
|upkeep
|turn|7
|
|t:|1750855448
|switch|p1b: Miraidon|Miraidon, L50|97/100
|-fieldstart|move: Electric Terrain|[from] ability: Hadron Engine|[of] p1b: Miraidon
|switch|p2b: Eternatus|Eternatus, L50|100/100
|-ability|p2b: Eternatus|Pressure
|-terastallize|p1a: Zamazenta|Water
|move|p2a: Incineroar|Fake Out|p1a: Zamazenta
|-damage|p1a: Zamazenta|96/100
|cant|p1a: Zamazenta|flinch
|
|upkeep
|turn|8
|
|t:|1750855472
|switch|p2a: Rillaboom|Rillaboom, L50, M|36/100
|-fieldstart|move: Grassy Terrain|[from] ability: Grassy Surge|[of] p2a: Rillaboom
|move|p2b: Eternatus|Protect|p2b: Eternatus
|-singleturn|p2b: Eternatus|Protect
|move|p1b: Miraidon|Electro Drift|p2a: Rillaboom
|-resisted|p2a: Rillaboom
|-damage|p2a: Rillaboom|21/100
|move|p1a: Zamazenta|Body Press|p2a: Rillaboom
|-damage|p2a: Rillaboom|0 fnt
|faint|p2a: Rillaboom
|
|-heal|p1b: Miraidon|100/100|[from] Grassy Terrain
|-heal|p1a: Zamazenta|100/100|[from] Grassy Terrain
|upkeep
|
|t:|1750855478
|switch|p2a: Incineroar|Incineroar, L50, F|91/100
|-ability|p2a: Incineroar|Intimidate|boost
|-unboost|p1a: Zamazenta|atk|1
|-unboost|p1b: Miraidon|atk|1
|turn|9
|
|t:|1750855489
|-terastallize|p2a: Incineroar|Ghost
|move|p2a: Incineroar|Fake Out|p1b: Miraidon
|-damage|p1b: Miraidon|91/100
|cant|p1b: Miraidon|flinch
|move|p1a: Zamazenta|Body Press|p2a: Incineroar
|-immune|p2a: Incineroar
|move|p2b: Eternatus|Substitute|p2b: Eternatus
|-start|p2b: Eternatus|Substitute
|-damage|p2b: Eternatus|76/100
|
|-heal|p1b: Miraidon|97/100|[from] Grassy Terrain
|-heal|p2b: Eternatus|82/100|[from] Grassy Terrain
|-heal|p2b: Eternatus|88/100|[from] item: Black Sludge
|-heal|p2a: Incineroar|97/100|[from] Grassy Terrain
|upkeep
|turn|10
|inactive|gundi8 has 30 seconds left.
|
|t:|1750855523
|switch|p1a: Chien-Pao|Chien-Pao, L50|7/100
|-ability|p1a: Chien-Pao|Sword of Ruin
|move|p1b: Miraidon|Electro Drift|p2a: Incineroar
|-damage|p2a: Incineroar|53/100
|move|p2b: Eternatus|Toxic|p1b: Miraidon
|-status|p1b: Miraidon|tox
|move|p2a: Incineroar|Parting Shot|p1b: Miraidon
|-unboost|p1b: Miraidon|atk|1
|-unboost|p1b: Miraidon|spa|1
|
|t:|1750855526
|switch|p2a: Ho-Oh|Ho-Oh, L50|77/100|[from] Parting Shot
|
|-heal|p1b: Miraidon|100/100 tox|[from] Grassy Terrain
|-heal|p1a: Chien-Pao|13/100|[from] Grassy Terrain
|-heal|p2b: Eternatus|94/100|[from] Grassy Terrain
|-heal|p2b: Eternatus|99/100|[from] item: Black Sludge
|-damage|p1b: Miraidon|94/100 tox|[from] psn
|upkeep
|turn|11
|
|t:|1750855537
|switch|p1b: Zamazenta|Zamazenta-Crowned, L50, tera:Water|100/100
|move|p2a: Ho-Oh|Protect|p2a: Ho-Oh
|-singleturn|p2a: Ho-Oh|Protect
|move|p1a: Chien-Pao|Icicle Crash|p2a: Ho-Oh
|-activate|p2a: Ho-Oh|move: Protect
|move|p2b: Eternatus|Dynamax Cannon|p1a: Chien-Pao
|-damage|p1a: Chien-Pao|0 fnt
|faint|p1a: Chien-Pao
|
|-heal|p2b: Eternatus|100/100|[from] Grassy Terrain
|upkeep
|
|t:|1750855539
|switch|p1a: Miraidon|Miraidon, L50|94/100 tox
|-fieldstart|move: Electric Terrain|[from] ability: Hadron Engine|[of] p1a: Miraidon
|turn|12
|j| JanniB
|inactive|gundi8 has 30 seconds left.
|inactive|gundi8 has 20 seconds left.
|
|t:|1750855577
|move|p1a: Miraidon|Electro Drift|p2a: Ho-Oh
|-supereffective|p2a: Ho-Oh
|-damage|p2a: Ho-Oh|0 fnt
|-damage|p1a: Miraidon|78/100 tox|[from] item: Rocky Helmet|[of] p2a: Ho-Oh
|faint|p2a: Ho-Oh
|move|p1b: Zamazenta|Behemoth Bash|p2b: Eternatus
|-end|p2b: Eternatus|Substitute
|move|p2b: Eternatus|Dynamax Cannon|p1a: Miraidon
|-supereffective|p1a: Miraidon
|-crit|p1a: Miraidon
|-damage|p1a: Miraidon|0 fnt
|faint|p1a: Miraidon
|
|upkeep
|
|t:|1750855589
|switch|p2a: Incineroar|Incineroar, L50, F, tera:Ghost|53/100
|-ability|p2a: Incineroar|Intimidate|boost
|-unboost|p1b: Zamazenta|atk|1
|turn|13
|
|t:|1750855597
|move|p1b: Zamazenta|Protect|p1b: Zamazenta
|-singleturn|p1b: Zamazenta|Protect
|move|p2a: Incineroar|Fake Out|p1b: Zamazenta
|-activate|p1b: Zamazenta|move: Protect
|move|p2b: Eternatus|Substitute|p2b: Eternatus
|-start|p2b: Eternatus|Substitute
|-damage|p2b: Eternatus|76/100
|
|-heal|p2b: Eternatus|82/100|[from] item: Black Sludge
|upkeep
|turn|14
|
|t:|1750855602
|move|p1b: Zamazenta|Behemoth Bash|p2a: Incineroar
|-damage|p2a: Incineroar|31/100
|-enditem|p2a: Incineroar|Sitrus Berry|[eat]
|-heal|p2a: Incineroar|56/100|[from] item: Sitrus Berry
|move|p2b: Eternatus|Toxic|p1b: Zamazenta
|-status|p1b: Zamazenta|tox
|move|p2a: Incineroar|Knock Off|p1b: Zamazenta
|-damage|p1b: Zamazenta|84/100 tox
|
|-heal|p2b: Eternatus|88/100|[from] item: Black Sludge
|-damage|p1b: Zamazenta|78/100 tox|[from] psn
|upkeep
|turn|15
|
|t:|1750855608
|move|p1b: Zamazenta|Behemoth Bash|p2a: Incineroar
|-damage|p2a: Incineroar|30/100
|move|p2b: Eternatus|Dynamax Cannon|p1b: Zamazenta
|-crit|p1b: Zamazenta
|-damage|p1b: Zamazenta|22/100 tox
|move|p2a: Incineroar|Knock Off|p1b: Zamazenta
|-damage|p1b: Zamazenta|5/100 tox
|
|-heal|p2b: Eternatus|94/100|[from] item: Black Sludge
|-damage|p1b: Zamazenta|0 fnt|[from] psn
|faint|p1b: Zamazenta
|
|win|yaasuto
|raw|gundi8's rating: 1539 &rarr; <strong>1525</strong><br />(-14 for losing)
|raw|yaasuto's rating: 1642 &rarr; <strong>1656</strong><br />(+14 for winning)
