|j|☆Vinegar_it_is
|j|☆Novicebest
|t:|1750724821
|gametype|doubles
|player|p1|Vinegar_it_is|170|1431
|player|p2|Novicebest|170|1575
|teamsize|p1|6
|teamsize|p2|6
|gen|9
|tier|[Gen 9] VGC 2025 Reg I
|rated|
|rule|Species Clause: Limit one of each Pokémon
|rule|Item Clause: Limit 1 of each item
|clearpoke
|poke|p1|Lunala, L50|
|poke|p1|Zamazenta-*, L50|
|poke|p1|Zoroark-Hisui, L50, F|
|poke|p1|Ogerpon-Wellspring, L50, F|
|poke|p1|Ursaluna, L50, M|
|poke|p1|Whimsicott, L50, F|
|poke|p2|Lunala, L50|
|poke|p2|Miraidon, L50|
|poke|p2|Urshifu-*, L50, F|
|poke|p2|Incineroar, L50, F|
|poke|p2|Whimsicott, L50, M|
|poke|p2|Ursaluna, L50, F|
|teampreview|4
|inactive|Battle timer is ON: inactive players will automatically lose when time's up. (requested by Novicebest)
|inactive|Vinegar_it_is has 60 seconds left.
|
|t:|1750724865
|start
|switch|p1a: Ursaluna|Ursaluna, L50, M|100/100
|switch|p1b: Lunala|Lunala, L50|100/100
|switch|p2a: Lunala|Lunala, L50|100/100
|switch|p2b: Miraidon|Miraidon, L50|100/100
|-fieldstart|move: Electric Terrain|[from] ability: Hadron Engine|[of] p2b: Miraidon
|-enditem|p2a: Lunala|Electric Seed
|-boost|p2a: Lunala|def|1|[from] item: Electric Seed
|turn|1
|inactive|Vinegar_it_is has 30 seconds left.
|inactive|Vinegar_it_is has 20 seconds left.
|inactive|Vinegar_it_is has 15 seconds left.
|inactive|Vinegar_it_is has 10 seconds left.
|
|t:|1750724911
|switch|p1b: Ursaluna|Ursaluna, L50, M|100/100
|-terastallize|p1a: Ursaluna|Stellar
|-terastallize|p2a: Lunala|Fairy
|move|p1a: Ursaluna|Shadow Ball|p2a: Lunala
|-damage|p2a: Lunala|70/100
|move|p2b: Miraidon|Volt Switch|p1b: Ursaluna
|-immune|p1b: Ursaluna
|move|p2a: Lunala|Moongeist Beam|p1b: Ursaluna
|-immune|p1b: Ursaluna
|
|-status|p1b: Ursaluna|brn|[from] item: Flame Orb
|upkeep
|turn|2
|inactive|Vinegar_it_is has 30 seconds left.
|inactive|Novicebest has 30 seconds left.
|
|t:|1750724945
|switch|p1a: Lunala|Lunala, L50|100/100
|move|p2b: Miraidon|Volt Switch|p1a: Lunala
|-damage|p1a: Lunala|77/100
|
|t:|1750724951
|switch|p2b: Incineroar|Incineroar, L50, F|100/100|[from] Volt Switch
|-ability|p2b: Incineroar|Intimidate|boost
|-unboost|p1a: Lunala|atk|1
|-unboost|p1b: Ursaluna|atk|1
|move|p2a: Lunala|Moonblast|p1a: Lunala
|-damage|p1a: Lunala|40/100
|-unboost|p1a: Lunala|spa|1
|move|p1b: Ursaluna|Facade|p2a: Lunala
|-damage|p2a: Lunala|25/100
|
|-heal|p1a: Lunala|46/100|[from] item: Leftovers
|-damage|p1b: Ursaluna|95/100 brn|[from] brn
|upkeep
|turn|3
|inactive|Novicebest has 30 seconds left.
|
|t:|1750724980
|switch|p1b: Ogerpon|Ogerpon-Wellspring, L50, F|100/100
|move|p2a: Lunala|Moonblast|p1a: Lunala
|-damage|p1a: Lunala|7/100
|move|p2b: Incineroar|Parting Shot|p1b: Ogerpon
|-unboost|p1b: Ogerpon|atk|1
|-unboost|p1b: Ogerpon|spa|1
|
|t:|1750724992
|switch|p2b: Ursaluna|Ursaluna, L50, F|100/100|[from] Parting Shot
|move|p1a: Lunala|Trick Room|p1a: Lunala
|-fieldstart|move: Trick Room|[of] p1a: Lunala
|
|-heal|p1a: Lunala|13/100|[from] item: Leftovers
|-status|p2b: Ursaluna|brn|[from] item: Flame Orb
|upkeep
|turn|4
|inactive|Vinegar_it_is has 30 seconds left.
|inactive|Novicebest has 30 seconds left.
|inactive|Novicebest has 20 seconds left.
|
|t:|1750725028
|switch|p1b: Ursaluna|Ursaluna, L50, M|95/100 brn
|move|p2b: Ursaluna|Headlong Rush|p1a: Lunala
|-damage|p1a: Lunala|0 fnt
|-unboost|p2b: Ursaluna|def|1
|-unboost|p2b: Ursaluna|spd|1
|faint|p1a: Lunala
|move|p2a: Lunala|Moonblast|p1b: Ursaluna
|-crit|p1b: Ursaluna
|-damage|p1b: Ursaluna|22/100 brn
|
|-damage|p2b: Ursaluna|95/100 brn|[from] brn
|-damage|p1b: Ursaluna|17/100 brn|[from] brn
|upkeep
|
|t:|1750725040
|switch|p1a: Ogerpon|Ogerpon-Wellspring, L50, F|100/100
|turn|5
|
|t:|1750725056
|switch|p2b: Incineroar|Incineroar, L50, F|100/100
|-ability|p2b: Incineroar|Intimidate|boost
|-unboost|p1a: Ogerpon|atk|1
|-unboost|p1b: Ursaluna|atk|1
|move|p1b: Ursaluna|Earthquake|p2b: Incineroar|[spread] p1a,p2a,p2b
|-resisted|p1a: Ogerpon
|-supereffective|p2b: Incineroar
|-damage|p1a: Ogerpon|76/100
|-damage|p2a: Lunala|4/100
|-damage|p2b: Incineroar|32/100
|move|p2a: Lunala|Moongeist Beam|p1a: Ogerpon
|-damage|p1a: Ogerpon|28/100
|move|p1a: Ogerpon|Ivy Cudgel|p2b: Incineroar|[anim] Ivy Cudgel Water
|-supereffective|p2b: Incineroar
|-damage|p2b: Incineroar|0 fnt
|faint|p2b: Incineroar
|
|-damage|p1b: Ursaluna|11/100 brn|[from] brn
|-fieldend|move: Electric Terrain
|upkeep
|
|t:|1750725078
|switch|p2b: Ursaluna|Ursaluna, L50, F|95/100 brn
|turn|6
|
|t:|1750725086
|move|p2a: Lunala|Wide Guard|p2a: Lunala
|-singleturn|p2a: Lunala|Wide Guard
|move|p2b: Ursaluna|Earthquake|p1a: Ogerpon|[spread] p1a,p1b
|-activate|p2a: Lunala|move: Wide Guard
|-resisted|p1a: Ogerpon
|-damage|p1a: Ogerpon|0 fnt
|-damage|p1b: Ursaluna|0 fnt
|faint|p1a: Ogerpon
|faint|p1b: Ursaluna
|
|-damage|p2b: Ursaluna|89/100 brn|[from] brn
|upkeep
|-message|Vinegar_it_is forfeited.
|
|win|Novicebest
|raw|Vinegar_it_is's rating: 1431 &rarr; <strong>1419</strong><br />(-12 for losing)
|raw|Novicebest's rating: 1575 &rarr; <strong>1587</strong><br />(+12 for winning)
|l|☆Vinegar_it_is
|player|p1|
