|j|☆Astonished25
|j|☆99voltios
|html|<table width="100%"><tr><td align="left">Astonished25</td><td align="right">99voltios</tr><tr><td align="left"><i class="fa fa-circle"></i> <i class="fa fa-circle-o"></i> </td><td align="right"><i class="fa fa-circle-o"></i> <i class="fa fa-circle"></i> </tr></table>
|uhtml|bestof|<h2><strong>Game 3</strong> of <a href="/game-bestof3-gen9vgc2025regi-2391253324">a best-of-3</a></h2>
|t:|1750823937
|gametype|doubles
|player|p1|Astonished25|170|
|player|p2|99voltios|266|
|teamsize|p1|6
|teamsize|p2|6
|gen|9
|tier|[Gen 9] VGC 2025 Reg I
|rule|Species Clause: Limit one of each Pokémon
|rule|Item Clause: Limit 1 of each item
|raw|<div class="infobox"><details class="readmore" open><summary><strong>1 custom rule:</strong></summary> Best of = 3</details></div>
|clearpoke
|poke|p1|Pelipper, L50, M|
|poke|p1|Dondozo, L50, F|
|poke|p1|Tatsugiri, L50, M|
|poke|p1|Kingdra, L50, F|
|poke|p1|Gastrodon, L50, F|
|poke|p1|Gyarados, L50, F|
|poke|p2|Incineroar, L50, F|
|poke|p2|Muk-Alola, L50, F|
|poke|p2|Grimmsnarl, L50, M|
|poke|p2|Kingambit, L50, F|
|poke|p2|Ting-Lu, L50|
|poke|p2|Hydreigon, L50, M|
|teampreview|4
|inactive|Battle timer is ON: inactive players will automatically lose when time's up. (requested by Astonished25)
|j| FosaNando
|c| FosaNando|Por gusto el minimize
Astonished25 has agreed to open team sheets.
|c|☆Astonished25|XDDD
|inactiveoff|Battle timer is now OFF.
|
|t:|1750823971
|start
|switch|p1a: Pelipper|Pelipper, L50, M|100/100
|switch|p1b: Gyarados|Gyarados, L50, F|100/100
|switch|p2a: Grimmsnarl|Grimmsnarl, L50, M|100/100
|switch|p2b: Kingambit|Kingambit, L50, F|100/100
|-ability|p1b: Gyarados|Intimidate|boost
|-unboost|p2a: Grimmsnarl|atk|1
|-unboost|p2b: Kingambit|atk|1
|-ability|p2b: Kingambit|Defiant|boost
|-boost|p2b: Kingambit|atk|2
|-weather|RainDance|[from] ability: Drizzle|[of] p1a: Pelipper
|turn|1
|c|☆Astonished25|buen inicio
|
|t:|1750824005
|move|p2a: Grimmsnarl|Light Screen|p2a: Grimmsnarl
|-sidestart|p2: 99voltios|move: Light Screen
|move|p1b: Gyarados|Taunt|p2a: Grimmsnarl
|-start|p2a: Grimmsnarl|move: Taunt
|move|p1a: Pelipper|Weather Ball|p2b: Kingambit
|-damage|p2b: Kingambit|67/100
|move|p2b: Kingambit|Kowtow Cleave|p1b: Gyarados
|-damage|p1b: Gyarados|31/100
|-enditem|p1b: Gyarados|Sitrus Berry|[eat]
|-heal|p1b: Gyarados|56/100|[from] item: Sitrus Berry
|
|-weather|RainDance|[upkeep]
|upkeep
|turn|2
|
|t:|1750824036
|switch|p2a: Ting-Lu|Ting-Lu, L50|100/100
|-ability|p2a: Ting-Lu|Vessel of Ruin
|move|p2b: Kingambit|Protect|p2b: Kingambit
|-singleturn|p2b: Kingambit|Protect
|move|p1b: Gyarados|Waterfall|p2b: Kingambit
|-activate|p2b: Kingambit|move: Protect
|move|p1a: Pelipper|Weather Ball|p2b: Kingambit
|-activate|p2b: Kingambit|move: Protect
|
|-weather|RainDance|[upkeep]
|upkeep
|turn|3
|
|t:|1750824081
|move|p1b: Gyarados|Taunt|p2b: Kingambit
|-start|p2b: Kingambit|move: Taunt
|move|p1a: Pelipper|Tailwind|p1a: Pelipper
|-sidestart|p1: Astonished25|move: Tailwind
|move|p2b: Kingambit|Kowtow Cleave|p1b: Gyarados
|-damage|p1b: Gyarados|0 fnt
|faint|p1b: Gyarados
|move|p2a: Ting-Lu|Heavy Slam|p1a: Pelipper
|-resisted|p1a: Pelipper
|-damage|p1a: Pelipper|84/100
|
|-weather|RainDance|[upkeep]
|upkeep
|
|t:|1750824086
|switch|p1b: Dondozo|Dondozo, L50, F|100/100
|turn|4
|
|t:|1750824122
|switch|p1a: Tatsugiri|Tatsugiri, L50, M|100/100
|-activate|p1a: Tatsugiri|ability: Commander|[of] p1b: Dondozo
|-boost|p1b: Dondozo|atk|2
|-boost|p1b: Dondozo|spa|2
|-boost|p1b: Dondozo|spe|2
|-boost|p1b: Dondozo|def|2
|-boost|p1b: Dondozo|spd|2
|switch|p2a: Grimmsnarl|Grimmsnarl, L50, M|100/100
|move|p1b: Dondozo|Wave Crash|p2a: Grimmsnarl
|-crit|p2a: Grimmsnarl
|-damage|p2a: Grimmsnarl|0 fnt
|faint|p2a: Grimmsnarl
|-damage|p1b: Dondozo|71/100|[from] Recoil
|move|p2b: Kingambit|Kowtow Cleave|p1b: Dondozo
|-damage|p1b: Dondozo|50/100
|
|-weather|RainDance|[upkeep]
|upkeep
|
|t:|1750824145
|switch|p2a: Ting-Lu|Ting-Lu, L50|100/100
|-ability|p2a: Ting-Lu|Vessel of Ruin
|turn|5
|
|t:|1750824175
|move|p2b: Kingambit|Sucker Punch|p1b: Dondozo
|-damage|p1b: Dondozo|34/100
|move|p1b: Dondozo|Wave Crash|p2b: Kingambit
|-damage|p2b: Kingambit|0 fnt
|faint|p2b: Kingambit
|-damage|p1b: Dondozo|14/100|[from] Recoil
|move|p2a: Ting-Lu|Body Press|p1b: Dondozo
|-damage|p1b: Dondozo|4/100
|
|-weather|none
|upkeep
|
|t:|1750824188
|switch|p2b: Hydreigon|Hydreigon, L50, M|100/100
|turn|6
|
|t:|1750824244
|-terastallize|p2b: Hydreigon|Steel
|move|p1b: Dondozo|Protect|p1b: Dondozo
|-singleturn|p1b: Dondozo|Protect
|move|p2b: Hydreigon|Snarl|p1b: Dondozo|[spread] 
|-miss|p2b: Hydreigon|p1a: Tatsugiri
|-activate|p1b: Dondozo|move: Protect
|move|p2a: Ting-Lu|Heavy Slam|p1a: Tatsugiri|[miss]
|-miss|p2a: Ting-Lu|p1a: Tatsugiri
|
|-sideend|p1: Astonished25|move: Tailwind
|upkeep
|turn|7
|
|t:|1750824264
|move|p1b: Dondozo|Wave Crash|p2a: Ting-Lu
|-supereffective|p2a: Ting-Lu
|-damage|p2a: Ting-Lu|0 fnt
|faint|p2a: Ting-Lu
|-damage|p1b: Dondozo|0 fnt|[from] Recoil
|faint|p1b: Dondozo
|move|p2b: Hydreigon|Snarl|p1a: Tatsugiri
|-damage|p1a: Tatsugiri|42/100
|-unboost|p1a: Tatsugiri|spa|1
|
|upkeep
|
|t:|1750824266
|switch|p1b: Pelipper|Pelipper, L50, M|84/100
|-weather|RainDance|[from] ability: Drizzle|[of] p1b: Pelipper
|turn|8
|
|t:|1750824280
|-terastallize|p1a: Tatsugiri|Fairy
|move|p1a: Tatsugiri|Muddy Water|p2b: Hydreigon
|-crit|p2b: Hydreigon
|-damage|p2b: Hydreigon|0 fnt
|faint|p2b: Hydreigon
|
|win|Astonished25
|c|☆Astonished25|gg
|l| FosaNando
|l|☆99voltios
|player|p2|
