|j|☆MetroStar
|j|☆chapino
|t:|1750827404
|gametype|doubles
|player|p1|MetroStar|striker|1205
|player|p2|chapino|chuck|1152
|teamsize|p1|6
|teamsize|p2|6
|gen|9
|tier|[Gen 9] VGC 2025 Reg I
|rated|
|rule|Species Clause: Limit one of each Pokémon
|rule|Item Clause: Limit 1 of each item
|clearpoke
|poke|p1|Koraidon, L50|
|poke|p1|Calyrex-Shadow, L50|
|poke|p1|Weezing-Galar, L50, M|
|poke|p1|Chi-Yu, L50|
|poke|p1|Walking Wake, L50|
|poke|p1|Brute Bonnet, L50|
|poke|p2|Calyrex-Ice, L50|
|poke|p2|Miraidon, L50|
|poke|p2|Ursaluna, L50, M|
|poke|p2|Phantump, L50, M|
|poke|p2|Grimmsnarl, L50, M|
|poke|p2|Iron Hands, L50|
|teampreview|4
|inactive|Battle timer is ON: inactive players will automatically lose when time's up. (requested by MetroStar)
|inactive|MetroStar has 60 seconds left.
|
|t:|1750827441
|start
|switch|p1a: Koraidon|Koraidon, L50|100/100
|switch|p1b: Weezing|Weezing-Galar, L50, M|100/100
|switch|p2a: Miraidon|Miraidon, L50|100/100
|switch|p2b: Calyrex|Calyrex-Ice, L50|100/100
|-ability|p1b: Weezing|Neutralizing Gas
|-block|p1a: Koraidon|item: Ability Shield
|-ability|p2b: Calyrex|As One
|-ability|p2b: Calyrex|Unnerve
|-weather|SunnyDay|[from] ability: Orichalcum Pulse|[of] p1a: Koraidon
|-activate|p1a: Koraidon|Orichalcum Pulse|[source]
|turn|1
|inactive|MetroStar has 30 seconds left.
|
|t:|1750827466
|-terastallize|p1a: Koraidon|Fire
|-terastallize|p2b: Calyrex|Water
|move|p1a: Koraidon|Collision Course|p2a: Miraidon
|-damage|p2a: Miraidon|40/100
|move|p2a: Miraidon|Volt Switch|p1a: Koraidon
|-damage|p1a: Koraidon|51/100
|
|t:|1750827481
|switch|p2a: Iron Hands|Iron Hands, L50|100/100|[from] Volt Switch
|move|p1b: Weezing|Play Rough|p2a: Iron Hands|[miss]
|-miss|p1b: Weezing|p2a: Iron Hands
|move|p2b: Calyrex|Trick Room|p2b: Calyrex
|-fieldstart|move: Trick Room|[of] p2b: Calyrex
|
|-weather|SunnyDay|[upkeep]
|upkeep
|turn|2
|
|t:|1750827499
|move|p1a: Koraidon|Protect|p1a: Koraidon
|-singleturn|p1a: Koraidon|Protect
|move|p2b: Calyrex|Glacial Lance|p1b: Weezing|[spread] p1b
|-activate|p1a: Koraidon|move: Protect
|-damage|p1b: Weezing|60/100
|move|p2a: Iron Hands|Wild Charge|p1a: Koraidon
|-activate|p1a: Koraidon|move: Protect
|move|p1b: Weezing|Poison Gas|p2a: Iron Hands|[spread] p2a
|-miss|p1b: Weezing|p2b: Calyrex
|-status|p2a: Iron Hands|psn
|
|-weather|SunnyDay|[upkeep]
|-damage|p2a: Iron Hands|88/100 psn|[from] psn
|upkeep
|turn|3
|inactive|MetroStar has 30 seconds left.
|
|t:|1750827527
|move|p2b: Calyrex|Zen Headbutt|p1b: Weezing
|-supereffective|p1b: Weezing
|-damage|p1b: Weezing|0 fnt
|faint|p1b: Weezing
|-end|p1b: Weezing|ability: Neutralizing Gas
|-ability|p2b: Calyrex|Chilling Neigh|boost
|-boost|p2b: Calyrex|atk|1
|move|p2a: Iron Hands|Low Kick|p1a: Koraidon
|-damage|p1a: Koraidon|0 fnt
|faint|p1a: Koraidon
|
|-weather|SunnyDay|[upkeep]
|-damage|p2a: Iron Hands|76/100 psn|[from] psn
|upkeep
|
|t:|1750827541
|switch|p1b: Brute Bonnet|Brute Bonnet, L50, shiny|100/100
|switch|p1a: Calyrex|Calyrex-Shadow, L50|100/100
|-ability|p1a: Calyrex|As One
|-ability|p1a: Calyrex|Unnerve
|-activate|p1b: Brute Bonnet|ability: Protosynthesis
|-start|p1b: Brute Bonnet|protosynthesisdef
|turn|4
|
|t:|1750827562
|move|p2b: Calyrex|Glacial Lance|p1a: Calyrex|[spread] p1a,p1b
|-supereffective|p1b: Brute Bonnet
|-damage|p1a: Calyrex|5/100
|-damage|p1b: Brute Bonnet|23/100
|move|p2a: Iron Hands|Low Kick|p1b: Brute Bonnet
|-supereffective|p1b: Brute Bonnet
|-damage|p1b: Brute Bonnet|0 fnt
|-damage|p2a: Iron Hands|59/100 psn|[from] item: Rocky Helmet|[of] p1b: Brute Bonnet
|faint|p1b: Brute Bonnet
|-end|p1b: Brute Bonnet|Protosynthesis|[silent]
|move|p1a: Calyrex|Astral Barrage|p2b: Calyrex|[spread] p2a,p2b
|-damage|p2a: Iron Hands|32/100 psn
|-damage|p2b: Calyrex|66/100
|
|-weather|SunnyDay|[upkeep]
|-damage|p2a: Iron Hands|20/100 psn|[from] psn
|upkeep
|turn|5
|
|t:|1750827580
|move|p1a: Calyrex|Protect|p1a: Calyrex
|-singleturn|p1a: Calyrex|Protect
|move|p2b: Calyrex|Glacial Lance|p1a: Calyrex
|-activate|p1a: Calyrex|move: Protect
|move|p2a: Iron Hands|Wild Charge|p1a: Calyrex
|-activate|p1a: Calyrex|move: Protect
|
|-weather|none
|-damage|p2a: Iron Hands|7/100 psn|[from] psn
|-fieldend|move: Trick Room
|upkeep
|turn|6
|inactive|chapino has 30 seconds left.
|
|t:|1750827609
|move|p1a: Calyrex|Astral Barrage|p2b: Calyrex|[spread] p2a,p2b
|-damage|p2a: Iron Hands|0 fnt
|-damage|p2b: Calyrex|33/100
|faint|p2a: Iron Hands
|-end|p2a: Iron Hands|Quark Drive|[silent]
|-ability|p1a: Calyrex|Grim Neigh|boost
|-boost|p1a: Calyrex|spa|1
|move|p2b: Calyrex|Trick Room|p2b: Calyrex
|-fieldstart|move: Trick Room|[of] p2b: Calyrex
|
|upkeep
|
|t:|1750827613
|switch|p2a: Phantump|Phantump, L50, M, shiny|100/100
|-item|p1a: Calyrex|Focus Sash|[from] ability: Frisk|[of] p2a: Phantump
|turn|7
|
|t:|1750827626
|move|p2a: Phantump|Foul Play|p1a: Calyrex
|-supereffective|p1a: Calyrex
|-crit|p1a: Calyrex
|-damage|p1a: Calyrex|0 fnt
|faint|p1a: Calyrex
|
|win|chapino
|raw|MetroStar's rating: 1205 &rarr; <strong>1176</strong><br />(-29 for losing)
|raw|chapino's rating: 1152 &rarr; <strong>1181</strong><br />(+29 for winning)
|l|☆MetroStar
|player|p1|
|l|☆chapino
|player|p2|
