|j|☆COCCHI91
|j|‽bluejayx2
|t:|1750828767
|gametype|doubles
|player|p1|COCCHI91|hilbert|1125
|player|p2|bluejayx2|marley|1132
|teamsize|p1|6
|teamsize|p2|6
|gen|9
|tier|[Gen 9] VGC 2025 Reg I
|rated|
|rule|Species Clause: Limit one of each Pokémon
|rule|Item Clause: Limit 1 of each item
|clearpoke
|poke|p1|Maushold-Four, L50|
|poke|p1|Annihilape, L50, F|
|poke|p1|Sinistcha-Masterpiece, L50|
|poke|p1|Zacian-*, L50|
|poke|p1|Ogerpon-Hearthflame, L50, F|
|poke|p1|Zamazenta-*, L50|
|poke|p2|Gliscor, L50, M|
|poke|p2|Sableye, L50, M|
|poke|p2|Kyogre, L50|
|poke|p2|Ogerpon-Hearthflame, L50, F|
|poke|p2|Urshifu-*, L50, F|
|poke|p2|Calyrex-Shadow, L50|
|teampreview|4
|inactive|Battle timer is ON: inactive players will automatically lose when time's up. (requested by bluejayx2)
|inactive|COCCHI91 also wants the timer to be on.
COCCHI91 has agreed to open team sheets.
|
|t:|1750828790
|start
|switch|p1a: Annihilape|Annihilape, L50, F|100/100
|switch|p1b: Zamazenta|Zamazenta-Crowned, L50|100/100
|switch|p2a: Kyogre|Kyogre, L50|100/100
|switch|p2b: Calyrex|Calyrex-Shadow, L50|100/100
|-ability|p2b: Calyrex|As One
|-ability|p2b: Calyrex|Unnerve
|-ability|p1b: Zamazenta|Dauntless Shield|boost
|-boost|p1b: Zamazenta|def|1
|-weather|RainDance|[from] ability: Drizzle|[of] p2a: Kyogre
|turn|1
|
|t:|1750828807
|move|p1b: Zamazenta|Wide Guard|p1b: Zamazenta
|-singleturn|p1b: Zamazenta|Wide Guard
|move|p2b: Calyrex|Taunt|p1b: Zamazenta
|-start|p1b: Zamazenta|move: Taunt
|move|p2a: Kyogre|Calm Mind|p2a: Kyogre
|-boost|p2a: Kyogre|spa|1
|-boost|p2a: Kyogre|spd|1
|move|p1a: Annihilape|Bulk Up|p1a: Annihilape
|-boost|p1a: Annihilape|atk|1
|-boost|p1a: Annihilape|def|1
|
|-weather|RainDance|[upkeep]
|upkeep
|turn|2
|
|t:|1750828827
|-terastallize|p1a: Annihilape|Steel
|move|p2b: Calyrex|Astral Barrage|p1a: Annihilape|[spread] p1a,p1b
|-crit|p1a: Annihilape
|-damage|p1a: Annihilape|20/100
|-damage|p1b: Zamazenta|59/100
|move|p1b: Zamazenta|Body Press|p2a: Kyogre
|-crit|p2a: Kyogre
|-damage|p2a: Kyogre|24/100
|-enditem|p2a: Kyogre|Sitrus Berry|[eat]
|-heal|p2a: Kyogre|48/100|[from] item: Sitrus Berry
|move|p2a: Kyogre|Origin Pulse|p1a: Annihilape|[spread] p1b
|-miss|p2a: Kyogre|p1a: Annihilape
|-damage|p1b: Zamazenta|0 fnt
|faint|p1b: Zamazenta
|move|p1a: Annihilape|Rage Fist|p2b: Calyrex
|-supereffective|p2b: Calyrex
|-damage|p2b: Calyrex|0 fnt
|faint|p2b: Calyrex
|
|-weather|RainDance|[upkeep]
|upkeep
|
|t:|1750828850
|switch|p2b: Urshifu|Urshifu, L50, F|100/100
|switch|p1b: Sinistcha|Sinistcha-Masterpiece, L50|100/100
|-heal|p1a: Annihilape|45/100|[from] ability: Hospitality|[of] p1b: Sinistcha
|turn|3
|
|t:|1750828861
|move|p2b: Urshifu|Wicked Blow|p1b: Sinistcha
|-supereffective|p1b: Sinistcha
|-crit|p1b: Sinistcha
|-damage|p1b: Sinistcha|16/100
|move|p1a: Annihilape|Drain Punch|p2b: Urshifu
|-supereffective|p2b: Urshifu
|-damage|p2b: Urshifu|0 fnt
|-heal|p1a: Annihilape|86/100|[from] drain|[of] p2b: Urshifu
|faint|p2b: Urshifu
|move|p2a: Kyogre|Origin Pulse|p1a: Annihilape|[spread] p1a
|-miss|p2a: Kyogre|p1b: Sinistcha
|-damage|p1a: Annihilape|0 fnt
|faint|p1a: Annihilape
|move|p1b: Sinistcha|Matcha Gotcha|p2a: Kyogre|[miss]
|-miss|p1b: Sinistcha|p2a: Kyogre
|
|-weather|RainDance|[upkeep]
|upkeep
|
|t:|1750828879
|switch|p2b: Sableye|Sableye, L50, M|100/100
|switch|p1a: Ogerpon|Ogerpon-Hearthflame, L50, F|100/100
|-ability|p1a: Ogerpon|Mold Breaker
|turn|4
|
|t:|1750828888
|move|p1a: Ogerpon|Spiky Shield|p1a: Ogerpon
|-singleturn|p1a: Ogerpon|move: Protect
|move|p1b: Sinistcha|Protect|p1b: Sinistcha
|-singleturn|p1b: Sinistcha|Protect
|move|p2b: Sableye|Fake Out|p1a: Ogerpon
|-activate|p1a: Ogerpon|move: Protect
|-damage|p2b: Sableye|88/100|[from] Spiky Shield|[of] p1a: Ogerpon
|move|p2a: Kyogre|Origin Pulse|p1b: Sinistcha|[spread] 
|-activate|p1a: Ogerpon|move: Protect
|-activate|p1b: Sinistcha|move: Protect
|
|-weather|RainDance|[upkeep]
|upkeep
|turn|5
|inactive|COCCHI91 has 30 seconds left.
|
|t:|1750828916
|move|p2b: Sableye|Gravity|p2b: Sableye
|-fieldstart|move: Gravity
|move|p1a: Ogerpon|Horn Leech|p2a: Kyogre
|-supereffective|p2a: Kyogre
|-damage|p2a: Kyogre|0 fnt
|faint|p2a: Kyogre
|move|p1b: Sinistcha|Matcha Gotcha|p2b: Sableye
|-damage|p2b: Sableye|54/100
|-heal|p1b: Sinistcha|31/100|[from] drain|[of] p2b: Sableye
|
|-weather|none
|upkeep
|turn|6
|
|t:|1750828931
|move|p1a: Ogerpon|Ivy Cudgel|p2b: Sableye|[anim] Ivy Cudgel Fire
|-damage|p2b: Sableye|0 fnt
|faint|p2b: Sableye
|
|win|COCCHI91
|raw|COCCHI91's rating: 1125 &rarr; <strong>1151</strong><br />(+26 for winning)
|raw|bluejayx2's rating: 1132 &rarr; <strong>1106</strong><br />(-26 for losing)
|l|‽bluejayx2
|player|p2|
|c|☆COCCHI91|GG
|l|☆COCCHI91
|player|p1|
