|j|☆sturbyy
|j|☆azzazzl
|t:|1750860630
|gametype|doubles
|player|p1|sturbyy|2|1676
|player|p2|azzazzl|dawn|1618
|teamsize|p1|6
|teamsize|p2|6
|gen|9
|tier|[Gen 9] VGC 2025 Reg I
|rated|
|rule|Species Clause: Limit one of each Pokémon
|rule|Item Clause: Limit 1 of each item
|clearpoke
|poke|p1|Miraidon, L50|
|poke|p1|Calyrex-Ice, L50|
|poke|p1|Incineroar, L50, M|
|poke|p1|Landorus, L50, M|
|poke|p1|Urshifu-*, L50, M|
|poke|p1|Farigiraf, L50, F|
|poke|p2|Calyrex-Ice, L50|
|poke|p2|Kyogre, L50|
|poke|p2|Brute Bonnet, L50|
|poke|p2|Indeedee-F, L50, F|
|poke|p2|Gallade, L50, M|
|poke|p2|Ursaluna, L50, M|
|teampreview|4
|
|t:|1750860648
|start
|switch|p1a: Calyrex|Calyrex-Ice, L50|100/100
|switch|p1b: Urshifu|Urshifu-Rapid-Strike, L50, M|100/100
|switch|p2a: Calyrex|Calyrex-Ice, L50|100/100
|switch|p2b: Indeedee|Indeedee-F, L50, F|100/100
|-ability|p1a: Calyrex|As One
|-ability|p1a: Calyrex|Unnerve
|-ability|p2a: Calyrex|As One
|-ability|p2a: Calyrex|Unnerve
|-fieldstart|move: Psychic Terrain|[from] ability: Psychic Surge|[of] p2b: Indeedee
|turn|1
|
|t:|1750860663
|move|p2b: Indeedee|Follow Me|p2b: Indeedee
|-singleturn|p2b: Indeedee|move: Follow Me
|move|p1b: Urshifu|Coaching|p1a: Calyrex
|-boost|p1a: Calyrex|atk|1
|-boost|p1a: Calyrex|def|1
|move|p1a: Calyrex|Glacial Lance|p2a: Calyrex|[spread] p2a,p2b
|-resisted|p2a: Calyrex
|-damage|p2a: Calyrex|78/100
|-damage|p2b: Indeedee|24/100
|move|p2a: Calyrex|Imprison|p2a: Calyrex
|-start|p2a: Calyrex|move: Imprison
|
|upkeep
|turn|2
|
|t:|1750860682
|move|p2b: Indeedee|Follow Me|p2b: Indeedee
|-singleturn|p2b: Indeedee|move: Follow Me
|move|p1b: Urshifu|Coaching|p1a: Calyrex
|-boost|p1a: Calyrex|atk|1
|-boost|p1a: Calyrex|def|1
|move|p1a: Calyrex|Leech Seed|p2b: Indeedee
|-start|p2b: Indeedee|move: Leech Seed
|move|p2a: Calyrex|Trick Room|p2a: Calyrex
|-fieldstart|move: Trick Room|[of] p2a: Calyrex
|
|-damage|p2b: Indeedee|11/100|[from] Leech Seed|[of] p1a: Calyrex
|upkeep
|turn|3
|
|t:|1750860704
|switch|p1b: Incineroar|Incineroar, L50, M|100/100
|-ability|p1b: Incineroar|Intimidate|boost
|-fail|p2a: Calyrex|unboost|[from] item: Clear Amulet|[of] p2a: Calyrex
|-unboost|p2b: Indeedee|atk|1
|move|p2b: Indeedee|Follow Me|p2b: Indeedee
|-singleturn|p2b: Indeedee|move: Follow Me
|move|p2a: Calyrex|Glacial Lance|p1b: Incineroar|[spread] p1a,p1b
|-resisted|p1a: Calyrex
|-resisted|p1b: Incineroar
|-damage|p1a: Calyrex|92/100
|-damage|p1b: Incineroar|72/100
|move|p1a: Calyrex|Leech Seed||[still]
|-fail|p1a: Calyrex
|
|-heal|p1a: Calyrex|98/100|[from] item: Leftovers
|-damage|p2b: Indeedee|0 fnt|[from] Leech Seed|[of] p1a: Calyrex
|-heal|p1a: Calyrex|100/100|[silent]
|faint|p2b: Indeedee
|upkeep
|
|t:|1750860721
|switch|p2b: Gallade|Gallade, L50, M|100/100
|turn|4
|
|t:|1750860740
|switch|p2a: Kyogre|Kyogre, L50|100/100
|-weather|RainDance|[from] ability: Drizzle|[of] p2a: Kyogre
|move|p1a: Calyrex|Leech Seed|p2b: Gallade
|-start|p2b: Gallade|move: Leech Seed
|move|p2b: Gallade|Sacred Sword|p1b: Incineroar
|-supereffective|p1b: Incineroar
|-damage|p1b: Incineroar|0 fnt
|faint|p1b: Incineroar
|-damage|p2b: Gallade|91/100|[from] item: Life Orb
|
|-weather|RainDance|[upkeep]
|-damage|p2b: Gallade|79/100|[from] Leech Seed|[of] p1a: Calyrex
|upkeep
|
|t:|1750860750
|switch|p1b: Urshifu|Urshifu-Rapid-Strike, L50, M|100/100
|turn|5
|
|t:|1750860765
|-terastallize|p1a: Calyrex|Water
|move|p2b: Gallade|Wide Guard|p2b: Gallade
|-singleturn|p2b: Gallade|Wide Guard
|move|p2a: Kyogre|Water Spout|p1a: Calyrex|[spread] p1a,p1b
|-resisted|p1a: Calyrex
|-resisted|p1b: Urshifu
|-damage|p1a: Calyrex|69/100
|-damage|p1b: Urshifu|17/100
|move|p1a: Calyrex|Leech Seed|p2a: Kyogre
|-start|p2a: Kyogre|move: Leech Seed
|move|p1b: Urshifu|Close Combat|p2a: Kyogre
|-damage|p2a: Kyogre|36/100
|-unboost|p1b: Urshifu|def|1
|-unboost|p1b: Urshifu|spd|1
|
|-weather|RainDance|[upkeep]
|-heal|p1a: Calyrex|74/100|[from] item: Leftovers
|-damage|p2a: Kyogre|24/100|[from] Leech Seed|[of] p1a: Calyrex
|-heal|p1a: Calyrex|86/100|[silent]
|-damage|p2b: Gallade|67/100|[from] Leech Seed|[of] p1a: Calyrex
|-heal|p1a: Calyrex|97/100|[silent]
|-fieldend|move: Psychic Terrain
|upkeep
|turn|6
|
|t:|1750860797
|move|p2b: Gallade|Wide Guard|p2b: Gallade
|-singleturn|p2b: Gallade|Wide Guard
|move|p2a: Kyogre|Thunder|p1a: Calyrex
|-supereffective|p1a: Calyrex
|-damage|p1a: Calyrex|39/100
|-status|p1a: Calyrex|par
|move|p1a: Calyrex|Glacial Lance|p2b: Gallade|[spread] 
|-activate|p2a: Kyogre|move: Wide Guard
|-activate|p2b: Gallade|move: Wide Guard
|move|p1b: Urshifu|Close Combat|p2b: Gallade
|-resisted|p2b: Gallade
|-damage|p2b: Gallade|22/100
|-unboost|p1b: Urshifu|def|1
|-unboost|p1b: Urshifu|spd|1
|
|-weather|RainDance|[upkeep]
|-heal|p1a: Calyrex|44/100 par|[from] item: Leftovers
|-damage|p2a: Kyogre|12/100|[from] Leech Seed|[of] p1a: Calyrex
|-heal|p1a: Calyrex|57/100 par|[silent]
|-damage|p2b: Gallade|10/100|[from] Leech Seed|[of] p1a: Calyrex
|-heal|p1a: Calyrex|67/100 par|[silent]
|-fieldend|move: Trick Room
|upkeep
|turn|7
|
|t:|1750860838
|move|p1b: Urshifu|Close Combat|p2a: Kyogre
|-damage|p2a: Kyogre|0 fnt
|-unboost|p1b: Urshifu|def|1
|-unboost|p1b: Urshifu|spd|1
|faint|p2a: Kyogre
|move|p2b: Gallade|Sacred Sword|p1a: Calyrex
|-damage|p1a: Calyrex|4/100 par
|-damage|p2b: Gallade|0 fnt|[from] item: Life Orb
|faint|p2b: Gallade
|cant|p1a: Calyrex|par
|
|-weather|RainDance|[upkeep]
|-heal|p1a: Calyrex|10/100 par|[from] item: Leftovers
|upkeep
|
|t:|1750860860
|switch|p2a: Calyrex|Calyrex-Ice, L50|78/100
|-ability|p2a: Calyrex|As One
|-ability|p2a: Calyrex|Unnerve
|turn|8
|
|t:|1750860869
|-terastallize|p2a: Calyrex|Dragon
|move|p1b: Urshifu|Close Combat|p2a: Calyrex
|-damage|p2a: Calyrex|34/100
|-unboost|p1b: Urshifu|def|1
|-unboost|p1b: Urshifu|spd|1
|move|p2a: Calyrex|Glacial Lance|p1a: Calyrex|[spread] p1a,p1b
|-resisted|p1a: Calyrex
|-resisted|p1b: Urshifu
|-damage|p1a: Calyrex|1/100 par
|-damage|p1b: Urshifu|0 fnt
|faint|p1b: Urshifu
|-ability|p2a: Calyrex|Chilling Neigh|boost
|-boost|p2a: Calyrex|atk|1
|move|p1a: Calyrex|Leech Seed|p2a: Calyrex
|-start|p2a: Calyrex|move: Leech Seed
|
|-weather|none
|-heal|p1a: Calyrex|7/100 par|[from] item: Leftovers
|-damage|p2a: Calyrex|22/100|[from] Leech Seed|[of] p1a: Calyrex
|-heal|p1a: Calyrex|19/100 par|[silent]
|upkeep
|
|t:|1750860878
|switch|p1b: Miraidon|Miraidon, L50|100/100
|-fieldstart|move: Electric Terrain|[from] ability: Hadron Engine|[of] p1b: Miraidon
|turn|9
|-message|azzazzl forfeited.
|
|win|sturbyy
|raw|sturbyy's rating: 1676 &rarr; <strong>1693</strong><br />(+17 for winning)
|raw|azzazzl's rating: 1618 &rarr; <strong>1601</strong><br />(-17 for losing)
|c|☆sturbyy|Hello
|l|☆azzazzl
|player|p2|
|l|☆sturbyy
|player|p1|
