|j|☆laparoscopia
|j|☆AverageCosmogFan
|t:|1750811845
|gametype|doubles
|player|p1|laparoscopia|170|1139
|player|p2|AverageCosmogFan|flannery|1117
|teamsize|p1|6
|teamsize|p2|6
|gen|9
|tier|[Gen 9] VGC 2025 Reg I
|rated|
|rule|Species Clause: Limit one of each Pokémon
|rule|Item Clause: Limit 1 of each item
|clearpoke
|poke|p1|Miraidon, L50|
|poke|p1|Whimsicott, L50, M|
|poke|p1|Incineroar, L50, F|
|poke|p1|Calyrex-Ice, L50|
|poke|p1|Urshifu-*, L50, M|
|poke|p1|Landorus, L50, M|
|poke|p2|Landorus, L50, M|
|poke|p2|Okidogi, L50, M|
|poke|p2|Ogerpon-Wellspring, L50, F|
|poke|p2|Calyrex-Ice, L50|
|poke|p2|Miraidon, L50|
|poke|p2|Incineroar, L50, F|
|teampreview|4
AverageCosmogFan has agreed to open team sheets.
|
|t:|1750811879
|start
|switch|p1a: Incineroar|Incineroar, L50, F|100/100
|switch|p1b: Calyrex|Calyrex-Ice, L50|100/100
|switch|p2a: Okidogi|Okidogi, L50, M|100/100
|switch|p2b: Calyrex|Calyrex-Ice, L50|100/100
|-ability|p1b: Calyrex|As One
|-ability|p1b: Calyrex|Unnerve
|-ability|p2b: Calyrex|As One
|-ability|p2b: Calyrex|Unnerve
|-ability|p1a: Incineroar|Intimidate|boost
|-ability|p2a: Okidogi|Guard Dog|boost
|-boost|p2a: Okidogi|atk|1
|-fail|p2b: Calyrex|unboost|[from] item: Clear Amulet|[of] p2b: Calyrex
|turn|1
|inactive|Battle timer is ON: inactive players will automatically lose when time's up. (requested by laparoscopia)
|inactive|AverageCosmogFan has 60 seconds left.
|inactive|AverageCosmogFan has 30 seconds left.
|
|t:|1750811946
|-terastallize|p2b: Calyrex|Water
|move|p1b: Calyrex|Protect|p1b: Calyrex
|-singleturn|p1b: Calyrex|Protect
|move|p1a: Incineroar|Fake Out|p2a: Okidogi
|-damage|p2a: Okidogi|92/100
|cant|p2a: Okidogi|flinch
|move|p2b: Calyrex|Glacial Lance|p1a: Incineroar|[spread] p1a
|-activate|p1b: Calyrex|move: Protect
|-resisted|p1a: Incineroar
|-damage|p1a: Incineroar|72/100
|
|upkeep
|turn|2
|
|t:|1750811967
|move|p2a: Okidogi|Knock Off|p1b: Calyrex
|-supereffective|p1b: Calyrex
|-damage|p1b: Calyrex|37/100
|-enditem|p1b: Calyrex|Icicle Plate|[from] move: Knock Off|[of] p2a: Okidogi
|move|p1a: Incineroar|Knock Off|p2b: Calyrex
|-damage|p2b: Calyrex|76/100
|-enditem|p2b: Calyrex|Clear Amulet|[from] move: Knock Off|[of] p1a: Incineroar
|move|p2b: Calyrex|Glacial Lance|p1a: Incineroar|[spread] p1a,p1b
|-resisted|p1a: Incineroar
|-resisted|p1b: Calyrex
|-damage|p1a: Incineroar|45/100
|-damage|p1b: Calyrex|18/100
|move|p1b: Calyrex|Trick Room|p1b: Calyrex
|-fieldstart|move: Trick Room|[of] p1b: Calyrex
|
|upkeep
|turn|3
|inactive|laparoscopia has 30 seconds left.
|inactive|AverageCosmogFan has 30 seconds left.
|
|t:|1750812004
|move|p2b: Calyrex|High Horsepower|p1a: Incineroar
|-supereffective|p1a: Incineroar
|-damage|p1a: Incineroar|0 fnt
|-damage|p2b: Calyrex|60/100|[from] item: Rocky Helmet|[of] p1a: Incineroar
|faint|p1a: Incineroar
|-ability|p2b: Calyrex|Chilling Neigh|boost
|-boost|p2b: Calyrex|atk|1
|move|p1b: Calyrex|Leech Seed|p2b: Calyrex
|-start|p2b: Calyrex|move: Leech Seed
|move|p2a: Okidogi|Low Kick|p1b: Calyrex
|-crit|p1b: Calyrex
|-damage|p1b: Calyrex|0 fnt
|faint|p1b: Calyrex
|
|upkeep
|
|t:|1750812025
|switch|p1b: Miraidon|Miraidon, L50|100/100
|switch|p1a: Landorus|Landorus, L50, M|100/100
|-fieldstart|move: Electric Terrain|[from] ability: Hadron Engine|[of] p1b: Miraidon
|turn|4
|
|t:|1750812045
|move|p1a: Landorus|Protect|p1a: Landorus
|-singleturn|p1a: Landorus|Protect
|move|p2b: Calyrex|Glacial Lance|p1b: Miraidon|[spread] p1b
|-activate|p1a: Landorus|move: Protect
|-supereffective|p1b: Miraidon
|-damage|p1b: Miraidon|0 fnt
|faint|p1b: Miraidon
|-ability|p2b: Calyrex|Chilling Neigh|boost
|-boost|p2b: Calyrex|atk|1
|move|p2a: Okidogi|Gunk Shot|p1a: Landorus
|-activate|p1a: Landorus|move: Protect
|
|upkeep
|turn|5
|
|t:|1750812060
|move|p2b: Calyrex|Glacial Lance|p1a: Landorus
|-supereffective|p1a: Landorus
|-damage|p1a: Landorus|0 fnt
|faint|p1a: Landorus
|
|win|AverageCosmogFan
|raw|laparoscopia's rating: 1139 &rarr; <strong>1112</strong><br />(-27 for losing)
|raw|AverageCosmogFan's rating: 1117 &rarr; <strong>1144</strong><br />(+27 for winning)
|l|☆laparoscopia
|player|p1|
