|j|☆Tavmor
|j|☆Torrmentor20
|t:|1750826820
|gametype|doubles
|player|p1|Tavmor|veteran|1098
|player|p2|Torrmentor20|benga|1132
|teamsize|p1|6
|teamsize|p2|6
|gen|9
|tier|[Gen 9] VGC 2025 Reg I
|rated|
|rule|Species Clause: Limit one of each Pokémon
|rule|Item Clause: Limit 1 of each item
|clearpoke
|poke|p1|Calyrex-Ice, L50|
|poke|p1|Zacian-*, L50|
|poke|p1|Incineroar, L50, M|
|poke|p1|Rillaboom, L50, M|
|poke|p1|Pelipper, L50, M|
|poke|p1|Archaludon, L50, M|
|poke|p2|Corviknight, L50, F|
|poke|p2|Enamorus-Therian, L50, F|
|poke|p2|Dragonite, L50, M|
|poke|p2|Slowking-Galar, L50, F|
|poke|p2|Calyrex-Ice, L50|
|poke|p2|Giratina, L50|
|teampreview|4
|inactive|Battle timer is ON: inactive players will automatically lose when time's up. (requested by Torrmentor20)
|inactive|Torrmentor20 has 60 seconds left.
|inactive|Tavmor has 60 seconds left.
|
|t:|1750826861
|start
|switch|p1a: Archaludon|Archaludon, L50, M|100/100
|switch|p1b: Incineroar|Incineroar, L50, M|100/100
|switch|p2a: Slowking|Slowking-Galar, L50, F|100/100
|switch|p2b: Giratina|Giratina, L50, shiny|100/100
|-ability|p2b: Giratina|Pressure
|-ability|p1b: Incineroar|Intimidate|boost
|-unboost|p2a: Slowking|atk|1
|-unboost|p2b: Giratina|atk|1
|turn|1
|inactive|Tavmor has 30 seconds left.
|inactive|Torrmentor20 has 30 seconds left.
|inactive|Torrmentor20 has 20 seconds left.
|inactive|Tavmor has 20 seconds left.
|inactive|Torrmentor20 has 15 seconds left.
|
|t:|1750826909
|switch|p2b: Calyrex|Calyrex-Ice, L50|100/100
|-ability|p2b: Calyrex|As One
|-ability|p2b: Calyrex|Unnerve
|move|p1b: Incineroar|Fake Out|p2a: Slowking
|-damage|p2a: Slowking|88/100
|move|p1a: Archaludon|Steel Beam|p2b: Calyrex
|-supereffective|p2b: Calyrex
|-damage|p2b: Calyrex|12/100
|-damage|p1a: Archaludon|50/100|[from] steelbeam
|cant|p2a: Slowking|flinch
|
|upkeep
|turn|2
|inactive|Tavmor has 30 seconds left.
|inactive|Torrmentor20 has 30 seconds left.
|
|t:|1750826938
|move|p1a: Archaludon|Steel Beam|p2b: Calyrex
|-supereffective|p2b: Calyrex
|-damage|p2b: Calyrex|0 fnt
|-damage|p1a: Archaludon|0 fnt|[from] steelbeam
|faint|p1a: Archaludon
|faint|p2b: Calyrex
|move|p1b: Incineroar|Flare Blitz|p2a: Slowking
|-damage|p2a: Slowking|36/100
|-enditem|p2a: Slowking|Sitrus Berry|[eat]
|-heal|p2a: Slowking|61/100|[from] item: Sitrus Berry
|-damage|p1b: Incineroar|83/100|[from] Recoil
|move|p2a: Slowking|Trick Room|p2a: Slowking
|-fieldstart|move: Trick Room|[of] p2a: Slowking
|
|upkeep
|
|t:|1750826960
|switch|p2b: Giratina|Giratina, L50, shiny|100/100
|switch|p1a: Calyrex|Calyrex-Ice, L50|100/100
|-ability|p1a: Calyrex|As One
|-ability|p1a: Calyrex|Unnerve
|-ability|p2b: Giratina|Pressure
|turn|3
|
|t:|1750826980
|-terastallize|p2b: Giratina|Normal
|move|p2a: Slowking|Sludge Bomb|p1a: Calyrex
|-damage|p1a: Calyrex|75/100
|-status|p1a: Calyrex|psn
|move|p1a: Calyrex|Glacial Lance|p2a: Slowking|[spread] p2a,p2b
|-damage|p2a: Slowking|10/100
|-damage|p2b: Giratina|72/100
|move|p1b: Incineroar|U-turn|p2b: Giratina
|-damage|p2b: Giratina|58/100
|
|t:|1750826992
|switch|p1b: Zacian|Zacian-Crowned, L50|100/100|[from] U-turn
|-ability|p1b: Zacian|Intrepid Sword|boost
|-boost|p1b: Zacian|atk|1
|move|p2b: Giratina|Shadow Force||[still]
|-prepare|p2b: Giratina|Shadow Force
|
|-heal|p1a: Calyrex|81/100 psn|[from] item: Leftovers
|-damage|p1a: Calyrex|69/100 psn|[from] psn
|upkeep
|turn|4
|inactive|Torrmentor20 has 30 seconds left.
|inactive|Torrmentor20 has 20 seconds left.
|inactive|Torrmentor20 has 15 seconds left.
|inactive|Torrmentor20 has 10 seconds left.
|
|t:|1750827038
|move|p1a: Calyrex|Protect|p1a: Calyrex
|-singleturn|p1a: Calyrex|Protect
|move|p1b: Zacian|Protect|p1b: Zacian
|-singleturn|p1b: Zacian|Protect
|move|p2a: Slowking|Eerie Spell|p1b: Zacian
|-activate|p1b: Zacian|move: Protect
|move|p2b: Giratina|Shadow Force|p1a: Calyrex|[from] lockedmove
|-activate|p1a: Calyrex|move: Shadow Force|[broken]
|-supereffective|p1a: Calyrex
|-damage|p1a: Calyrex|0 fnt
|faint|p1a: Calyrex
|
|upkeep
|
|t:|1750827053
|switch|p1a: Incineroar|Incineroar, L50, M|83/100
|-ability|p1a: Incineroar|Intimidate|boost
|-unboost|p2a: Slowking|atk|1
|-unboost|p2b: Giratina|atk|1
|turn|5
|
|t:|1750827074
|move|p2b: Giratina|Protect|p2b: Giratina
|-singleturn|p2b: Giratina|Protect
|move|p1a: Incineroar|Fake Out|p2b: Giratina
|-activate|p2b: Giratina|move: Protect
|move|p2a: Slowking|Eerie Spell|p1b: Zacian
|-resisted|p1b: Zacian
|-damage|p1b: Zacian|81/100
|-activate|p1b: Zacian|move: Eerie Spell|Protect|3
|move|p1b: Zacian|Sacred Sword|p2b: Giratina
|-activate|p2b: Giratina|move: Protect
|
|upkeep
|turn|6
|inactive|Tavmor has 30 seconds left.
|
|t:|1750827106
|move|p2a: Slowking|Sludge Bomb|p1a: Incineroar
|-damage|p1a: Incineroar|49/100
|move|p1a: Incineroar|Flare Blitz|p2a: Slowking
|-damage|p2a: Slowking|0 fnt
|faint|p2a: Slowking
|-damage|p1a: Incineroar|46/100|[from] Recoil
|move|p2b: Giratina|Shadow Force||[still]
|-prepare|p2b: Giratina|Shadow Force
|move|p1b: Zacian|Sacred Sword|p2b: Giratina|[miss]
|-miss|p1b: Zacian|p2b: Giratina
|
|-fieldend|move: Trick Room
|upkeep
|
|t:|1750827123
|switch|p2a: Enamorus|Enamorus-Therian, L50, F|100/100
|turn|7
|
|t:|1750827139
|-terastallize|p1b: Zacian|Fairy
|move|p1b: Zacian|Play Rough|p2a: Enamorus
|-damage|p2a: Enamorus|5/100
|move|p2b: Giratina|Shadow Force|p1b: Zacian|[from] lockedmove
|-damage|p1b: Zacian|33/100
|move|p2a: Enamorus|Earth Power|p1a: Incineroar
|-supereffective|p1a: Incineroar
|-damage|p1a: Incineroar|0 fnt
|faint|p1a: Incineroar
|
|upkeep
|turn|8
|
|t:|1750827157
|move|p1b: Zacian|Behemoth Blade|p2a: Enamorus
|-supereffective|p2a: Enamorus
|-damage|p2a: Enamorus|0 fnt
|faint|p2a: Enamorus
|move|p2b: Giratina|Shadow Force||[still]
|-prepare|p2b: Giratina|Shadow Force
|
|upkeep
|turn|9
|
|t:|1750827164
|move|p1b: Zacian|Protect|p1b: Zacian
|-singleturn|p1b: Zacian|Protect
|move|p2b: Giratina|Shadow Force|p1b: Zacian|[from] lockedmove
|-activate|p1b: Zacian|move: Shadow Force|[broken]
|-damage|p1b: Zacian|0 fnt
|faint|p1b: Zacian
|
|win|Torrmentor20
|raw|Tavmor's rating: 1098 &rarr; <strong>1076</strong><br />(-22 for losing)
|raw|Torrmentor20's rating: 1132 &rarr; <strong>1155</strong><br />(+23 for winning)
|l|☆Torrmentor20
|player|p2|
|l|☆Tavmor
|player|p1|
