|j|☆kyuremkiroialt
|j|☆camperas3000
|t:|1750861671
|gametype|doubles
|player|p1|kyuremkiroialt|plasmagrunt|1407
|player|p2|camperas3000|169|1302
|teamsize|p1|6
|teamsize|p2|6
|gen|9
|tier|[Gen 9] VGC 2025 Reg I
|rated|
|rule|Species Clause: Limit one of each Pokémon
|rule|Item Clause: Limit 1 of each item
|clearpoke
|poke|p1|Kyogre, L50|
|poke|p1|Calyrex-Ice, L50|
|poke|p1|Rillaboom, L50, F|
|poke|p1|Sneasler, L50, M|
|poke|p1|Amoonguss, L50, M|
|poke|p1|Archaludon, L50, F|
|poke|p2|Amoonguss, L50, F|
|poke|p2|Calyrex-Ice, L50|
|poke|p2|Kyogre, L50|
|poke|p2|Grimmsnarl, L50, M|
|poke|p2|Flutter Mane, L50|
|poke|p2|Basculegion, L50, M|
|teampreview|4
|inactive|Battle timer is ON: inactive players will automatically lose when time's up. (requested by kyuremkiroialt)
|c|☆camperas3000|glhf
|c|☆kyuremkiroialt|utoo
|inactive|kyuremkiroialt has 60 seconds left.
|inactive|camperas3000 has 60 seconds left.
|
|t:|1750861724
|start
|switch|p1a: Rillaboom|Rillaboom, L50, F|100/100
|switch|p1b: Calyrex|Calyrex-Ice, L50|100/100
|switch|p2a: Grimmsnarl|Grimmsnarl, L50, M|100/100
|switch|p2b: Calyrex|Calyrex-Ice, L50|100/100
|-ability|p1b: Calyrex|As One
|-ability|p1b: Calyrex|Unnerve
|-ability|p2b: Calyrex|As One
|-ability|p2b: Calyrex|Unnerve
|-fieldstart|move: Grassy Terrain|[from] ability: Grassy Surge|[of] p1a: Rillaboom
|turn|1
|inactive|kyuremkiroialt has 30 seconds left.
|inactive|camperas3000 has 30 seconds left.
|inactive|camperas3000 has 20 seconds left.
|inactive|kyuremkiroialt has 20 seconds left.
|
|t:|1750861766
|move|p2b: Calyrex|Protect|p2b: Calyrex
|-singleturn|p2b: Calyrex|Protect
|move|p1a: Rillaboom|Fake Out|p2a: Grimmsnarl
|-damage|p2a: Grimmsnarl|84/100
|cant|p2a: Grimmsnarl|flinch
|move|p1b: Calyrex|Glacial Lance|p2a: Grimmsnarl|[spread] p2a
|-activate|p2b: Calyrex|move: Protect
|-damage|p2a: Grimmsnarl|25/100
|
|-heal|p2a: Grimmsnarl|31/100|[from] Grassy Terrain
|upkeep
|turn|2
|inactive|kyuremkiroialt has 30 seconds left.
|inactive|kyuremkiroialt has 20 seconds left.
|
|t:|1750861804
|move|p1a: Rillaboom|Grassy Glide|p2a: Grimmsnarl
|-damage|p2a: Grimmsnarl|0 fnt
|faint|p2a: Grimmsnarl
|move|p1b: Calyrex|Glacial Lance|p2b: Calyrex
|-resisted|p2b: Calyrex
|-damage|p2b: Calyrex|83/100
|move|p2b: Calyrex|Leech Seed|p1b: Calyrex
|-start|p1b: Calyrex|move: Leech Seed
|
|-heal|p2b: Calyrex|89/100|[from] Grassy Terrain
|-heal|p2b: Calyrex|95/100|[from] item: Leftovers
|-damage|p1b: Calyrex|88/100|[from] Leech Seed|[of] p2b: Calyrex
|-heal|p2b: Calyrex|100/100|[silent]
|upkeep
|
|t:|1750861823
|switch|p2a: Amoonguss|Amoonguss, L50, F|100/100
|turn|3
|inactive|kyuremkiroialt has 30 seconds left.
|inactive|kyuremkiroialt has 20 seconds left.
|
|t:|1750861859
|-terastallize|p2a: Amoonguss|Dark
|move|p2a: Amoonguss|Rage Powder|p2a: Amoonguss
|-singleturn|p2a: Amoonguss|move: Rage Powder
|move|p1a: Rillaboom|Wood Hammer|p2a: Amoonguss
|-damage|p2a: Amoonguss|10/100
|-damage|p1a: Rillaboom|84/100|[from] item: Rocky Helmet|[of] p2a: Amoonguss
|-damage|p1a: Rillaboom|53/100|[from] Recoil
|move|p1b: Calyrex|Glacial Lance|p2a: Amoonguss|[spread] p2a,p2b
|-resisted|p2b: Calyrex
|-damage|p2a: Amoonguss|0 fnt
|-damage|p2b: Calyrex|88/100
|faint|p2a: Amoonguss
|-ability|p1b: Calyrex|Chilling Neigh|boost
|-boost|p1b: Calyrex|atk|1
|move|p2b: Calyrex|Glacial Lance|p1a: Rillaboom|[spread] p1a,p1b
|-supereffective|p1a: Rillaboom
|-resisted|p1b: Calyrex
|-damage|p1a: Rillaboom|0 fnt
|-damage|p1b: Calyrex|73/100
|faint|p1a: Rillaboom
|-ability|p2b: Calyrex|Chilling Neigh|boost
|-boost|p2b: Calyrex|atk|1
|
|-heal|p1b: Calyrex|79/100|[from] Grassy Terrain
|-heal|p2b: Calyrex|94/100|[from] Grassy Terrain
|-heal|p2b: Calyrex|99/100|[from] item: Leftovers
|-damage|p1b: Calyrex|67/100|[from] Leech Seed|[of] p2b: Calyrex
|-heal|p2b: Calyrex|100/100|[silent]
|upkeep
|inactive|kyuremkiroialt has 30 seconds left.
|
|t:|1750861886
|switch|p1a: Archaludon|Archaludon, L50, F|100/100
|switch|p2a: Basculegion|Basculegion, L50, M|100/100
|turn|4
|inactive|kyuremkiroialt has 30 seconds left.
|inactive|kyuremkiroialt has 20 seconds left.
|inactive|kyuremkiroialt has 15 seconds left.
|
|t:|1750861929
|-terastallize|p1b: Calyrex|Water
|move|p2a: Basculegion|Last Respects|p1b: Calyrex
|-damage|p1b: Calyrex|8/100
|-damage|p2a: Basculegion|91/100|[from] item: Life Orb
|move|p1a: Archaludon|Draco Meteor|p2a: Basculegion
|-crit|p2a: Basculegion
|-damage|p2a: Basculegion|0 fnt
|-unboost|p1a: Archaludon|spa|2
|faint|p2a: Basculegion
|move|p1b: Calyrex|High Horsepower|p2b: Calyrex
|-crit|p2b: Calyrex
|-damage|p2b: Calyrex|56/100
|move|p2b: Calyrex|Glacial Lance|p1a: Archaludon|[spread] p1a,p1b
|-resisted|p1b: Calyrex
|-damage|p1a: Archaludon|52/100
|-damage|p1b: Calyrex|0 fnt
|-ability|p1a: Archaludon|Stamina|boost
|-boost|p1a: Archaludon|def|1
|faint|p1b: Calyrex
|-ability|p2b: Calyrex|Chilling Neigh|boost
|-boost|p2b: Calyrex|atk|1
|
|-heal|p1a: Archaludon|58/100|[from] Grassy Terrain
|-heal|p2b: Calyrex|61/100|[from] Grassy Terrain
|-heal|p2b: Calyrex|67/100|[from] item: Leftovers
|upkeep
|
|t:|1750861938
|switch|p1b: Amoonguss|Amoonguss, L50, M|100/100
|turn|5
|c|☆camperas3000|itll be close
|
|t:|1750861951
|move|p1b: Amoonguss|Protect|p1b: Amoonguss
|-singleturn|p1b: Amoonguss|Protect
|move|p1a: Archaludon|Flash Cannon|p2b: Calyrex
|-supereffective|p2b: Calyrex
|-damage|p2b: Calyrex|46/100
|move|p2b: Calyrex|Glacial Lance|p1b: Amoonguss|[spread] p1a
|-activate|p1b: Amoonguss|move: Protect
|-damage|p1a: Archaludon|9/100
|-ability|p1a: Archaludon|Stamina|boost
|-boost|p1a: Archaludon|def|1
|
|-heal|p1a: Archaludon|15/100|[from] Grassy Terrain
|-heal|p2b: Calyrex|52/100|[from] Grassy Terrain
|-heal|p2b: Calyrex|58/100|[from] item: Leftovers
|-fieldend|move: Grassy Terrain
|upkeep
|turn|6
|c|☆kyuremkiroialt|i cant win
|-message|kyuremkiroialt forfeited.
|
|win|camperas3000
|raw|kyuremkiroialt's rating: 1407 &rarr; <strong>1381</strong><br />(-26 for losing)
|raw|camperas3000's rating: 1302 &rarr; <strong>1328</strong><br />(+26 for winning)
|l|☆kyuremkiroialt
|player|p1|
|c|☆camperas3000|why protect?
|c|☆camperas3000|spore
|l|☆camperas3000
|player|p2|
