|j|☆maodawang
|j|☆DrPraykuh
|t:|1750744847
|gametype|doubles
|player|p1|maodawang|266|1262
|player|p2|DrPraykuh|266|1206
|teamsize|p1|6
|teamsize|p2|6
|gen|9
|tier|[Gen 9] VGC 2025 Reg I
|rated|
|rule|Species Clause: Limit one of each Pokémon
|rule|Item Clause: Limit 1 of each item
|clearpoke
|poke|p1|Incineroar, L50, F|
|poke|p1|Urshifu-*, L50, M|
|poke|p1|Landorus, L50, M|
|poke|p1|Whimsicott, L50, M|
|poke|p1|Zamazenta-*, L50|
|poke|p1|Calyrex-Ice, L50|
|poke|p2|Kyogre, L50|
|poke|p2|Tornadus, L50, M|
|poke|p2|Zacian-*, L50|
|poke|p2|Hitmontop, L50, M|
|poke|p2|Fezandipiti, L50, M|
|poke|p2|Urshifu-*, L50, M|
|teampreview|4
|inactive|Battle timer is ON: inactive players will automatically lose when time's up. (requested by DrPraykuh)
|inactive|maodawang also wants the timer to be on.
|inactive|DrPraykuh has 60 seconds left.
|
|t:|1750744905
|start
|switch|p1a: Zamazenta|Zamazenta-Crowned, L50|100/100
|switch|p1b: Calyrex|Calyrex-Ice, L50|100/100
|switch|p2a: Tornadus|Tornadus, L50, M|100/100
|switch|p2b: Kyogre|Kyogre, L50|100/100
|-ability|p1b: Calyrex|As One
|-ability|p1b: Calyrex|Unnerve
|-ability|p1a: Zamazenta|Dauntless Shield|boost
|-boost|p1a: Zamazenta|def|1
|-weather|RainDance|[from] ability: Drizzle|[of] p2b: Kyogre
|turn|1
|inactive|DrPraykuh has 30 seconds left.
|inactive|DrPraykuh has 20 seconds left.
|inactive|DrPraykuh has 15 seconds left.
|inactive|DrPraykuh has 10 seconds left.
|
|t:|1750744951
|switch|p2b: Hitmontop|Hitmontop, L50, M|100/100
|-ability|p2b: Hitmontop|Intimidate|boost
|-unboost|p1a: Zamazenta|atk|1
|-fail|p1b: Calyrex|unboost|[from] item: Clear Amulet|[of] p1b: Calyrex
|move|p1a: Zamazenta|Wide Guard|p1a: Zamazenta
|-singleturn|p1a: Zamazenta|Wide Guard
|move|p2a: Tornadus|Taunt|p1a: Zamazenta
|-start|p1a: Zamazenta|move: Taunt
|move|p1b: Calyrex|Glacial Lance|p2b: Hitmontop|[spread] p2a,p2b
|-supereffective|p2a: Tornadus
|-damage|p2a: Tornadus|0 fnt
|-damage|p2b: Hitmontop|13/100
|faint|p2a: Tornadus
|-ability|p1b: Calyrex|Chilling Neigh|boost
|-boost|p1b: Calyrex|atk|1
|
|-weather|RainDance|[upkeep]
|upkeep
|
|t:|1750744966
|switch|p2a: Kyogre|Kyogre, L50|100/100
|turn|2
|
|t:|1750744981
|move|p1b: Calyrex|Protect|p1b: Calyrex
|-singleturn|p1b: Calyrex|Protect
|move|p1a: Zamazenta|Body Press|p2a: Kyogre
|-damage|p2a: Kyogre|40/100
|move|p2b: Hitmontop|Close Combat|p1b: Calyrex
|-activate|p1b: Calyrex|move: Protect
|move|p2a: Kyogre|Water Spout|p1b: Calyrex|[spread] p1a
|-activate|p1b: Calyrex|move: Protect
|-damage|p1a: Zamazenta|71/100
|
|-weather|RainDance|[upkeep]
|upkeep
|turn|3
|inactive|DrPraykuh has 30 seconds left.
|inactive|maodawang has 30 seconds left.
|
|t:|1750745015
|move|p2b: Hitmontop|Protect|p2b: Hitmontop
|-singleturn|p2b: Hitmontop|Protect
|move|p1a: Zamazenta|Body Press|p2b: Hitmontop
|-activate|p2b: Hitmontop|move: Protect
|move|p2a: Kyogre|Origin Pulse|p1b: Calyrex|[spread] p1a,p1b
|-damage|p1a: Zamazenta|22/100
|-damage|p1b: Calyrex|54/100
|move|p1b: Calyrex|Trick Room|p1b: Calyrex
|-fieldstart|move: Trick Room|[of] p1b: Calyrex
|
|-weather|RainDance|[upkeep]
|upkeep
|turn|4
|inactive|maodawang has 30 seconds left.
|inactive|DrPraykuh has 30 seconds left.
|inactive|DrPraykuh has 20 seconds left.
|inactive|DrPraykuh has 15 seconds left.
|inactive|maodawang has 20 seconds left.
|inactive|DrPraykuh has 10 seconds left.
|inactive|maodawang has 15 seconds left.
|
|t:|1750745066
|switch|p2b: Zacian|Zacian-Crowned, L50|100/100
|-ability|p2b: Zacian|Intrepid Sword|boost
|-boost|p2b: Zacian|atk|1
|move|p1b: Calyrex|Protect|p1b: Calyrex
|-singleturn|p1b: Calyrex|Protect
|move|p2a: Kyogre|Protect|p2a: Kyogre
|-singleturn|p2a: Kyogre|Protect
|move|p1a: Zamazenta|Body Press|p2a: Kyogre
|-activate|p2a: Kyogre|move: Protect
|
|-weather|RainDance|[upkeep]
|-end|p1a: Zamazenta|move: Taunt
|upkeep
|turn|5
|inactive|DrPraykuh has 30 seconds left.
|inactive|DrPraykuh has 20 seconds left.
|
|t:|1750745105
|-terastallize|p1b: Calyrex|Fire
|move|p1b: Calyrex|High Horsepower|p2a: Kyogre
|-damage|p2a: Kyogre|0 fnt
|faint|p2a: Kyogre
|-ability|p1b: Calyrex|Chilling Neigh|boost
|-boost|p1b: Calyrex|atk|1
|move|p1a: Zamazenta|Body Press|p2b: Zacian
|-damage|p2b: Zacian|44/100
|move|p2b: Zacian|Play Rough|p1b: Calyrex
|-resisted|p1b: Calyrex
|-damage|p1b: Calyrex|30/100
|
|-weather|none
|upkeep
|
|t:|1750745118
|switch|p2a: Hitmontop|Hitmontop, L50, M|13/100
|-ability|p2a: Hitmontop|Intimidate|boost
|-unboost|p1a: Zamazenta|atk|1
|-fail|p1b: Calyrex|unboost|[from] item: Clear Amulet|[of] p1b: Calyrex
|turn|6
|inactive|DrPraykuh has 30 seconds left.
|
|t:|1750745148
|-terastallize|p2b: Zacian|Ground
|move|p1b: Calyrex|Protect|p1b: Calyrex
|-singleturn|p1b: Calyrex|Protect
|move|p2a: Hitmontop|Fake Out|p1b: Calyrex
|-activate|p1b: Calyrex|move: Protect
|move|p1a: Zamazenta|Body Press|p2a: Hitmontop
|-damage|p2a: Hitmontop|0 fnt
|faint|p2a: Hitmontop
|move|p2b: Zacian|Tera Blast|p1a: Zamazenta|[anim] Tera Blast Ground
|-supereffective|p1a: Zamazenta
|-damage|p1a: Zamazenta|0 fnt
|faint|p1a: Zamazenta
|
|upkeep
|
|t:|1750745164
|switch|p1a: Landorus|Landorus, L50, M|100/100
|turn|7
|
|t:|1750745171
|move|p2b: Zacian|Protect|p2b: Zacian
|-singleturn|p2b: Zacian|Protect
|move|p1b: Calyrex|Glacial Lance|p2b: Zacian
|-activate|p2b: Zacian|move: Protect
|move|p1a: Landorus|Earth Power|p2b: Zacian
|-activate|p2b: Zacian|move: Protect
|
|-fieldend|move: Trick Room
|upkeep
|turn|8
|
|t:|1750745184
|move|p2b: Zacian|Tera Blast|p1b: Calyrex|[anim] Tera Blast Ground
|-supereffective|p1b: Calyrex
|-damage|p1b: Calyrex|0 fnt
|faint|p1b: Calyrex
|move|p1a: Landorus|Earth Power|p2b: Zacian
|-damage|p2b: Zacian|0 fnt
|faint|p2b: Zacian
|
|win|maodawang
|raw|maodawang's rating: 1262 &rarr; <strong>1283</strong><br />(+21 for winning)
|raw|DrPraykuh's rating: 1206 &rarr; <strong>1185</strong><br />(-21 for losing)
|l|☆maodawang
|player|p1|
