|j|☆SherLP999
|j|☆awsedrftyguhnijmo
|t:|1750769786
|gametype|doubles
|player|p1|SherLP999|scientist-gen4|1089
|player|p2|awsedrftyguhnijmo|lucas|1051
|teamsize|p1|6
|teamsize|p2|6
|gen|9
|tier|[Gen 9] VGC 2025 Reg I
|rated|
|rule|Species Clause: Limit one of each Pokémon
|rule|Item Clause: Limit 1 of each item
|clearpoke
|poke|p1|Annihilape, L50, M|
|poke|p1|Ambipom, L50, M|
|poke|p1|Raichu, L50, M|
|poke|p1|Skarmory, L50, M|
|poke|p1|Calyrex-Shadow, L50|
|poke|p1|Ho-Oh, L50|
|poke|p2|Toxapex, L50, M|
|poke|p2|Miraidon, L50|
|poke|p2|Kingambit, L50, M|
|poke|p2|Urshifu-*, L50, F|
|poke|p2|Dragapult, L50, F|
|poke|p2|Calyrex-Ice, L50|
|teampreview|4
awsedrftyguhnijmo rejected open team sheets.
|
|t:|1750769818
|start
|switch|p1a: Annihilape|Annihilape, L50, M|100/100
|switch|p1b: Skarmory|Skarmory, L50, M|100/100
|switch|p2a: Dragapult|Dragapult, L50, F|100/100
|switch|p2b: Calyrex|Calyrex-Ice, L50|100/100
|-ability|p2b: Calyrex|As One
|-ability|p2b: Calyrex|Unnerve
|turn|1
|
|t:|1750769856
|move|p2a: Dragapult|Phantom Force||[still]
|-prepare|p2a: Dragapult|Phantom Force
|move|p1a: Annihilape|Drain Punch|p2b: Calyrex
|-damage|p2b: Calyrex|70/100
|move|p1b: Skarmory|Iron Defense|p1b: Skarmory
|-boost|p1b: Skarmory|def|2
|move|p2b: Calyrex|Glacial Lance|p1b: Skarmory|[spread] p1a,p1b
|-damage|p1a: Annihilape|34/100
|-damage|p1b: Skarmory|84/100
|
|-heal|p1b: Skarmory|90/100|[from] item: Leftovers
|upkeep
|turn|2
|
|t:|1750769890
|switch|p1a: Ho-Oh|Ho-Oh, L50|100/100
|move|p2a: Dragapult|Phantom Force|p1a: Ho-Oh|[from] lockedmove
|-damage|p1a: Ho-Oh|62/100
|move|p1b: Skarmory|Body Press|p2b: Calyrex
|-damage|p2b: Calyrex|27/100
|-enditem|p2b: Calyrex|Sitrus Berry|[eat]
|-heal|p2b: Calyrex|52/100|[from] item: Sitrus Berry
|move|p2b: Calyrex|Glacial Lance|p1b: Skarmory|[spread] p1a,p1b
|-damage|p1a: Ho-Oh|20/100
|-damage|p1b: Skarmory|71/100
|
|-heal|p1b: Skarmory|77/100|[from] item: Leftovers
|upkeep
|turn|3
|
|t:|1750769930
|move|p2a: Dragapult|Dragon Darts|p1a: Ho-Oh
|-damage|p1a: Ho-Oh|0 fnt
|-anim|p2a: Dragapult|Dragon Darts|p1b: Skarmory
|-resisted|p1b: Skarmory
|-damage|p1b: Skarmory|73/100
|faint|p1a: Ho-Oh
|move|p1b: Skarmory|Iron Defense|p1b: Skarmory
|-boost|p1b: Skarmory|def|2
|move|p2b: Calyrex|Close Combat|p1b: Skarmory
|-damage|p1b: Skarmory|62/100
|-unboost|p2b: Calyrex|def|1
|-unboost|p2b: Calyrex|spd|1
|
|-heal|p1b: Skarmory|67/100|[from] item: Leftovers
|upkeep
|
|t:|1750769952
|switch|p1a: Calyrex|Calyrex-Shadow, L50|100/100
|-ability|p1a: Calyrex|As One
|-ability|p1a: Calyrex|Unnerve
|turn|4
|inactive|Battle timer is ON: inactive players will automatically lose when time's up. (requested by awsedrftyguhnijmo)
|
|t:|1750769981
|move|p1a: Calyrex|Astral Barrage|p2a: Dragapult|[spread] p2a,p2b
|-supereffective|p2a: Dragapult
|-supereffective|p2b: Calyrex
|-enditem|p2a: Dragapult|Focus Sash
|-damage|p2a: Dragapult|1/100
|-damage|p2b: Calyrex|0 fnt
|faint|p2b: Calyrex
|-ability|p1a: Calyrex|Grim Neigh|boost
|-boost|p1a: Calyrex|spa|1
|move|p2a: Dragapult|Phantom Force||[still]
|-prepare|p2a: Dragapult|Phantom Force
|move|p1b: Skarmory|Iron Defense|p1b: Skarmory
|-boost|p1b: Skarmory|def|2
|
|-heal|p1b: Skarmory|73/100|[from] item: Leftovers
|upkeep
|
|t:|1750769993
|switch|p2b: Miraidon|Miraidon, L50|100/100
|-fieldstart|move: Electric Terrain|[from] ability: Hadron Engine|[of] p2b: Miraidon
|turn|5
|inactive|SherLP999 has 30 seconds left.
|
|t:|1750770021
|move|p1b: Skarmory|Protect|p1b: Skarmory
|-singleturn|p1b: Skarmory|Protect
|move|p2b: Miraidon|Discharge|p1a: Calyrex|[spread] p1a
|-miss|p2b: Miraidon|p2a: Dragapult
|-activate|p1b: Skarmory|move: Protect
|-damage|p1a: Calyrex|17/100
|move|p1a: Calyrex|Astral Barrage|p2a: Dragapult|[spread] p2b
|-miss|p1a: Calyrex|p2a: Dragapult
|-damage|p2b: Miraidon|0 fnt
|faint|p2b: Miraidon
|-ability|p1a: Calyrex|Grim Neigh|boost
|-boost|p1a: Calyrex|spa|1
|move|p2a: Dragapult|Phantom Force|p1b: Skarmory|[from] lockedmove
|-activate|p1b: Skarmory|move: Phantom Force|[broken]
|-damage|p1b: Skarmory|66/100
|
|-heal|p1b: Skarmory|72/100|[from] item: Leftovers
|upkeep
|
|t:|1750770037
|switch|p2b: Toxapex|Toxapex, L50, M|100/100
|turn|6
|
|t:|1750770060
|move|p1a: Calyrex|Astral Barrage|p2b: Toxapex|[spread] p2a,p2b
|-supereffective|p2a: Dragapult
|-crit|p2b: Toxapex
|-damage|p2a: Dragapult|0 fnt
|-damage|p2b: Toxapex|0 fnt
|faint|p2a: Dragapult
|faint|p2b: Toxapex
|
|win|SherLP999
|raw|SherLP999's rating: 1089 &rarr; <strong>1113</strong><br />(+24 for winning)
|raw|awsedrftyguhnijmo's rating: 1051 &rarr; <strong>1035</strong><br />(-16 for losing)
|l|☆SherLP999
|player|p1|
|j| Wenpachi
|l| Wenpachi
|l|☆awsedrftyguhnijmo
|player|p2|
