|j|☆blu3cr33p3r
|j|☆ceron890
|t:|1750773068
|gametype|doubles
|player|p1|blu3cr33p3r|bruno|1254
|player|p2|ceron890|will|1209
|teamsize|p1|6
|teamsize|p2|6
|gen|9
|tier|[Gen 9] VGC 2025 Reg I
|rated|
|rule|Species Clause: Limit one of each Pokémon
|rule|Item Clause: Limit 1 of each item
|clearpoke
|poke|p1|Lunala, L50|
|poke|p1|Ursaluna, L50, M|
|poke|p1|Urshifu-*, L50, M|
|poke|p1|Miraidon, L50|
|poke|p1|Grimmsnarl, L50, M|
|poke|p1|Incineroar, L50, M|
|poke|p2|Calyrex-Ice, L50|
|poke|p2|Indeedee-F, L50, F|
|poke|p2|Smeargle, L50, M|
|poke|p2|Torkoal, L50, M|
|poke|p2|Hatterene, L50, F|
|poke|p2|Annihilape, L50, F|
|teampreview|4
|inactive|Battle timer is ON: inactive players will automatically lose when time's up. (requested by ceron890)
ceron890 rejected open team sheets.
|inactive|blu3cr33p3r has 60 seconds left.
|
|t:|1750773138
|start
|switch|p1a: Grimmsnarl|Grimmsnarl, L50, M|100/100
|switch|p1b: Lunala|Lunala, L50|100/100
|switch|p2a: whitey|Calyrex-Ice, L50|100/100
|switch|p2b: napoleon|Smeargle, L50, M|100/100
|-ability|p2a: whitey|As One
|-ability|p2a: whitey|Unnerve
|turn|1
|inactive|blu3cr33p3r has 30 seconds left.
|inactive|blu3cr33p3r has 20 seconds left.
|inactive|blu3cr33p3r has 15 seconds left.
|inactive|blu3cr33p3r has 10 seconds left.
|inactive|blu3cr33p3r has 5 seconds left.
|
|t:|1750773193
|move|p2b: napoleon|Follow Me|p2b: napoleon
|-singleturn|p2b: napoleon|move: Follow Me
|move|p1a: Grimmsnarl|Reflect|p1a: Grimmsnarl
|-sidestart|p1: blu3cr33p3r|Reflect
|move|p1b: Lunala|Moongeist Beam|p2b: napoleon
|-immune|p2b: napoleon
|move|p2a: whitey|Trick Room|p2a: whitey
|-fieldstart|move: Trick Room|[of] p2a: whitey
|
|upkeep
|turn|2
|
|t:|1750773213
|move|p1a: Grimmsnarl|Thunder Wave|p2a: whitey
|-status|p2a: whitey|par
|move|p2a: whitey|Glacial Lance|p1b: Lunala|[spread] p1a,p1b
|-damage|p1a: Grimmsnarl|58/100
|-damage|p1b: Lunala|85/100
|move|p2b: napoleon|Spore|p1b: Lunala
|-status|p1b: Lunala|slp|[from] move: Spore
|cant|p1b: Lunala|slp
|
|upkeep
|turn|3
|
|t:|1750773234
|move|p1a: Grimmsnarl|Thunder Wave|p2b: napoleon
|-status|p2b: napoleon|par
|move|p2a: whitey|Glacial Lance|p1b: Lunala|[spread] p1a,p1b
|-crit|p1a: Grimmsnarl
|-damage|p1a: Grimmsnarl|0 fnt
|-damage|p1b: Lunala|56/100 slp
|faint|p1a: Grimmsnarl
|-ability|p2a: whitey|Chilling Neigh|boost
|-boost|p2a: whitey|atk|1
|move|p2b: napoleon|Spore|p1b: Lunala
|-fail|p1b: Lunala|slp
|-curestatus|p1b: Lunala|slp|[msg]
|move|p1b: Lunala|Moongeist Beam|p2a: whitey
|-supereffective|p2a: whitey
|-damage|p2a: whitey|27/100 par
|
|upkeep
|
|t:|1750773258
|switch|p1a: Ursaluna|Ursaluna, L50, M|100/100
|turn|4
|inactive|blu3cr33p3r has 30 seconds left.
|
|t:|1750773292
|-terastallize|p1a: Ursaluna|Ghost
|cant|p2a: whitey|par
|move|p2b: napoleon|Spore|p1a: Ursaluna
|-status|p1a: Ursaluna|slp|[from] move: Spore
|cant|p1a: Ursaluna|slp
|move|p1b: Lunala|Moongeist Beam|p2a: whitey
|-supereffective|p2a: whitey
|-damage|p2a: whitey|0 fnt
|faint|p2a: whitey
|
|upkeep
|
|t:|1750773305
|switch|p2a: oven|Torkoal, L50, M, shiny|100/100
|-weather|SunnyDay|[from] ability: Drought|[of] p2a: oven
|turn|5
|
|t:|1750773321
|switch|p1b: Miraidon|Miraidon, L50|100/100
|-fieldstart|move: Electric Terrain|[from] ability: Hadron Engine|[of] p1b: Miraidon
|-terastallize|p2a: oven|Fire
|move|p2b: napoleon|Follow Me|p2b: napoleon
|-singleturn|p2b: napoleon|move: Follow Me
|move|p2a: oven|Eruption|p1a: Ursaluna|[spread] p1a,p1b
|-resisted|p1b: Miraidon
|-damage|p1a: Ursaluna|0 fnt
|-damage|p1b: Miraidon|63/100
|faint|p1a: Ursaluna
|
|-weather|SunnyDay|[upkeep]
|-fieldend|move: Trick Room
|upkeep
|
|t:|1750773337
|switch|p1a: Lunala|Lunala, L50|56/100
|-enditem|p1a: Lunala|Electric Seed
|-boost|p1a: Lunala|def|1|[from] item: Electric Seed
|turn|6
|inactive|blu3cr33p3r has 30 seconds left.
|inactive|blu3cr33p3r has 20 seconds left.
|inactive|blu3cr33p3r has 15 seconds left.
|inactive|blu3cr33p3r has 10 seconds left.
|
|t:|1750773385
|move|p1b: Miraidon|Electro Drift|p2b: napoleon
|-enditem|p2b: napoleon|Focus Sash
|-damage|p2b: napoleon|1/100 par
|move|p1a: Lunala|Moonblast|p2b: napoleon
|-damage|p2b: napoleon|0 fnt
|faint|p2b: napoleon
|move|p2a: oven|Eruption|p1a: Lunala|[spread] p1a,p1b
|-resisted|p1b: Miraidon
|-damage|p1a: Lunala|0 fnt
|-damage|p1b: Miraidon|26/100
|faint|p1a: Lunala
|
|-weather|SunnyDay|[upkeep]
|upkeep
|
|t:|1750773398
|switch|p2b: perona|Hatterene, L50, F, shiny|100/100
|turn|7
|
|t:|1750773407
|move|p1b: Miraidon|Electro Drift|p2a: oven
|-damage|p2a: oven|0 fnt
|faint|p2a: oven
|move|p2b: perona|Trick Room|p2b: perona
|-fieldstart|move: Trick Room|[of] p2b: perona
|
|-weather|SunnyDay|[upkeep]
|upkeep
|turn|8
|
|t:|1750773424
|move|p2b: perona|Dazzling Gleam|p1b: Miraidon
|-supereffective|p1b: Miraidon
|-damage|p1b: Miraidon|0 fnt
|faint|p1b: Miraidon
|-damage|p2b: perona|91/100|[from] item: Life Orb
|
|win|ceron890
|raw|blu3cr33p3r's rating: 1254 &rarr; <strong>1226</strong><br />(-28 for losing)
|raw|ceron890's rating: 1209 &rarr; <strong>1237</strong><br />(+28 for winning)
|l|☆ceron890
|player|p2|
|l|☆blu3cr33p3r
|player|p1|
