|j|☆Pixelated_Toast
|j|☆RucolaLuca
|html|<table width="100%"><tr><td align="left">Pixelated_Toast</td><td align="right">RucolaLuca</tr><tr><td align="left"><i class="fa fa-circle-o"></i> <i class="fa fa-circle-o"></i> </td><td align="right"><i class="fa fa-circle-o"></i> <i class="fa fa-circle"></i> </tr></table>
|uhtml|bestof|<h2><strong>Game 2</strong> of <a href="/game-bestof3-gen9vgc2025regi-2391295363">a best-of-3</a></h2>
|t:|1750830772
|gametype|doubles
|player|p1|Pixelated_Toast|giovanni|
|player|p2|RucolaLuca|swimmerf|
|teamsize|p1|6
|teamsize|p2|6
|gen|9
|tier|[Gen 9] VGC 2025 Reg I
|rule|Tera Type Preview: Tera Types are shown at Team Preview
|rule|Species Clause: Limit one of each Pokémon
|rule|Item Clause: Limit 1 of each item
|raw|<div class="infobox"><details class="readmore" open><summary><strong>2 custom rules:</strong></summary> Best of = 3, Tera Type Preview</details></div>
|clearpoke
|poke|p1|Garchomp, L50, F|
|poke|p1|Sableye, L50, F|
|poke|p1|Masquerain, L50, F|
|poke|p1|Iron Bundle, L50|
|poke|p1|Seviper, L50, M|
|poke|p1|Iron Moth, L50|
|poke|p2|Toedscruel, L50, M|
|poke|p2|Flutter Mane, L50|
|poke|p2|Farigiraf, L50, F|
|poke|p2|Overqwil, L50, M|
|poke|p2|Blaziken, L50, M|
|poke|p2|Typhlosion-Hisui, L50, F|
|teampreview|4
|raw|Pixelated_Toast's Tera Types:<br /><psicon pokemon="garchomp" /><psicon type="Poison" /> / <psicon pokemon="sableye" /><psicon type="Dark" /> / <psicon pokemon="masquerain" /><psicon type="Ghost" /> / <psicon pokemon="ironbundle" /><psicon type="Water" /> / <psicon pokemon="seviper" /><psicon type="Stellar" /> / <psicon pokemon="ironmoth" /><psicon type="Flying" />
|raw|RucolaLuca's Tera Types:<br /><psicon pokemon="toedscruel" /><psicon type="Water" /> / <psicon pokemon="fluttermane" /><psicon type="Ghost" /> / <psicon pokemon="farigiraf" /><psicon type="Ghost" /> / <psicon pokemon="overqwil" /><psicon type="Ground" /> / <psicon pokemon="blaziken" /><psicon type="Water" /> / <psicon pokemon="typhlosionhisui" /><psicon type="Psychic" />
Pixelated_Toast rejected open team sheets.
|
|t:|1750830841
|start
|switch|p1a: Shadow|Sableye, L50, F|100/100
|switch|p1b: Mothra|Iron Moth, L50|100/100
|switch|p2a: Falcon|Blaziken, L50, M|100/100
|switch|p2b: Shiitake|Toedscruel, L50, M|100/100
|-enditem|p1b: Mothra|Booster Energy
|-activate|p1b: Mothra|ability: Quark Drive|[fromitem]
|-start|p1b: Mothra|quarkdrivespa
|turn|1
|
|t:|1750830884
|move|p1b: Mothra|Protect|p1b: Mothra
|-singleturn|p1b: Mothra|Protect
|move|p1a: Shadow|Light Screen|p1a: Shadow
|-sidestart|p1: Pixelated_Toast|move: Light Screen
|move|p2b: Shiitake|Earth Power|p1b: Mothra
|-activate|p1b: Mothra|move: Protect
|move|p2a: Falcon|Flare Blitz|p1a: Shadow
|-crit|p1a: Shadow
|-damage|p1a: Shadow|3/100
|-damage|p2a: Falcon|68/100|[from] Recoil
|
|-ability|p2a: Falcon|Speed Boost|boost
|-boost|p2a: Falcon|spe|1
|upkeep
|turn|2
|
|t:|1750830913
|-terastallize|p1b: Mothra|Flying
|-terastallize|p2b: Shiitake|Water
|move|p1a: Shadow|Reflect|p1a: Shadow
|-sidestart|p1: Pixelated_Toast|Reflect
|move|p2a: Falcon|Flare Blitz|p1a: Shadow
|-damage|p1a: Shadow|0 fnt
|faint|p1a: Shadow
|-damage|p2a: Falcon|68/100|[from] Recoil
|move|p1b: Mothra|Air Slash|p2a: Falcon
|-supereffective|p2a: Falcon
|-damage|p2a: Falcon|0 fnt
|faint|p2a: Falcon
|move|p2b: Shiitake|Earth Power|p1b: Mothra
|-immune|p1b: Mothra
|
|upkeep
|
|t:|1750830933
|switch|p2a: Beads|Flutter Mane, L50|100/100
|switch|p1a: Bzzzzzzzz|Masquerain, L50, F, shiny|100/100
|-ability|p1a: Bzzzzzzzz|Intimidate|boost
|-unboost|p2a: Beads|atk|1
|-unboost|p2b: Shiitake|atk|1
|-enditem|p2a: Beads|Booster Energy
|-activate|p2a: Beads|ability: Protosynthesis|[fromitem]
|-start|p2a: Beads|protosynthesisspa
|turn|3
|
|t:|1750830959
|move|p2a: Beads|Protect|p2a: Beads
|-singleturn|p2a: Beads|Protect
|move|p1a: Bzzzzzzzz|Protect|p1a: Bzzzzzzzz
|-singleturn|p1a: Bzzzzzzzz|Protect
|move|p2b: Shiitake|Spore|p1b: Mothra
|-status|p1b: Mothra|slp|[from] move: Spore
|cant|p1b: Mothra|slp
|
|upkeep
|turn|4
|
|t:|1750830977
|move|p2a: Beads|Thunderbolt|p1b: Mothra
|-supereffective|p1b: Mothra
|-damage|p1b: Mothra|41/100 slp
|move|p1a: Bzzzzzzzz|Shadow Ball|p2a: Beads
|-supereffective|p2a: Beads
|-damage|p2a: Beads|48/100
|move|p2b: Shiitake|Spore|p1a: Bzzzzzzzz
|-status|p1a: Bzzzzzzzz|slp|[from] move: Spore
|cant|p1b: Mothra|slp
|
|upkeep
|turn|5
|
|t:|1750831057
|-end|p1b: Mothra|Quark Drive|[silent]
|switch|p1b: Cynthia|Garchomp, L50, F, shiny|100/100
|move|p2a: Beads|Dazzling Gleam|p1a: Bzzzzzzzz|[spread] p1a,p1b
|-supereffective|p1b: Cynthia
|-damage|p1a: Bzzzzzzzz|54/100 slp
|-damage|p1b: Cynthia|28/100
|move|p2b: Shiitake|Giga Drain|p1b: Cynthia
|-damage|p1b: Cynthia|5/100
|cant|p1a: Bzzzzzzzz|slp
|
|upkeep
|turn|6
|
|t:|1750831078
|switch|p1b: Mothra|Iron Moth, L50, tera:Flying|41/100 slp
|move|p2a: Beads|Dazzling Gleam|p1a: Bzzzzzzzz|[spread] p1a,p1b
|-damage|p1a: Bzzzzzzzz|10/100 slp
|-damage|p1b: Mothra|11/100 slp
|move|p2b: Shiitake|Giga Drain|p1a: Bzzzzzzzz
|-resisted|p1a: Bzzzzzzzz
|-damage|p1a: Bzzzzzzzz|4/100 slp
|cant|p1a: Bzzzzzzzz|slp
|
|upkeep
|turn|7
|
|t:|1750831093
|-curestatus|p1b: Mothra|slp|[msg]
|move|p1b: Mothra|Protect|p1b: Mothra
|-singleturn|p1b: Mothra|Protect
|cant|p1a: Bzzzzzzzz|slp
|move|p2a: Beads|Dazzling Gleam|p1b: Mothra|[spread] p1a
|-activate|p1b: Mothra|move: Protect
|-damage|p1a: Bzzzzzzzz|0 fnt
|faint|p1a: Bzzzzzzzz
|move|p2b: Shiitake|Giga Drain|p1b: Mothra
|-activate|p1b: Mothra|move: Protect
|
|upkeep
|
|t:|1750831106
|switch|p1a: Cynthia|Garchomp, L50, F, shiny|5/100
|turn|8
|c|☆RucolaLuca|gg i gues, you played well :)
|
|t:|1750831130
|move|p2b: Shiitake|Rage Powder|p2b: Shiitake
|-singleturn|p2b: Shiitake|move: Rage Powder
|move|p2a: Beads|Dazzling Gleam|p1b: Mothra|[spread] p1a,p1b
|-supereffective|p1a: Cynthia
|-damage|p1a: Cynthia|0 fnt
|-damage|p1b: Mothra|0 fnt
|faint|p1a: Cynthia
|faint|p1b: Mothra
|-end|p1b: Mothra|Quark Drive|[silent]
|
|win|RucolaLuca
|c|☆Pixelated_Toast|gg
|l|☆Pixelated_Toast
|player|p1|
