|j|☆martykutrarty
|j|☆Leacenh
|t:|1750828102
|gametype|doubles
|player|p1|martykutrarty|jupiter|1255
|player|p2|Leacenh|1|1389
|teamsize|p1|6
|teamsize|p2|6
|gen|9
|tier|[Gen 9] VGC 2025 Reg I
|rated|
|rule|Species Clause: Limit one of each Pokémon
|rule|Item Clause: Limit 1 of each item
|clearpoke
|poke|p1|Lunala, L50|
|poke|p1|Miraidon, L50|
|poke|p1|Iron Hands, L50|
|poke|p1|Urshifu-*, L50, M|
|poke|p1|Whimsicott, L50, F|
|poke|p1|Iron Moth, L50|
|poke|p2|Calyrex-Shadow, L50|
|poke|p2|Zamazenta-*, L50|
|poke|p2|Incineroar, L50, F|
|poke|p2|Rillaboom, L50, M|
|poke|p2|Raging Bolt, L50|
|poke|p2|Whimsicott, L50, F|
|teampreview|4
|inactive|Battle timer is ON: inactive players will automatically lose when time's up. (requested by martykutrarty)
|inactive|Leacenh has 60 seconds left.
|
|t:|1750828151
|start
|switch|p1a: Iron Moth|Iron Moth, L50|100/100
|switch|p1b: Whimsicott|Whimsicott, L50, F|100/100
|switch|p2a: Incineroar|Incineroar, L50, F|100/100
|switch|p2b: Zamazenta|Zamazenta-Crowned, L50|100/100
|-ability|p2b: Zamazenta|Dauntless Shield|boost
|-boost|p2b: Zamazenta|def|1
|-ability|p2a: Incineroar|Intimidate|boost
|-unboost|p1a: Iron Moth|atk|1
|-unboost|p1b: Whimsicott|atk|1
|-enditem|p1a: Iron Moth|Booster Energy
|-activate|p1a: Iron Moth|ability: Quark Drive|[fromitem]
|-start|p1a: Iron Moth|quarkdrivespa
|turn|1
|
|t:|1750828171
|-terastallize|p1a: Iron Moth|Ghost
|move|p1b: Whimsicott|Tailwind|p1b: Whimsicott
|-sidestart|p1: martykutrarty|move: Tailwind
|move|p1a: Iron Moth|Heat Wave|p2a: Incineroar|[spread] p2a,p2b
|-resisted|p2a: Incineroar
|-supereffective|p2b: Zamazenta
|-damage|p2a: Incineroar|81/100
|-damage|p2b: Zamazenta|19/100
|move|p2b: Zamazenta|Body Press|p1a: Iron Moth
|-immune|p1a: Iron Moth
|move|p2a: Incineroar|Knock Off|p1a: Iron Moth
|-supereffective|p1a: Iron Moth
|-damage|p1a: Iron Moth|4/100
|
|upkeep
|turn|2
|inactive|martykutrarty has 30 seconds left.
|inactive|martykutrarty has 20 seconds left.
|
|t:|1750828207
|move|p2b: Zamazenta|Protect|p2b: Zamazenta
|-singleturn|p2b: Zamazenta|Protect
|move|p1b: Whimsicott|Moonblast|p2a: Incineroar
|-damage|p2a: Incineroar|56/100
|-unboost|p2a: Incineroar|spa|1
|move|p1a: Iron Moth|Heat Wave|p2b: Zamazenta|[spread] p2a
|-activate|p2b: Zamazenta|move: Protect
|-resisted|p2a: Incineroar
|-damage|p2a: Incineroar|34/100
|-enditem|p2a: Incineroar|Sitrus Berry|[eat]
|-heal|p2a: Incineroar|59/100|[from] item: Sitrus Berry
|move|p2a: Incineroar|Knock Off|p1b: Whimsicott
|-resisted|p1b: Whimsicott
|-damage|p1b: Whimsicott|71/100
|-enditem|p1b: Whimsicott|Covert Cloak|[from] move: Knock Off|[of] p2a: Incineroar
|
|upkeep
|turn|3
|inactive|Leacenh has 30 seconds left.
|inactive|martykutrarty has 30 seconds left.
|
|t:|1750828242
|move|p1a: Iron Moth|Protect|p1a: Iron Moth
|-singleturn|p1a: Iron Moth|Protect
|move|p2b: Zamazenta|Wide Guard|p2b: Zamazenta
|-singleturn|p2b: Zamazenta|Wide Guard
|move|p1b: Whimsicott|Encore|p2b: Zamazenta
|-start|p2b: Zamazenta|Encore
|move|p2a: Incineroar|Flare Blitz|p1b: Whimsicott
|-supereffective|p1b: Whimsicott
|-damage|p1b: Whimsicott|0 fnt
|faint|p1b: Whimsicott
|-damage|p2a: Incineroar|44/100|[from] Recoil
|
|upkeep
|
|t:|1750828255
|switch|p1b: Lunala|Lunala, L50|100/100
|turn|4
|
|t:|1750828272
|switch|p2b: Rillaboom|Rillaboom, L50, M|100/100
|-fieldstart|move: Grassy Terrain|[from] ability: Grassy Surge|[of] p2b: Rillaboom
|move|p1a: Iron Moth|Fiery Dance|p2b: Rillaboom
|-supereffective|p2b: Rillaboom
|-damage|p2b: Rillaboom|0 fnt
|faint|p2b: Rillaboom
|move|p1b: Lunala|Meteor Beam||[still]
|-prepare|p1b: Lunala|Meteor Beam
|-boost|p1b: Lunala|spa|1
|-enditem|p1b: Lunala|Power Herb
|-anim|p1b: Lunala|Meteor Beam|p2a: Incineroar
|-supereffective|p2a: Incineroar
|-damage|p2a: Incineroar|0 fnt
|faint|p2a: Incineroar
|
|-heal|p1a: Iron Moth|10/100|[from] Grassy Terrain
|-sideend|p1: martykutrarty|move: Tailwind
|upkeep
|
|t:|1750828288
|switch|p2b: Zamazenta|Zamazenta-Crowned, L50|19/100
|switch|p2a: Calyrex|Calyrex-Shadow, L50|100/100
|-ability|p2a: Calyrex|As One
|-ability|p2a: Calyrex|Unnerve
|turn|5
|
|t:|1750828302
|move|p1b: Lunala|Wide Guard|p1b: Lunala
|-singleturn|p1b: Lunala|Wide Guard
|move|p2a: Calyrex|Psychic|p1a: Iron Moth
|-damage|p1a: Iron Moth|0 fnt
|faint|p1a: Iron Moth
|-end|p1a: Iron Moth|Quark Drive|[silent]
|-ability|p2a: Calyrex|Grim Neigh|boost
|-boost|p2a: Calyrex|spa|1
|move|p2b: Zamazenta|Heavy Slam|p1b: Lunala
|-damage|p1b: Lunala|81/100
|
|-heal|p2b: Zamazenta|25/100|[from] Grassy Terrain
|-heal|p1b: Lunala|87/100|[from] Grassy Terrain
|upkeep
|
|t:|1750828307
|switch|p1a: Miraidon|Miraidon, L50|100/100
|-fieldstart|move: Electric Terrain|[from] ability: Hadron Engine|[of] p1a: Miraidon
|turn|6
|inactive|Leacenh has 30 seconds left.
|inactive|Leacenh has 20 seconds left.
|inactive|Leacenh has 15 seconds left.
|inactive|Leacenh has 10 seconds left.
|
|t:|1750828353
|move|p1b: Lunala|Wide Guard|p1b: Lunala
|-singleturn|p1b: Lunala|Wide Guard
|move|p2a: Calyrex|Astral Barrage|p1b: Lunala|[spread] 
|-activate|p1a: Miraidon|move: Wide Guard
|-activate|p1b: Lunala|move: Wide Guard
|move|p1a: Miraidon|Discharge|p2b: Zamazenta|[spread] p2a,p2b
|-activate|p1b: Lunala|move: Wide Guard
|-crit|p2b: Zamazenta
|-damage|p2a: Calyrex|29/100
|-damage|p2b: Zamazenta|0 fnt
|faint|p2b: Zamazenta
|-damage|p1a: Miraidon|91/100|[from] item: Life Orb
|
|upkeep
|turn|7
|inactive|martykutrarty has 30 seconds left.
|inactive|Leacenh has 30 seconds left.
|
|t:|1750828382
|move|p1b: Lunala|Wide Guard|p1b: Lunala
|-singleturn|p1b: Lunala|Wide Guard
|move|p2a: Calyrex|Astral Barrage|p1b: Lunala|[spread] 
|-activate|p1a: Miraidon|move: Wide Guard
|-activate|p1b: Lunala|move: Wide Guard
|move|p1a: Miraidon|Discharge|p2a: Calyrex|[spread] p2a
|-activate|p1b: Lunala|move: Wide Guard
|-damage|p2a: Calyrex|0 fnt
|faint|p2a: Calyrex
|-damage|p1a: Miraidon|81/100|[from] item: Life Orb
|
|win|martykutrarty
|raw|martykutrarty's rating: 1255 &rarr; <strong>1289</strong><br />(+34 for winning)
|raw|Leacenh's rating: 1389 &rarr; <strong>1362</strong><br />(-27 for losing)
|l|☆martykutrarty
|player|p1|
|l|☆Leacenh
|player|p2|
