|j|☆mums lover
|j|☆minhquang1408
|t:|1750834622
|gametype|doubles
|player|p1|mums lover|plasmagrunt-gen5bw|1302
|player|p2|minhquang1408|lana|1384
|teamsize|p1|6
|teamsize|p2|6
|gen|9
|tier|[Gen 9] VGC 2025 Reg I
|rated|
|rule|Species Clause: Limit one of each Pokémon
|rule|Item Clause: Limit 1 of each item
|clearpoke
|poke|p1|Zoroark-Hisui, L50, F|
|poke|p1|Dialga-Origin, L50|
|poke|p1|Calyrex-Ice, L50|
|poke|p1|Incineroar, L50, F|
|poke|p1|Ursaluna, L50, M|
|poke|p1|Ogerpon-Wellspring, L50, F|
|poke|p2|Terapagos, L50, M|
|poke|p2|Calyrex-Shadow, L50|
|poke|p2|Amoonguss, L50, M|
|poke|p2|Rillaboom, L50, F|
|poke|p2|Incineroar, L50, F|
|poke|p2|Flutter Mane, L50|
|teampreview|4
|inactive|Battle timer is ON: inactive players will automatically lose when time's up. (requested by mums lover)
|
|t:|1750834648
|start
|switch|p1a: Dialga|Dialga-Origin, L50|100/100
|switch|p1b: Calyrex|Calyrex-Ice, L50|100/100
|switch|p2a: Flutter Mane|Flutter Mane, L50|100/100
|switch|p2b: Incineroar|Incineroar, L50, F|100/100
|-ability|p1b: Calyrex|As One
|-ability|p1b: Calyrex|Unnerve
|-ability|p2b: Incineroar|Intimidate|boost
|-unboost|p1a: Dialga|atk|1
|-fail|p1b: Calyrex|unboost|[from] item: Clear Amulet|[of] p1b: Calyrex
|-enditem|p2a: Flutter Mane|Booster Energy
|-activate|p2a: Flutter Mane|ability: Protosynthesis|[fromitem]
|-start|p2a: Flutter Mane|protosynthesisspe
|turn|1
|
|t:|1750834658
|-terastallize|p1b: Calyrex|Dragon
|move|p2b: Incineroar|Fake Out|p1a: Dialga
|-immune|p1a: Dialga
|move|p2a: Flutter Mane|Taunt|p1b: Calyrex
|-start|p1b: Calyrex|move: Taunt
|move|p1a: Dialga|Bitter Malice|p2a: Flutter Mane
|-supereffective|p2a: Flutter Mane
|-damage|p2a: Flutter Mane|22/100
|-unboost|p2a: Flutter Mane|atk|1
|cant|p1b: Calyrex|move: Taunt|Trick Room
|
|upkeep
|turn|2
|inactive|minhquang1408 has 30 seconds left.
|
|t:|1750834689
|switch|p1b: Ursaluna|Ursaluna, L50, M|100/100
|move|p2a: Flutter Mane|Icy Wind|p1a: Dialga|[spread] p1a
|-miss|p2a: Flutter Mane|p1b: Ursaluna
|-damage|p1a: Dialga|68/100
|-unboost|p1a: Dialga|spe|1
|replace|p1a: Zoroark|Zoroark-Hisui, L50, F
|-end|p1a: Zoroark|Illusion
|move|p1a: Zoroark|Bitter Malice|p2a: Flutter Mane
|-supereffective|p2a: Flutter Mane
|-damage|p2a: Flutter Mane|0 fnt
|faint|p2a: Flutter Mane
|-end|p2a: Flutter Mane|Protosynthesis|[silent]
|move|p2b: Incineroar|Will-O-Wisp|p1b: Ursaluna
|-status|p1b: Ursaluna|brn
|
|-damage|p1b: Ursaluna|95/100 brn|[from] brn
|upkeep
|
|t:|1750834701
|switch|p2a: Terapagos|Terapagos, L50, M|100/100
|-activate|p2a: Terapagos|ability: Tera Shift
|detailschange|p2a: Terapagos|Terapagos-Terastal, L50, M
|-heal|p2a: Terapagos|100/100|[silent]
|turn|3
|
|t:|1750834714
|move|p2a: Terapagos|Protect|p2a: Terapagos
|-singleturn|p2a: Terapagos|Protect
|move|p1a: Zoroark|Burning Jealousy|p2a: Terapagos|[spread] p2b
|-activate|p2a: Terapagos|move: Protect
|-resisted|p2b: Incineroar
|-damage|p2b: Incineroar|94/100
|move|p2b: Incineroar|Flare Blitz|p1b: Ursaluna
|-crit|p1b: Ursaluna
|-damage|p1b: Ursaluna|38/100 brn
|-damage|p2b: Incineroar|74/100|[from] Recoil
|move|p1b: Ursaluna|Facade|p2b: Incineroar
|-damage|p2b: Incineroar|0 fnt
|faint|p2b: Incineroar
|
|-damage|p1b: Ursaluna|32/100 brn|[from] brn
|upkeep
|
|t:|1750834722
|switch|p2b: Amoonguss|Amoonguss, L50, M|100/100
|turn|4
|inactive|minhquang1408 has 30 seconds left.
|
|t:|1750834749
|move|p1a: Zoroark|Hyper Voice|p2b: Amoonguss|[spread] p2a,p2b
|-activate|p2a: Terapagos|ability: Tera Shell
|-resisted|p2a: Terapagos
|-damage|p2a: Terapagos|87/100
|-damage|p2b: Amoonguss|66/100
|move|p2a: Terapagos|Tera Starstorm|p1b: Ursaluna
|-damage|p1b: Ursaluna|0 fnt
|faint|p1b: Ursaluna
|move|p2b: Amoonguss|Pollen Puff|p2a: Terapagos
|-heal|p2a: Terapagos|100/100
|
|upkeep
|
|t:|1750834762
|switch|p1b: Calyrex|Calyrex-Ice, L50, tera:Dragon|100/100
|-ability|p1b: Calyrex|As One
|-ability|p1b: Calyrex|Unnerve
|turn|5
|
|t:|1750834772
|-terastallize|p2a: Terapagos|Stellar
|detailschange|p2a: Terapagos|Terapagos-Stellar, L50, M, tera:Stellar
|-heal|p2a: Terapagos|100/100|[silent]
|move|p2b: Amoonguss|Protect|p2b: Amoonguss
|-singleturn|p2b: Amoonguss|Protect
|move|p1a: Zoroark|Hyper Voice|p2a: Terapagos|[spread] p2a
|-activate|p2b: Amoonguss|move: Protect
|-damage|p2a: Terapagos|77/100
|move|p2a: Terapagos|Tera Starstorm|p1b: Calyrex|[spread] p1a,p1b
|-supereffective|p1b: Calyrex
|-damage|p1a: Zoroark|0 fnt
|-damage|p1b: Calyrex|55/100
|faint|p1a: Zoroark
|move|p1b: Calyrex|Glacial Lance|p2a: Terapagos|[spread] p2a
|-activate|p2b: Amoonguss|move: Protect
|-damage|p2a: Terapagos|50/100
|
|-heal|p2a: Terapagos|57/100|[from] item: Leftovers
|upkeep
|
|t:|1750834774
|switch|p1a: Dialga|Dialga-Origin, L50|100/100
|turn|6
|
|t:|1750834799
|move|p1b: Calyrex|Protect|p1b: Calyrex
|-singleturn|p1b: Calyrex|Protect
|move|p2b: Amoonguss|Rage Powder|p2b: Amoonguss
|-singleturn|p2b: Amoonguss|move: Rage Powder
|move|p2a: Terapagos|Tera Starstorm|p1b: Calyrex|[spread] p1a
|-activate|p1b: Calyrex|move: Protect
|-damage|p1a: Dialga|74/100
|move|p1a: Dialga|Trick Room|p1a: Dialga
|-fieldstart|move: Trick Room|[of] p1a: Dialga
|
|-heal|p2a: Terapagos|63/100|[from] item: Leftovers
|upkeep
|turn|7
|
|t:|1750834813
|move|p2a: Terapagos|Protect|p2a: Terapagos
|-singleturn|p2a: Terapagos|Protect
|move|p2b: Amoonguss|Spore|p1b: Calyrex
|-status|p1b: Calyrex|slp|[from] move: Spore
|cant|p1b: Calyrex|slp
|move|p1a: Dialga|Flash Cannon|p2a: Terapagos
|-activate|p2a: Terapagos|move: Protect
|
|-heal|p2a: Terapagos|69/100|[from] item: Leftovers
|upkeep
|turn|8
|
|t:|1750834821
|move|p2b: Amoonguss|Rage Powder|p2b: Amoonguss
|-singleturn|p2b: Amoonguss|move: Rage Powder
|cant|p1b: Calyrex|slp
|move|p1a: Dialga|Flash Cannon|p2b: Amoonguss
|-damage|p2b: Amoonguss|4/100
|move|p2a: Terapagos|Tera Starstorm|p1a: Dialga|[spread] p1a,p1b
|-supereffective|p1b: Calyrex
|-damage|p1a: Dialga|49/100
|-damage|p1b: Calyrex|15/100 slp
|
|-heal|p2a: Terapagos|75/100|[from] item: Leftovers
|upkeep
|turn|9
|
|t:|1750834833
|move|p2b: Amoonguss|Rage Powder|p2b: Amoonguss
|-singleturn|p2b: Amoonguss|move: Rage Powder
|cant|p1b: Calyrex|slp
|move|p1a: Dialga|Flash Cannon|p2b: Amoonguss
|-damage|p2b: Amoonguss|0 fnt
|faint|p2b: Amoonguss
|move|p2a: Terapagos|Tera Starstorm|p1a: Dialga|[spread] p1a,p1b
|-supereffective|p1b: Calyrex
|-damage|p1a: Dialga|24/100
|-damage|p1b: Calyrex|0 fnt
|faint|p1b: Calyrex
|
|-heal|p2a: Terapagos|81/100|[from] item: Leftovers
|upkeep
|turn|10
|
|t:|1750834843
|move|p2a: Terapagos|Protect|p2a: Terapagos
|-singleturn|p2a: Terapagos|Protect
|move|p1a: Dialga|Draco Meteor|p2a: Terapagos
|-activate|p2a: Terapagos|move: Protect
|
|-heal|p2a: Terapagos|88/100|[from] item: Leftovers
|-fieldend|move: Trick Room
|upkeep
|turn|11
|
|t:|1750834846
|move|p2a: Terapagos|Earth Power|p1a: Dialga
|-supereffective|p1a: Dialga
|-damage|p1a: Dialga|0 fnt
|faint|p1a: Dialga
|
|win|minhquang1408
|raw|mums lover's rating: 1302 &rarr; <strong>1287</strong><br />(-15 for losing)
|raw|minhquang1408's rating: 1384 &rarr; <strong>1399</strong><br />(+15 for winning)
|l|☆mums lover
|player|p1|
|l|☆minhquang1408
|player|p2|
