|j|☆Jack Adamstim
|j|☆Typostyty
|t:|1750735353
|gametype|doubles
|player|p1|Jack Adamstim|wallace|1563
|player|p2|Typostyty|2|1582
|teamsize|p1|6
|teamsize|p2|6
|gen|9
|tier|[Gen 9] VGC 2025 Reg I
|rated|
|rule|Species Clause: Limit one of each Pokémon
|rule|Item Clause: Limit 1 of each item
|clearpoke
|poke|p1|Calyrex-Shadow, L50|
|poke|p1|Zamazenta-*, L50|
|poke|p1|Incineroar, L50, M|
|poke|p1|Whimsicott, L50, M|
|poke|p1|Raging Bolt, L50|
|poke|p1|Rillaboom, L50, F|
|poke|p2|Calyrex-Ice, L50|
|poke|p2|Groudon, L50|
|poke|p2|Indeedee-F, L50, F|
|poke|p2|Armarouge, L50, F|
|poke|p2|Lilligant-Hisui, L50, F|
|poke|p2|Garganacl, L50, F|
|teampreview|4
|j| teddyster
|
|t:|1750735422
|start
|switch|p1a: Raging Bolt|Raging Bolt, L50|100/100
|switch|p1b: Calyrex|Calyrex-Shadow, L50|100/100
|switch|p2a: Garganacl|Garganacl, L50, F|100/100
|switch|p2b: Calyrex|Calyrex-Ice, L50|100/100
|-ability|p1b: Calyrex|As One
|-ability|p1b: Calyrex|Unnerve
|-ability|p2b: Calyrex|As One
|-ability|p2b: Calyrex|Unnerve
|turn|1
|
|t:|1750735438
|-terastallize|p1a: Raging Bolt|Electric
|move|p2a: Garganacl|Wide Guard|p2a: Garganacl
|-singleturn|p2a: Garganacl|Wide Guard
|move|p1b: Calyrex|Astral Barrage|p2b: Calyrex|[spread] 
|-activate|p2a: Garganacl|move: Wide Guard
|-activate|p2b: Calyrex|move: Wide Guard
|move|p1a: Raging Bolt|Thunderbolt|p2a: Garganacl
|-damage|p2a: Garganacl|43/100
|move|p2b: Calyrex|Trick Room|p2b: Calyrex
|-fieldstart|move: Trick Room|[of] p2b: Calyrex
|
|-heal|p2a: Garganacl|48/100|[from] item: Leftovers
|upkeep
|turn|2
|
|t:|1750735495
|switch|p1b: Zamazenta|Zamazenta-Crowned, L50|100/100
|-ability|p1b: Zamazenta|Dauntless Shield|boost
|-boost|p1b: Zamazenta|def|1
|move|p2a: Garganacl|Protect||[still]
|-fail|p2a: Garganacl
|move|p2b: Calyrex|Glacial Lance|p1b: Zamazenta|[spread] p1a,p1b
|-resisted|p1b: Zamazenta
|-damage|p1a: Raging Bolt|53/100
|-damage|p1b: Zamazenta|89/100
|move|p1a: Raging Bolt|Thunderbolt|p2a: Garganacl
|-crit|p2a: Garganacl
|-damage|p2a: Garganacl|0 fnt
|faint|p2a: Garganacl
|
|upkeep
|
|t:|1750735519
|switch|p2a: Armarouge|Armarouge, L50, F|100/100
|turn|3
|
|t:|1750735534
|move|p1a: Raging Bolt|Protect|p1a: Raging Bolt
|-singleturn|p1a: Raging Bolt|Protect
|move|p1b: Zamazenta|Protect|p1b: Zamazenta
|-singleturn|p1b: Zamazenta|Protect
|move|p2b: Calyrex|Icicle Crash|p1a: Raging Bolt
|-activate|p1a: Raging Bolt|move: Protect
|move|p2a: Armarouge|Armor Cannon|p1b: Zamazenta
|-activate|p1b: Zamazenta|move: Protect
|
|upkeep
|turn|4
|
|t:|1750735576
|switch|p1b: Calyrex|Calyrex-Shadow, L50|100/100
|-ability|p1b: Calyrex|As One
|-ability|p1b: Calyrex|Unnerve
|move|p2b: Calyrex|Glacial Lance|p1a: Raging Bolt|[spread] p1a,p1b
|-damage|p1a: Raging Bolt|7/100
|-damage|p1b: Calyrex|27/100
|move|p2a: Armarouge|Armor Cannon|p1b: Calyrex
|-damage|p1b: Calyrex|0 fnt
|-unboost|p2a: Armarouge|def|1
|-unboost|p2a: Armarouge|spd|1
|faint|p1b: Calyrex
|move|p1a: Raging Bolt|Thunderbolt|p2b: Calyrex
|-damage|p2b: Calyrex|51/100
|
|upkeep
|
|t:|1750735591
|switch|p1b: Zamazenta|Zamazenta-Crowned, L50|89/100
|turn|5
|
|t:|1750735617
|switch|p2a: Indeedee|Indeedee-F, L50, F|100/100
|-fieldstart|move: Psychic Terrain|[from] ability: Psychic Surge|[of] p2a: Indeedee
|-enditem|p2b: Calyrex|Psychic Seed
|-boost|p2b: Calyrex|spd|1|[from] item: Psychic Seed
|move|p1a: Raging Bolt|Protect|p1a: Raging Bolt
|-singleturn|p1a: Raging Bolt|Protect
|move|p1b: Zamazenta|Protect|p1b: Zamazenta
|-singleturn|p1b: Zamazenta|Protect
|move|p2b: Calyrex|Icicle Crash|p1a: Raging Bolt
|-activate|p1a: Raging Bolt|move: Protect
|
|-fieldend|move: Trick Room
|upkeep
|turn|6
|
|t:|1750735632
|move|p2a: Indeedee|Follow Me|p2a: Indeedee
|-singleturn|p2a: Indeedee|move: Follow Me
|move|p1b: Zamazenta|Body Press|p2a: Indeedee
|-damage|p2a: Indeedee|58/100
|move|p1a: Raging Bolt|Thunderbolt|p2a: Indeedee
|-crit|p2a: Indeedee
|-damage|p2a: Indeedee|0 fnt
|faint|p2a: Indeedee
|move|p2b: Calyrex|Trick Room|p2b: Calyrex
|-fieldstart|move: Trick Room|[of] p2b: Calyrex
|
|upkeep
|
|t:|1750735642
|switch|p2a: Armarouge|Armarouge, L50, F|100/100
|turn|7
|j| falafel hunk chunk
|
|t:|1750735669
|-end|p1a: Raging Bolt|Protosynthesis|[silent]
|switch|p1a: Rillaboom|Rillaboom, L50, F, shiny|100/100
|-fieldstart|move: Grassy Terrain|[from] ability: Grassy Surge|[of] p1a: Rillaboom
|move|p1b: Zamazenta|Protect|p1b: Zamazenta
|-singleturn|p1b: Zamazenta|Protect
|move|p2b: Calyrex|Icicle Crash|p1a: Rillaboom
|-supereffective|p1a: Rillaboom
|-damage|p1a: Rillaboom|0 fnt
|faint|p1a: Rillaboom
|-ability|p2b: Calyrex|Chilling Neigh|boost
|-boost|p2b: Calyrex|atk|1
|move|p2a: Armarouge|Armor Cannon|p1b: Zamazenta
|-activate|p1b: Zamazenta|move: Protect
|
|-heal|p2b: Calyrex|57/100|[from] Grassy Terrain
|-heal|p1b: Zamazenta|95/100|[from] Grassy Terrain
|upkeep
|
|t:|1750735671
|switch|p1a: Raging Bolt|Raging Bolt, L50, tera:Electric|7/100
|turn|8
|
|t:|1750735700
|move|p1a: Raging Bolt|Thunderclap|p2a: Armarouge
|-damage|p2a: Armarouge|30/100
|move|p2b: Calyrex|Icicle Crash|p1a: Raging Bolt|[miss]
|-miss|p2b: Calyrex|p1a: Raging Bolt
|move|p2a: Armarouge|Armor Cannon|p1b: Zamazenta
|-supereffective|p1b: Zamazenta
|-damage|p1b: Zamazenta|2/100
|-unboost|p2a: Armarouge|def|1
|-unboost|p2a: Armarouge|spd|1
|move|p1b: Zamazenta|Body Press|p2b: Calyrex
|-damage|p2b: Calyrex|29/100
|
|-heal|p2b: Calyrex|35/100|[from] Grassy Terrain
|-heal|p2a: Armarouge|36/100|[from] Grassy Terrain
|-heal|p1a: Raging Bolt|13/100|[from] Grassy Terrain
|-heal|p1b: Zamazenta|8/100|[from] Grassy Terrain
|upkeep
|turn|9
|
|t:|1750735744
|move|p1a: Raging Bolt|Protect|p1a: Raging Bolt
|-singleturn|p1a: Raging Bolt|Protect
|move|p1b: Zamazenta|Protect|p1b: Zamazenta
|-singleturn|p1b: Zamazenta|Protect
|move|p2b: Calyrex|Glacial Lance|p1b: Zamazenta|[spread] 
|-activate|p1a: Raging Bolt|move: Protect
|-activate|p1b: Zamazenta|move: Protect
|move|p2a: Armarouge|Armor Cannon|p1a: Raging Bolt
|-activate|p1a: Raging Bolt|move: Protect
|
|-heal|p2b: Calyrex|41/100|[from] Grassy Terrain
|-heal|p2a: Armarouge|42/100|[from] Grassy Terrain
|-heal|p1a: Raging Bolt|19/100|[from] Grassy Terrain
|-heal|p1b: Zamazenta|14/100|[from] Grassy Terrain
|upkeep
|turn|10
|j| mandorhndhookcrdor
|
|t:|1750735782
|move|p1b: Zamazenta|Wide Guard|p1b: Zamazenta
|-singleturn|p1b: Zamazenta|Wide Guard
|move|p1a: Raging Bolt|Thunderclap|p2a: Armarouge
|-damage|p2a: Armarouge|0 fnt
|faint|p2a: Armarouge
|move|p2b: Calyrex|Icicle Crash|p1b: Zamazenta|[miss]
|-miss|p2b: Calyrex|p1b: Zamazenta
|
|-heal|p2b: Calyrex|47/100|[from] Grassy Terrain
|-heal|p1a: Raging Bolt|25/100|[from] Grassy Terrain
|-heal|p1b: Zamazenta|20/100|[from] Grassy Terrain
|-fieldend|move: Trick Room
|upkeep
|turn|11
|c|☆Typostyty|brother
|l| falafel hunk chunk
|
|t:|1750735801
|move|p2b: Calyrex|Protect|p2b: Calyrex
|-singleturn|p2b: Calyrex|Protect
|move|p1b: Zamazenta|Body Press|p2b: Calyrex
|-activate|p2b: Calyrex|move: Protect
|move|p1a: Raging Bolt|Thunderbolt|p2b: Calyrex
|-activate|p2b: Calyrex|move: Protect
|
|-heal|p1b: Zamazenta|26/100|[from] Grassy Terrain
|-heal|p1a: Raging Bolt|31/100|[from] Grassy Terrain
|-heal|p2b: Calyrex|53/100|[from] Grassy Terrain
|-fieldend|move: Grassy Terrain
|upkeep
|turn|12
|
|t:|1750735818
|move|p1b: Zamazenta|Wide Guard|p1b: Zamazenta
|-singleturn|p1b: Zamazenta|Wide Guard
|move|p1a: Raging Bolt|Thunderbolt|p2b: Calyrex
|-damage|p2b: Calyrex|16/100
|move|p2b: Calyrex|Glacial Lance|p1b: Zamazenta|[spread] 
|-activate|p1a: Raging Bolt|move: Wide Guard
|-activate|p1b: Zamazenta|move: Wide Guard
|
|upkeep
|turn|13
|-message|Typostyty forfeited.
|
|win|Jack Adamstim
|raw|Jack Adamstim's rating: 1563 &rarr; <strong>1584</strong><br />(+21 for winning)
|raw|Typostyty's rating: 1582 &rarr; <strong>1561</strong><br />(-21 for losing)
|l|☆Typostyty
|player|p2|
|l| teddyster
|l|☆Jack Adamstim
|player|p1|
|l| mandorhndhookcrdor
