|j|☆Somie
|j|☆caprican
|t:|1750821138
|gametype|doubles
|player|p1|Somie|marnie|1455
|player|p2|caprican|skyla|1442
|teamsize|p1|6
|teamsize|p2|6
|gen|9
|tier|[Gen 9] VGC 2025 Reg I
|rated|
|rule|Species Clause: Limit one of each Pokémon
|rule|Item Clause: Limit 1 of each item
|clearpoke
|poke|p1|Whimsicott, L50, F|
|poke|p1|Miraidon, L50|
|poke|p1|Farigiraf, L50, M|
|poke|p1|Iron Crown, L50|
|poke|p1|Ho-Oh, L50|
|poke|p1|Sneasler, L50, F|
|poke|p2|Miraidon, L50|
|poke|p2|Calyrex-Ice, L50|
|poke|p2|Incineroar, L50, F|
|poke|p2|Iron Hands, L50|
|poke|p2|Farigiraf, L50, F|
|poke|p2|Iron Treads, L50|
|teampreview|4
|inactive|Battle timer is ON: inactive players will automatically lose when time's up. (requested by Somie)
|inactive|Somie has 60 seconds left.
|inactive|caprican has 60 seconds left.
|
|t:|1750821173
|start
|switch|p1a: Iron Crown|Iron Crown, L50|100/100
|switch|p1b: Farigiraf|Farigiraf, L50, M|100/100
|switch|p2a: THE DON|Miraidon, L50|100/100
|switch|p2b: MEOW|Incineroar, L50, F, shiny|100/100
|-fieldstart|move: Electric Terrain|[from] ability: Hadron Engine|[of] p2a: THE DON
|-activate|p1a: Iron Crown|ability: Quark Drive
|-start|p1a: Iron Crown|quarkdrivespe
|-enditem|p1b: Farigiraf|Electric Seed
|-boost|p1b: Farigiraf|def|1|[from] item: Electric Seed
|-ability|p2b: MEOW|Intimidate|boost
|-unboost|p1a: Iron Crown|atk|1
|-unboost|p1b: Farigiraf|atk|1
|turn|1
|inactive|caprican has 30 seconds left.
|
|t:|1750821204
|-terastallize|p1a: Iron Crown|Ground
|move|p1a: Iron Crown|Tera Blast|p2a: THE DON|[anim] Tera Blast Ground
|-supereffective|p2a: THE DON
|-damage|p2a: THE DON|28/100
|-damage|p1a: Iron Crown|91/100|[from] item: Life Orb
|move|p2a: THE DON|Volt Switch|p1a: Iron Crown
|-immune|p1a: Iron Crown
|move|p1b: Farigiraf|Foul Play|p2a: THE DON
|-damage|p2a: THE DON|13/100
|move|p2b: MEOW|Knock Off|p1a: Iron Crown
|-damage|p1a: Iron Crown|52/100
|-enditem|p1a: Iron Crown|Life Orb|[from] move: Knock Off|[of] p2b: MEOW
|
|upkeep
|turn|2
|inactive|Somie has 30 seconds left.
|
|t:|1750821231
|switch|p2a: TERA ICE|Calyrex-Ice, L50|100/100
|-ability|p2a: TERA ICE|As One
|-ability|p2a: TERA ICE|Unnerve
|move|p1a: Iron Crown|Tera Blast|p2b: MEOW|[anim] Tera Blast Ground
|-supereffective|p2b: MEOW
|-damage|p2b: MEOW|29/100
|move|p1b: Farigiraf|Psychic Noise|p2a: TERA ICE
|-resisted|p2a: TERA ICE
|-damage|p2a: TERA ICE|90/100
|-start|p2a: TERA ICE|move: Heal Block
|move|p2b: MEOW|Parting Shot|p1b: Farigiraf
|-unboost|p1b: Farigiraf|atk|1
|-unboost|p1b: Farigiraf|spa|1
|c|☆caprican|Bo1 ass sets
|
|t:|1750821247
|switch|p2b: ROLL TIDE|Iron Treads, L50|100/100|[from] Parting Shot
|-activate|p2b: ROLL TIDE|ability: Quark Drive
|-start|p2b: ROLL TIDE|quarkdrivespe
|
|upkeep
|turn|3
|
|t:|1750821269
|move|p2b: ROLL TIDE|Steel Roller|p1a: Iron Crown
|-damage|p1a: Iron Crown|0 fnt
|-fieldend|move: Electric Terrain
|-end|p2b: ROLL TIDE|Quark Drive
|faint|p1a: Iron Crown
|-end|p1a: Iron Crown|Quark Drive|[silent]
|-damage|p2b: ROLL TIDE|91/100|[from] item: Life Orb
|move|p1b: Farigiraf|Imprison|p1b: Farigiraf
|-start|p1b: Farigiraf|move: Imprison
|cant|p2a: TERA ICE|move: Imprison|Trick Room
|
|-end|p2a: TERA ICE|move: Heal Block
|upkeep
|
|t:|1750821279
|switch|p1a: Ho-Oh|Ho-Oh, L50, shiny|100/100
|turn|4
|c|☆caprican|no helping hand?
|c|☆caprican|lmao
|c|☆caprican|ok
|inactive|caprican has 30 seconds left.
|inactive|caprican has 20 seconds left.
|
|t:|1750821314
|-end|p2b: ROLL TIDE|Quark Drive|[silent]
|switch|p2b: MEOW|Incineroar, L50, F, shiny|29/100
|-ability|p2b: MEOW|Intimidate|boost
|-fail|p1a: Ho-Oh|unboost|[from] item: Clear Amulet|[of] p1a: Ho-Oh
|-unboost|p1b: Farigiraf|atk|1
|move|p2a: TERA ICE|Protect|p2a: TERA ICE
|-singleturn|p2a: TERA ICE|Protect
|move|p1a: Ho-Oh|Sacred Fire|p2b: MEOW
|-resisted|p2b: MEOW
|-damage|p2b: MEOW|8/100
|move|p1b: Farigiraf|Psychic Noise|p2a: TERA ICE
|-activate|p2a: TERA ICE|move: Protect
|
|upkeep
|turn|5
|inactive|caprican has 30 seconds left.
|inactive|caprican has 20 seconds left.
|
|t:|1750821358
|-terastallize|p2a: TERA ICE|Fire
|move|p1a: Ho-Oh|Sacred Fire|p2a: TERA ICE
|-resisted|p2a: TERA ICE
|-damage|p2a: TERA ICE|73/100
|move|p1b: Farigiraf|Psychic Noise|p2a: TERA ICE
|-damage|p2a: TERA ICE|58/100
|-start|p2a: TERA ICE|move: Heal Block
|move|p2b: MEOW|Knock Off|p1a: Ho-Oh
|-crit|p1a: Ho-Oh
|-damage|p1a: Ho-Oh|46/100
|-enditem|p1a: Ho-Oh|Clear Amulet|[from] move: Knock Off|[of] p2b: MEOW
|move|p2a: TERA ICE|Glacial Lance|p1a: Ho-Oh|[spread] p1a,p1b
|-crit|p1a: Ho-Oh
|-damage|p1a: Ho-Oh|0 fnt
|-damage|p1b: Farigiraf|67/100
|faint|p1a: Ho-Oh
|-ability|p2a: TERA ICE|Chilling Neigh|boost
|-boost|p2a: TERA ICE|atk|1
|
|upkeep
|
|t:|1750821361
|switch|p1a: Miraidon|Miraidon, L50|100/100
|-fieldstart|move: Electric Terrain|[from] ability: Hadron Engine|[of] p1a: Miraidon
|turn|6
|inactive|caprican has 30 seconds left.
|
|t:|1750821392
|move|p2a: TERA ICE|Protect|p2a: TERA ICE
|-singleturn|p2a: TERA ICE|Protect
|move|p1a: Miraidon|Electro Drift|p2a: TERA ICE
|-activate|p2a: TERA ICE|move: Protect
|move|p1b: Farigiraf|Foul Play|p2b: MEOW
|-resisted|p2b: MEOW
|-damage|p2b: MEOW|0 fnt
|-damage|p1b: Farigiraf|50/100|[from] item: Rocky Helmet|[of] p2b: MEOW
|faint|p2b: MEOW
|
|-end|p2a: TERA ICE|move: Heal Block
|upkeep
|
|t:|1750821405
|switch|p2b: ROLL TIDE|Iron Treads, L50|91/100
|-activate|p2b: ROLL TIDE|ability: Quark Drive
|-start|p2b: ROLL TIDE|quarkdrivespe
|turn|7
|
|t:|1750821415
|switch|p2a: THE DON|Miraidon, L50|13/100
|-activate|p2a: THE DON|ability: Hadron Engine
|move|p2b: ROLL TIDE|Protect|p2b: ROLL TIDE
|-singleturn|p2b: ROLL TIDE|Protect
|move|p1a: Miraidon|Electro Drift|p2a: THE DON
|-resisted|p2a: THE DON
|-damage|p2a: THE DON|0 fnt
|faint|p2a: THE DON
|move|p1b: Farigiraf|Foul Play|p2b: ROLL TIDE
|-activate|p2b: ROLL TIDE|move: Protect
|
|upkeep
|
|t:|1750821427
|switch|p2a: TERA ICE|Calyrex-Ice, L50, tera:Fire|58/100
|-ability|p2a: TERA ICE|As One
|-ability|p2a: TERA ICE|Unnerve
|turn|8
|
|t:|1750821437
|move|p2a: TERA ICE|Protect|p2a: TERA ICE
|-singleturn|p2a: TERA ICE|Protect
|move|p2b: ROLL TIDE|High Horsepower|p1a: Miraidon
|-supereffective|p1a: Miraidon
|-damage|p1a: Miraidon|0 fnt
|faint|p1a: Miraidon
|-damage|p2b: ROLL TIDE|81/100|[from] item: Life Orb
|move|p1b: Farigiraf|Foul Play|p2b: ROLL TIDE
|-damage|p2b: ROLL TIDE|55/100
|
|upkeep
|turn|9
|
|t:|1750821448
|move|p2b: ROLL TIDE|Steel Roller|p1b: Farigiraf
|-damage|p1b: Farigiraf|5/100
|-fieldend|move: Electric Terrain
|-end|p2b: ROLL TIDE|Quark Drive
|-damage|p2b: ROLL TIDE|45/100|[from] item: Life Orb
|move|p1b: Farigiraf|Foul Play|p2b: ROLL TIDE
|-damage|p2b: ROLL TIDE|19/100
|move|p2a: TERA ICE|Glacial Lance|p1b: Farigiraf
|-damage|p1b: Farigiraf|0 fnt
|faint|p1b: Farigiraf
|
|win|caprican
|raw|Somie's rating: 1455 &rarr; <strong>1434</strong><br />(-21 for losing)
|raw|caprican's rating: 1442 &rarr; <strong>1463</strong><br />(+21 for winning)
|l|☆caprican
|player|p2|
|c|☆Somie|gg, I don't remember asking about my set love
|l|☆Somie
|player|p1|
