|j|☆sunnypp
|j|☆v4valentin3
|t:|1750776718
|gametype|doubles
|player|p1|sunnypp|arven-s|1541
|player|p2|v4valentin3|swimmerf|1528
|teamsize|p1|6
|teamsize|p2|6
|gen|9
|tier|[Gen 9] VGC 2025 Reg I
|rated|
|rule|Species Clause: Limit one of each Pokémon
|rule|Item Clause: Limit 1 of each item
|clearpoke
|poke|p1|Koraidon, L50|
|poke|p1|Groudon, L50|
|poke|p1|Hariyama, L50, M|
|poke|p1|Chien-Pao, L50|
|poke|p1|Flutter Mane, L50|
|poke|p1|Ogerpon-Cornerstone, L50, F|
|poke|p2|Calyrex-Ice, L50|
|poke|p2|Miraidon, L50|
|poke|p2|Sableye, L50, F|
|poke|p2|Volcarona, L50, F|
|poke|p2|Iron Treads, L50|
|poke|p2|Incineroar, L50, F|
|teampreview|4
|inactive|Battle timer is ON: inactive players will automatically lose when time's up. (requested by v4valentin3)
|inactive|sunnypp also wants the timer to be on.
|
|t:|1750776738
|start
|switch|p1a: Koraidon|Koraidon, L50|100/100
|switch|p1b: Flutter Mane|Flutter Mane, L50|100/100
|switch|p2a: Volcarona|Volcarona, L50, F, shiny|100/100
|switch|p2b: Miraidon|Miraidon, L50|100/100
|-weather|SunnyDay|[from] ability: Orichalcum Pulse|[of] p1a: Koraidon
|-activate|p1b: Flutter Mane|ability: Protosynthesis
|-start|p1b: Flutter Mane|protosynthesisspe
|-activate|p1a: Koraidon|Orichalcum Pulse|[source]
|-fieldstart|move: Electric Terrain|[from] ability: Hadron Engine|[of] p2b: Miraidon
|-enditem|p2a: Volcarona|Electric Seed
|-boost|p2a: Volcarona|def|1|[from] item: Electric Seed
|turn|1
|inactive|sunnypp has 30 seconds left.
|
|t:|1750776770
|-terastallize|p1a: Koraidon|Fire
|move|p1b: Flutter Mane|Moonblast|p2b: Miraidon
|-supereffective|p2b: Miraidon
|-damage|p2b: Miraidon|39/100
|move|p1a: Koraidon|Flame Charge|p2b: Miraidon
|-resisted|p2b: Miraidon
|-damage|p2b: Miraidon|7/100
|-boost|p1a: Koraidon|spe|1
|move|p2b: Miraidon|Volt Switch|p1b: Flutter Mane
|-damage|p1b: Flutter Mane|40/100
|
|t:|1750776785
|switch|p2b: Calyrex|Calyrex-Ice, L50|100/100|[from] Volt Switch
|-ability|p2b: Calyrex|As One
|-ability|p2b: Calyrex|Unnerve
|move|p2a: Volcarona|Quiver Dance|p2a: Volcarona
|-boost|p2a: Volcarona|spa|1
|-boost|p2a: Volcarona|spd|1
|-boost|p2a: Volcarona|spe|1
|
|-weather|SunnyDay|[upkeep]
|upkeep
|turn|2
|inactive|v4valentin3 has 30 seconds left.
|inactive|v4valentin3 has 20 seconds left.
|
|t:|1750776824
|-end|p1b: Flutter Mane|Protosynthesis|[silent]
|switch|p1b: Hariyama|Hariyama, L50, M|100/100
|-terastallize|p2b: Calyrex|Fire
|move|p1a: Koraidon|Flare Blitz|p2a: Volcarona
|-damage|p2a: Volcarona|0 fnt
|faint|p2a: Volcarona
|-damage|p1a: Koraidon|72/100|[from] Recoil
|move|p2b: Calyrex|Trick Room|p2b: Calyrex
|-fieldstart|move: Trick Room|[of] p2b: Calyrex
|
|-weather|SunnyDay|[upkeep]
|upkeep
|
|t:|1750776837
|switch|p2a: Sableye|Sableye, L50, F|100/100
|turn|3
|
|t:|1750776841
|move|p1a: Koraidon|Protect|p1a: Koraidon
|-singleturn|p1a: Koraidon|Protect
|move|p2b: Calyrex|Glacial Lance|p1a: Koraidon|[spread] p1b
|-activate|p1a: Koraidon|move: Protect
|-damage|p1b: Hariyama|69/100
|move|p1b: Hariyama|Coaching|p1a: Koraidon
|-boost|p1a: Koraidon|atk|1
|-boost|p1a: Koraidon|def|1
|move|p2a: Sableye|Foul Play|p1a: Koraidon
|-activate|p1a: Koraidon|move: Protect
|
|-weather|SunnyDay|[upkeep]
|upkeep
|turn|4
|
|t:|1750776858
|move|p1b: Hariyama|Wide Guard|p1b: Hariyama
|-singleturn|p1b: Hariyama|Wide Guard
|move|p2b: Calyrex|Leech Seed|p1a: Koraidon
|-start|p1a: Koraidon|move: Leech Seed
|move|p2a: Sableye|Foul Play|p1a: Koraidon
|-damage|p1a: Koraidon|26/100
|move|p1a: Koraidon|Collision Course|p2b: Calyrex
|-damage|p2b: Calyrex|38/100
|
|-weather|SunnyDay|[upkeep]
|-damage|p1a: Koraidon|14/100|[from] Leech Seed|[of] p2b: Calyrex
|-heal|p2b: Calyrex|49/100|[silent]
|upkeep
|turn|5
|inactive|sunnypp has 30 seconds left.
|
|t:|1750776883
|move|p2b: Calyrex|Glacial Lance|p1a: Koraidon|[spread] p1a,p1b
|-resisted|p1a: Koraidon
|-damage|p1a: Koraidon|0 fnt
|-damage|p1b: Hariyama|42/100
|faint|p1a: Koraidon
|-ability|p2b: Calyrex|Chilling Neigh|boost
|-boost|p2b: Calyrex|atk|1
|move|p1b: Hariyama|Knock Off|p2a: Sableye
|-damage|p2a: Sableye|62/100
|-enditem|p2a: Sableye|Focus Sash|[from] move: Knock Off|[of] p1b: Hariyama
|move|p2a: Sableye|Foul Play|p1b: Hariyama
|-resisted|p1b: Hariyama
|-damage|p1b: Hariyama|24/100
|
|-weather|none
|-fieldend|move: Electric Terrain
|upkeep
|
|t:|1750776900
|switch|p1a: Groudon|Groudon, L50|100/100
|-weather|SunnyDay|[from] ability: Drought|[of] p1a: Groudon
|turn|6
|
|t:|1750776908
|move|p1b: Hariyama|Wide Guard|p1b: Hariyama
|-singleturn|p1b: Hariyama|Wide Guard
|move|p2a: Sableye|Reflect|p2a: Sableye
|-sidestart|p2: v4valentin3|Reflect
|move|p2b: Calyrex|Glacial Lance|p1a: Groudon|[spread] 
|-activate|p1a: Groudon|move: Wide Guard
|-activate|p1b: Hariyama|move: Wide Guard
|move|p1a: Groudon|Precipice Blades|p2b: Calyrex|[spread] p2b
|-miss|p1a: Groudon|p2a: Sableye
|-supereffective|p2b: Calyrex
|-damage|p2b: Calyrex|10/100
|
|-weather|SunnyDay|[upkeep]
|-fieldend|move: Trick Room
|upkeep
|turn|7
|
|t:|1750776925
|move|p1b: Hariyama|Wide Guard|p1b: Hariyama
|-singleturn|p1b: Hariyama|Wide Guard
|move|p2a: Sableye|Quash|p1a: Groudon
|-activate|p1a: Groudon|move: Quash
|move|p2b: Calyrex|Glacial Lance|p1b: Hariyama|[spread] 
|-activate|p1a: Groudon|move: Wide Guard
|-activate|p1b: Hariyama|move: Wide Guard
|move|p1a: Groudon|Precipice Blades|p2a: Sableye|[spread] p2a,p2b
|-supereffective|p2b: Calyrex
|-damage|p2a: Sableye|18/100
|-damage|p2b: Calyrex|0 fnt
|faint|p2b: Calyrex
|
|-weather|SunnyDay|[upkeep]
|upkeep
|
|t:|1750776928
|switch|p2b: Miraidon|Miraidon, L50|7/100
|-fieldstart|move: Electric Terrain|[from] ability: Hadron Engine|[of] p2b: Miraidon
|turn|8
|
|t:|1750776946
|move|p2b: Miraidon|Dragon Pulse|p1a: Groudon
|-damage|p1a: Groudon|65/100
|move|p2a: Sableye|Foul Play|p1a: Groudon
|-damage|p1a: Groudon|34/100
|move|p1a: Groudon|High Horsepower|p2b: Miraidon
|-supereffective|p2b: Miraidon
|-damage|p2b: Miraidon|0 fnt
|faint|p2b: Miraidon
|move|p1b: Hariyama|Knock Off|p2a: Sableye
|-damage|p2a: Sableye|0 fnt
|faint|p2a: Sableye
|
|win|sunnypp
|raw|sunnypp's rating: 1541 &rarr; <strong>1560</strong><br />(+19 for winning)
|raw|v4valentin3's rating: 1528 &rarr; <strong>1509</strong><br />(-19 for losing)
|l|☆v4valentin3
|player|p2|
|l|☆sunnypp
|player|p1|
