|j|☆21Kieran
|j|☆Scytherium
|html|<table width="100%"><tr><td align="left">21Kieran</td><td align="right">Scytherium</tr><tr><td align="left"><i class="fa fa-circle-o"></i> <i class="fa fa-circle-o"></i> </td><td align="right"><i class="fa fa-circle-o"></i> <i class="fa fa-circle-o"></i> </tr></table>
|uhtml|bestof|<h2><strong>Game 1</strong> of <a href="/game-bestof3-gen9vgc2025regi-2390577062">a best-of-3</a></h2>
|t:|1750731239
|gametype|doubles
|player|p1|21Kieran|hau-masters|
|player|p2|Scytherium|aaron|
|teamsize|p1|6
|teamsize|p2|6
|gen|9
|tier|[Gen 9] VGC 2025 Reg I
|rated|Tournament battle
|rule|Species Clause: Limit one of each Pokémon
|rule|Item Clause: Limit 1 of each item
|raw|<div class="infobox"><details class="readmore" open><summary><strong>3 custom rules:</strong></summary> Force Open Team Sheets, !Open Team Sheets, Best of = 3</details></div>
|clearpoke
|poke|p1|Miraidon, L50|
|poke|p1|Terapagos, L50, M|
|poke|p1|Urshifu-*, L50, M|
|poke|p1|Incineroar, L50, F|
|poke|p1|Sinistcha, L50|
|poke|p1|Landorus, L50, M|
|poke|p2|Calyrex-Shadow, L50|
|poke|p2|Zamazenta-*, L50|
|poke|p2|Tatsugiri, L50, F|
|poke|p2|Dondozo, L50, F|
|poke|p2|Weezing, L50, M|
|poke|p2|Ogerpon-Cornerstone, L50, F|
|teampreview|4
|showteam|p1|Miraidon||AssaultVest|HadronEngine|ElectroDrift,VoltSwitch,DracoMeteor,Snarl||||||50|,,,,,Electric]Terapagos||ElectricSeed|TeraShift|TeraStarstorm,EarthPower,CalmMind,Protect|||M|||50|,,,,,Stellar]Urshifu-Rapid-Strike||ChoiceScarf|UnseenFist|SurgingStrikes,CloseCombat,RainDance,Uturn|||M|||50|,,,,,Water]Incineroar||RockyHelmet|Intimidate|FakeOut,PartingShot,KnockOff,FlareBlitz|||F|||50|,,,,,Ghost]Sinistcha||FocusSash|Hospitality|ShadowBall,RagePowder,LifeDew,Protect||||||50|,,,,,Fire]Landorus||LifeOrb|SheerForce|EarthPower,SludgeBomb,Protect,SandsearStorm|||M|||50|,,,,,Poison
|showteam|p2|Calyrex-Shadow||SpellTag|AsOneSpectrier|Protect,AstralBarrage,TeraBlast,ExpandingForce||||||50|,,,,,Fighting]Zamazenta-Crowned||RustedShield|DauntlessShield|Protect,WideGuard,behemothbash,BodyPress||||||50|,,,,,Fighting]Tatsugiri||ChoiceScarf|Commander|DracoMeteor,MuddyWater,TeraBlast,IcyWind|||F|||50|,,,,,Steel]Dondozo||Leftovers|Unaware|Protect,WaveCrash,Earthquake,Yawn|||F|||50|,,,,,Grass]Weezing||FocusSash|NeutralizingGas|Protect,DarkPulse,ToxicSpikes,WillOWisp|||M|||50|,,,,,Dark]Ogerpon-Cornerstone||CornerstoneMask|Sturdy|SpikyShield,IvyCudgel,KnockOff,WoodHammer|||F|||50|,,,,,Rock
|j| ProssettiVGC
|c|☆21Kieran|glhf
|j| camala64
|
|t:|1750731283
|start
|switch|p1a: Miraidon|Miraidon, L50|100/100
|switch|p1b: Incineroar|Incineroar, L50, F, shiny|100/100
|switch|p2a: Weezing|Weezing, L50, M|100/100
|switch|p2b: Zamazenta|Zamazenta-Crowned, L50|100/100
|-ability|p2a: Weezing|Neutralizing Gas
|turn|1
|j| Iamsliverfish
|c| Iamsliverfish|tf
|
|t:|1750731303
|move|p2b: Zamazenta|Protect|p2b: Zamazenta
|-singleturn|p2b: Zamazenta|Protect
|move|p1b: Incineroar|Fake Out|p2b: Zamazenta
|-activate|p2b: Zamazenta|move: Protect
|move|p1a: Miraidon|Volt Switch|p2a: Weezing
|-damage|p2a: Weezing|41/100
|
|t:|1750731310
|switch|p1a: Landorus|Landorus, L50, M|100/100|[from] Volt Switch
|move|p2a: Weezing|Toxic Spikes|p1b: Incineroar
|-sidestart|p1: 21Kieran|move: Toxic Spikes
|
|upkeep
|turn|2
|c| ProssettiVGC|hey sliver fish
|c| Iamsliverfish|weez+zama csr
|c| Iamsliverfish|hi
|c|☆21Kieran|yeah weird team
|c|☆21Kieran|anyways
|j| tomcheung22
|
|t:|1750731342
|switch|p1b: Sinistcha|Sinistcha, L50|100/100
|-status|p1b: Sinistcha|psn
|move|p2a: Weezing|Protect|p2a: Weezing
|-singleturn|p2a: Weezing|Protect
|move|p2b: Zamazenta|Body Press|p1b: Sinistcha
|-immune|p1b: Sinistcha
|move|p1a: Landorus|Sandsear Storm|p2b: Zamazenta|[spread] p2b
|-activate|p2a: Weezing|move: Protect
|-supereffective|p2b: Zamazenta
|-damage|p2b: Zamazenta|38/100
|-damage|p1a: Landorus|91/100|[from] item: Life Orb
|
|-damage|p1b: Sinistcha|88/100 psn|[from] psn
|upkeep
|turn|3
|j| gackajink
|
|t:|1750731361
|switch|p1b: Incineroar|Incineroar, L50, F, shiny|100/100
|-status|p1b: Incineroar|psn
|move|p2b: Zamazenta|Wide Guard|p2b: Zamazenta
|-singleturn|p2b: Zamazenta|Wide Guard
|move|p2a: Weezing|Will-O-Wisp|p1a: Landorus
|-status|p1a: Landorus|brn
|move|p1a: Landorus|Sandsear Storm|p2a: Weezing|[spread] 
|-activate|p2a: Weezing|move: Wide Guard
|-activate|p2b: Zamazenta|move: Wide Guard
|
|-damage|p1b: Incineroar|88/100 psn|[from] psn
|-damage|p1a: Landorus|85/100 brn|[from] brn
|upkeep
|turn|4
|c| Iamsliverfish|kieran
|c|☆21Kieran|wat
|c| gackajink|i hate how pagos clears snow
|raw|<div class="broadcast-red"><strong>Moderated chat was set to +!</strong><br />Only users of rank + and higher can talk.</div>
|
|t:|1750731394
|move|p2b: Zamazenta|Wide Guard|p2b: Zamazenta
|-singleturn|p2b: Zamazenta|Wide Guard
|move|p1b: Incineroar|Fake Out|p2b: Zamazenta
|-resisted|p2b: Zamazenta
|-damage|p2b: Zamazenta|34/100
|move|p2a: Weezing|Dark Pulse|p1a: Landorus
|-damage|p1a: Landorus|70/100 brn
|move|p1a: Landorus|Earth Power|p2a: Weezing
|-supereffective|p2a: Weezing
|-crit|p2a: Weezing
|-damage|p2a: Weezing|0 fnt
|faint|p2a: Weezing
|-end|p2a: Weezing|ability: Neutralizing Gas
|-ability|p2b: Zamazenta|Dauntless Shield|boost
|-boost|p2b: Zamazenta|def|1
|-ability|p1b: Incineroar|Intimidate|boost
|-unboost|p2b: Zamazenta|atk|1
|-damage|p1a: Landorus|60/100 brn|[from] item: Life Orb
|
|-damage|p1b: Incineroar|76/100 psn|[from] psn
|-damage|p1a: Landorus|54/100 brn|[from] brn
|upkeep
|
|t:|1750731415
|switch|p2a: Dondozo|Dondozo, L50, F|100/100
|turn|5
|n|+Iamsliverfish|iamsliverfish
|n|+Iamsliverfish|iamsliverfish
|c|☆21Kieran|/log Iamsliverfish was promoted to Room Voice by 21Kieran.
|n|+Iamsliverfish|iamsliverfish
|c|+Iamsliverfish|smh
|c|☆21Kieran|alr stop yappin gacka
|c|+Iamsliverfish|yawn dozo
|
|t:|1750731431
|switch|p2b: Tatsugiri|Tatsugiri, L50, F|100/100
|-activate|p2b: Tatsugiri|ability: Commander|[of] p2a: Dondozo
|-boost|p2a: Dondozo|atk|2
|-boost|p2a: Dondozo|spa|2
|-boost|p2a: Dondozo|spe|2
|-boost|p2a: Dondozo|def|2
|-boost|p2a: Dondozo|spd|2
|switch|p1b: Sinistcha|Sinistcha, L50|88/100 psn
|-heal|p1a: Landorus|79/100 brn|[from] ability: Hospitality|[of] p1b: Sinistcha
|move|p1a: Landorus|Earth Power|p2b: Tatsugiri|[miss]
|-miss|p1a: Landorus|p2b: Tatsugiri
|move|p2a: Dondozo|Wave Crash|p1b: Sinistcha
|-resisted|p1b: Sinistcha
|-damage|p1b: Sinistcha|51/100 psn
|-damage|p2a: Dondozo|92/100|[from] Recoil
|
|-heal|p2a: Dondozo|99/100|[from] item: Leftovers
|-damage|p1b: Sinistcha|39/100 psn|[from] psn
|-damage|p1a: Landorus|73/100 brn|[from] brn
|upkeep
|turn|6
|
|t:|1750731460
|switch|p1a: Miraidon|Miraidon, L50|100/100
|-status|p1a: Miraidon|psn
|-fieldstart|move: Electric Terrain|[from] ability: Hadron Engine|[of] p1a: Miraidon
|move|p2a: Dondozo|Protect|p2a: Dondozo
|-singleturn|p2a: Dondozo|Protect
|move|p1b: Sinistcha|Life Dew||[still]|[spread] p1a,p1b
|-fail|p1a: Miraidon|heal
|-heal|p1b: Sinistcha|64/100 psn
|
|-heal|p2a: Dondozo|100/100|[from] item: Leftovers
|-damage|p1a: Miraidon|88/100 psn|[from] psn
|-damage|p1b: Sinistcha|51/100 psn|[from] psn
|upkeep
|turn|7
|
|t:|1750731478
|-terastallize|p1a: Miraidon|Electric
|-terastallize|p2a: Dondozo|Grass
|move|p1a: Miraidon|Electro Drift|p2a: Dondozo
|-resisted|p2a: Dondozo
|-damage|p2a: Dondozo|79/100
|move|p2a: Dondozo|Wave Crash|p1a: Miraidon
|-damage|p1a: Miraidon|22/100 psn
|-damage|p2a: Dondozo|62/100|[from] Recoil
|move|p1b: Sinistcha|Life Dew|p1b: Sinistcha|[spread] p1a,p1b
|-heal|p1a: Miraidon|47/100 psn
|-heal|p1b: Sinistcha|76/100 psn
|
|-heal|p2a: Dondozo|68/100|[from] item: Leftovers
|-damage|p1a: Miraidon|35/100 psn|[from] psn
|-damage|p1b: Sinistcha|64/100 psn|[from] psn
|upkeep
|turn|8
|c|+Iamsliverfish|smh
|c|☆21Kieran|tera was NOTT needed lol
|
|t:|1750731499
|switch|p1a: Incineroar|Incineroar, L50, F, shiny|76/100 psn
|-ability|p1a: Incineroar|Intimidate|boost
|-unboost|p2a: Dondozo|atk|1
|-unboost|p2b: Tatsugiri|atk|1
|move|p2a: Dondozo|Wave Crash|p1a: Incineroar
|-supereffective|p1a: Incineroar
|-crit|p1a: Incineroar
|-damage|p1a: Incineroar|0 fnt
|-damage|p2a: Dondozo|51/100|[from] item: Rocky Helmet|[of] p1a: Incineroar
|faint|p1a: Incineroar
|-damage|p2a: Dondozo|32/100|[from] Recoil
|move|p1b: Sinistcha|Life Dew|p1b: Sinistcha
|-heal|p1b: Sinistcha|89/100 psn
|
|-heal|p2a: Dondozo|38/100|[from] item: Leftovers
|-damage|p1b: Sinistcha|76/100 psn|[from] psn
|upkeep
|c|+Iamsliverfish|dozo bozo dying kozo
|c|☆21Kieran|ahh crit
|
|t:|1750731525
|switch|p1a: Landorus|Landorus, L50, M|73/100 brn
|turn|9
|c|+Iamsliverfish|imagine double protect
|
|t:|1750731533
|move|p2a: Dondozo|Protect|p2a: Dondozo
|-singleturn|p2a: Dondozo|Protect
|move|p1b: Sinistcha|Rage Powder|p1b: Sinistcha
|-singleturn|p1b: Sinistcha|move: Rage Powder
|move|p1a: Landorus|Sludge Bomb|p2a: Dondozo
|-activate|p2a: Dondozo|move: Protect
|
|-heal|p2a: Dondozo|44/100|[from] item: Leftovers
|-damage|p1b: Sinistcha|64/100 psn|[from] psn
|-damage|p1a: Landorus|67/100 brn|[from] brn
|upkeep
|turn|10
|c|☆21Kieran|would be funny
|inactive|Battle timer is ON: inactive players will automatically lose when time's up. (requested by Scytherium)
|
|t:|1750731554
|move|p1a: Landorus|Sludge Bomb|p2a: Dondozo
|-supereffective|p2a: Dondozo
|-damage|p2a: Dondozo|11/100
|move|p2a: Dondozo|Wave Crash|p1a: Landorus
|-supereffective|p1a: Landorus
|-damage|p1a: Landorus|0 fnt
|faint|p1a: Landorus
|-damage|p2a: Dondozo|0 fnt|[from] Recoil
|faint|p2a: Dondozo
|move|p1b: Sinistcha|Shadow Ball|p2b: Tatsugiri
|-damage|p2b: Tatsugiri|58/100
|
|-damage|p1b: Sinistcha|51/100 psn|[from] psn
|-fieldend|move: Electric Terrain
|upkeep
|c|+Iamsliverfish|holy
|c|☆21Kieran|mishplayed a bit
|
|t:|1750731569
|switch|p1a: Miraidon|Miraidon, L50, tera:Electric|35/100 psn
|switch|p2a: Zamazenta|Zamazenta-Crowned, L50|34/100
|-fieldstart|move: Electric Terrain|[from] ability: Hadron Engine|[of] p1a: Miraidon
|turn|11
|c|☆21Kieran|regardless ima lock in
|
|t:|1750731582
|move|p1b: Sinistcha|Rage Powder|p1b: Sinistcha
|-singleturn|p1b: Sinistcha|move: Rage Powder
|move|p2b: Tatsugiri|Icy Wind|p1b: Sinistcha|[spread] p1a,p1b
|-supereffective|p1b: Sinistcha
|-crit|p1b: Sinistcha
|-damage|p1a: Miraidon|28/100 psn
|-damage|p1b: Sinistcha|15/100 psn
|-unboost|p1a: Miraidon|spe|1
|-unboost|p1b: Sinistcha|spe|1
|move|p2a: Zamazenta|Body Press|p1b: Sinistcha
|-immune|p1b: Sinistcha
|move|p1a: Miraidon|Electro Drift|p2b: Tatsugiri
|-damage|p2b: Tatsugiri|0 fnt
|faint|p2b: Tatsugiri
|
|-damage|p1a: Miraidon|16/100 psn|[from] psn
|-damage|p1b: Sinistcha|3/100 psn|[from] psn
|upkeep
|turn|12
|c|☆21Kieran|gg
|
|t:|1750731602
|move|p2a: Zamazenta|Protect|p2a: Zamazenta
|-singleturn|p2a: Zamazenta|Protect
|move|p1b: Sinistcha|Rage Powder|p1b: Sinistcha
|-singleturn|p1b: Sinistcha|move: Rage Powder
|move|p1a: Miraidon|Electro Drift|p2a: Zamazenta
|-activate|p2a: Zamazenta|move: Protect
|
|-damage|p1a: Miraidon|4/100 psn|[from] psn
|-damage|p1b: Sinistcha|0 fnt|[from] psn
|faint|p1b: Sinistcha
|upkeep
|turn|13
|
|t:|1750731615
|move|p2a: Zamazenta|Body Press|p1a: Miraidon
|-damage|p1a: Miraidon|0 fnt
|faint|p1a: Miraidon
|
|win|Scytherium
