|j|☆Aylawayla
|j|☆turtle100000000
|t:|1750758485
|gametype|doubles
|player|p1|Aylawayla|dawn|1373
|player|p2|turtle100000000|roxanne|1353
|teamsize|p1|6
|teamsize|p2|6
|gen|9
|tier|[Gen 9] VGC 2025 Reg I
|rated|
|rule|Species Clause: Limit one of each Pokémon
|rule|Item Clause: Limit 1 of each item
|clearpoke
|poke|p1|Calyrex-Ice, L50|
|poke|p1|Terapagos, L50, M|
|poke|p1|Rillaboom, L50, F|
|poke|p1|Smeargle, L50, M|
|poke|p1|Farigiraf, L50, F|
|poke|p1|Annihilape, L50, F|
|poke|p2|Ogerpon-Wellspring, L50, F|
|poke|p2|Weezing-Galar, L50, M|
|poke|p2|Calyrex-Shadow, L50|
|poke|p2|Zamazenta-*, L50|
|poke|p2|Chi-Yu, L50|
|poke|p2|Rillaboom, L50, M|
|teampreview|4
|
|t:|1750758526
|start
|switch|p1a: Annihilape|Annihilape, L50, F|100/100
|switch|p1b: Farigiraf|Farigiraf, L50, F|100/100
|switch|p2a: Weezing|Weezing-Galar, L50, M|100/100
|switch|p2b: Calyrex|Calyrex-Shadow, L50|100/100
|-ability|p2a: Weezing|Neutralizing Gas
|-ability|p2b: Calyrex|As One
|-ability|p2b: Calyrex|Unnerve
|turn|1
|
|t:|1750758555
|-terastallize|p2b: Calyrex|Dark
|move|p1a: Annihilape|Final Gambit|p2a: Weezing
|-damage|p2a: Weezing|0 fnt
|faint|p1a: Annihilape
|faint|p2a: Weezing
|-end|p2a: Weezing|ability: Neutralizing Gas
|move|p2b: Calyrex|Astral Barrage|p1b: Farigiraf
|-immune|p1b: Farigiraf
|move|p1b: Farigiraf|Trick Room|p1b: Farigiraf
|-fieldstart|move: Trick Room|[of] p1b: Farigiraf
|
|upkeep
|
|t:|1750758578
|switch|p2a: Zamazenta|Zamazenta-Crowned, L50|100/100
|switch|p1a: Terapagos|Terapagos, L50, M|100/100
|-activate|p1a: Terapagos|ability: Tera Shift
|detailschange|p1a: Terapagos|Terapagos-Terastal, L50, M
|-heal|p1a: Terapagos|100/100|[silent]
|-ability|p2a: Zamazenta|Dauntless Shield|boost
|-boost|p2a: Zamazenta|def|1
|turn|2
|
|t:|1750758599
|move|p2b: Calyrex|Protect|p2b: Calyrex
|-singleturn|p2b: Calyrex|Protect
|move|p1b: Farigiraf|Psychic|p2a: Zamazenta
|-crit|p2a: Zamazenta
|-damage|p2a: Zamazenta|60/100
|move|p1a: Terapagos|Earth Power|p2a: Zamazenta
|-supereffective|p2a: Zamazenta
|-damage|p2a: Zamazenta|0 fnt
|faint|p2a: Zamazenta
|
|upkeep
|
|t:|1750758609
|switch|p2a: Chi-Yu|Chi-Yu, L50|100/100
|-ability|p2a: Chi-Yu|Beads of Ruin
|turn|3
|
|t:|1750758623
|switch|p1b: Calyrex|Calyrex-Ice, L50|100/100
|-ability|p1b: Calyrex|As One
|-ability|p1b: Calyrex|Unnerve
|move|p1a: Terapagos|Earth Power|p2a: Chi-Yu
|-supereffective|p2a: Chi-Yu
|-damage|p2a: Chi-Yu|1/100
|move|p2b: Calyrex|Psychic|p1a: Terapagos
|-activate|p1a: Terapagos|ability: Tera Shell
|-resisted|p1a: Terapagos
|-damage|p1a: Terapagos|70/100
|move|p2a: Chi-Yu|Heat Wave|p1a: Terapagos|[spread] p1a,p1b
|-supereffective|p1b: Calyrex
|-damage|p1a: Terapagos|29/100
|-damage|p1b: Calyrex|36/100
|
|upkeep
|turn|4
|
|t:|1750758647
|move|p2b: Calyrex|Protect|p2b: Calyrex
|-singleturn|p2b: Calyrex|Protect
|move|p1b: Calyrex|Glacial Lance|p2a: Chi-Yu|[spread] p2a
|-activate|p2b: Calyrex|move: Protect
|-resisted|p2a: Chi-Yu
|-damage|p2a: Chi-Yu|0 fnt
|faint|p2a: Chi-Yu
|-ability|p1b: Calyrex|Chilling Neigh|boost
|-boost|p1b: Calyrex|atk|1
|move|p1a: Terapagos|Earth Power|p2b: Calyrex
|-activate|p2b: Calyrex|move: Protect
|
|upkeep
|turn|5
|
|t:|1750758691
|move|p2b: Calyrex|Protect||[still]
|-fail|p2b: Calyrex
|move|p1b: Calyrex|Glacial Lance|p2b: Calyrex
|-enditem|p2b: Calyrex|Focus Sash
|-damage|p2b: Calyrex|1/100
|move|p1a: Terapagos|Earth Power|p2b: Calyrex
|-damage|p2b: Calyrex|0 fnt
|faint|p2b: Calyrex
|
|win|Aylawayla
|raw|Aylawayla's rating: 1373 &rarr; <strong>1392</strong><br />(+19 for winning)
|raw|turtle100000000's rating: 1353 &rarr; <strong>1334</strong><br />(-19 for losing)
|l|☆turtle100000000
|player|p2|
