|j|☆TommyGuapo
|j|☆clownedtocrowned
|t:|1750879544
|gametype|doubles
|player|p1|TommyGuapo|102|1516
|player|p2|clownedtocrowned|grimsley-gen7|1563
|teamsize|p1|6
|teamsize|p2|6
|gen|9
|tier|[Gen 9] VGC 2025 Reg I
|rated|
|rule|Species Clause: Limit one of each Pokémon
|rule|Item Clause: Limit 1 of each item
|clearpoke
|poke|p1|Zacian-*, L50|
|poke|p1|Giratina-Origin, L50|
|poke|p1|Urshifu-*, L50, M|
|poke|p1|Chien-Pao, L50|
|poke|p1|Pelipper, L50, M|
|poke|p1|Rillaboom, L50, M|
|poke|p2|Lunala, L50|
|poke|p2|Zacian-*, L50|
|poke|p2|Indeedee-F, L50, F|
|poke|p2|Regidrago, L50|
|poke|p2|Tornadus, L50, M|
|poke|p2|Gallade, L50, M|
|teampreview|4
|inactive|Battle timer is ON: inactive players will automatically lose when time's up. (requested by TommyGuapo)
TommyGuapo has agreed to open team sheets.
|inactive|TommyGuapo has 60 seconds left.
|inactive|clownedtocrowned has 60 seconds left.
|inactive|TommyGuapo has 30 seconds left.
|inactive|clownedtocrowned has 30 seconds left.
|
|t:|1750879610
|start
|switch|p1a: Chien-Pao|Chien-Pao, L50|100/100
|switch|p1b: Zacian|Zacian-Crowned, L50|100/100
|switch|p2a: Zacian|Zacian-Crowned, L50, shiny|100/100
|switch|p2b: Indeedee|Indeedee-F, L50, F|100/100
|-ability|p1b: Zacian|Intrepid Sword|boost
|-boost|p1b: Zacian|atk|1
|-ability|p2a: Zacian|Intrepid Sword|boost
|-boost|p2a: Zacian|atk|1
|-ability|p1a: Chien-Pao|Sword of Ruin
|-fieldstart|move: Psychic Terrain|[from] ability: Psychic Surge|[of] p2b: Indeedee
|turn|1
|
|t:|1750879630
|move|p2b: Indeedee|Helping Hand|p2a: Zacian
|-singleturn|p2a: Zacian|Helping Hand|[of] p2b: Indeedee
|move|p1b: Zacian|Behemoth Blade|p2a: Zacian
|-damage|p2a: Zacian|0 fnt
|faint|p2a: Zacian
|move|p1a: Chien-Pao|Crunch|p2b: Indeedee
|-supereffective|p2b: Indeedee
|-damage|p2b: Indeedee|0 fnt
|faint|p2b: Indeedee
|-damage|p1a: Chien-Pao|91/100|[from] item: Life Orb
|
|upkeep
|
|t:|1750879636
|switch|p2a: Lunala|Lunala, L50, shiny|100/100
|switch|p2b: Regidrago|Regidrago, L50|100/100
|turn|2
|
|t:|1750879655
|-terastallize|p2a: Lunala|Fire
|move|p2b: Regidrago|Protect|p2b: Regidrago
|-singleturn|p2b: Regidrago|Protect
|move|p1b: Zacian|Play Rough|p2b: Regidrago
|-activate|p2b: Regidrago|move: Protect
|move|p1a: Chien-Pao|Crunch|p2a: Lunala
|-damage|p2a: Lunala|72/100
|-damage|p1a: Chien-Pao|81/100|[from] item: Life Orb
|move|p2a: Lunala|Meteor Beam||[still]
|-prepare|p2a: Lunala|Meteor Beam
|-boost|p2a: Lunala|spa|1
|-enditem|p2a: Lunala|Power Herb
|-anim|p2a: Lunala|Meteor Beam|p1a: Chien-Pao
|-supereffective|p1a: Chien-Pao
|-damage|p1a: Chien-Pao|0 fnt
|faint|p1a: Chien-Pao
|
|upkeep
|
|t:|1750879677
|switch|p1a: Rillaboom|Rillaboom, L50, M|100/100
|-fieldstart|move: Grassy Terrain|[from] ability: Grassy Surge|[of] p1a: Rillaboom
|turn|3
|
|t:|1750879689
|move|p1a: Rillaboom|Fake Out|p2a: Lunala
|-damage|p2a: Lunala|62/100
|move|p1b: Zacian|Play Rough|p2b: Regidrago
|-supereffective|p2b: Regidrago
|-damage|p2b: Regidrago|0 fnt
|faint|p2b: Regidrago
|cant|p2a: Lunala|flinch
|
|-heal|p2a: Lunala|68/100|[from] Grassy Terrain
|upkeep
|turn|4
|
|t:|1750879706
|move|p1b: Zacian|Protect|p1b: Zacian
|-singleturn|p1b: Zacian|Protect
|move|p2a: Lunala|Moongeist Beam|p1b: Zacian
|-activate|p1b: Zacian|move: Protect
|move|p1a: Rillaboom|U-turn|p2a: Lunala
|-resisted|p2a: Lunala
|-damage|p2a: Lunala|59/100
|
|t:|1750879715
|switch|p1a: Giratina|Giratina-Origin, L50|100/100|[from] U-turn
|
|-heal|p2a: Lunala|65/100|[from] Grassy Terrain
|upkeep
|turn|5
|
|t:|1750879724
|-terastallize|p1a: Giratina|Fire
|move|p1b: Zacian|Substitute|p1b: Zacian
|-start|p1b: Zacian|Substitute
|-damage|p1b: Zacian|76/100
|move|p2a: Lunala|Moongeist Beam|p1a: Giratina
|-damage|p1a: Giratina|46/100
|move|p1a: Giratina|Shadow Force||[still]
|-prepare|p1a: Giratina|Shadow Force
|
|-heal|p1b: Zacian|82/100|[from] Grassy Terrain
|-heal|p2a: Lunala|71/100|[from] Grassy Terrain
|upkeep
|turn|6
|
|t:|1750879739
|move|p1b: Zacian|Behemoth Blade|p2a: Lunala
|-resisted|p2a: Lunala
|-damage|p2a: Lunala|39/100
|move|p2a: Lunala|Moongeist Beam|p1b: Zacian
|-end|p1b: Zacian|Substitute
|move|p1a: Giratina|Shadow Force|p2a: Lunala|[from] lockedmove
|-damage|p2a: Lunala|0 fnt
|faint|p2a: Lunala
|
|win|TommyGuapo
|raw|TommyGuapo's rating: 1516 &rarr; <strong>1539</strong><br />(+23 for winning)
|raw|clownedtocrowned's rating: 1563 &rarr; <strong>1540</strong><br />(-23 for losing)
|l|☆clownedtocrowned
|player|p2|
