|j|☆Dipic
|j|☆Red Ooal Gown
|t:|1750865394
|gametype|doubles
|player|p1|Dipic|worker|1344
|player|p2|Red Ooal Gown|266|1323
|teamsize|p1|6
|teamsize|p2|6
|gen|9
|tier|[Gen 9] VGC 2025 Reg I
|rated|
|rule|Species Clause: Limit one of each Pokémon
|rule|Item Clause: Limit 1 of each item
|clearpoke
|poke|p1|Kyogre, L50|
|poke|p1|Zacian-*, L50|
|poke|p1|Rillaboom, L50, F|
|poke|p1|Urshifu-*, L50, M|
|poke|p1|Tornadus, L50, M|
|poke|p1|Venomoth, L50, F|
|poke|p2|Lunala, L50|
|poke|p2|Iron Bundle, L50|
|poke|p2|Urshifu-*, L50, M|
|poke|p2|Kyogre, L50|
|poke|p2|Rillaboom, L50, M|
|poke|p2|Toxicroak, L50, M|
|teampreview|4
|
|t:|1750865422
|start
|switch|p1a: Tornadus|Tornadus, L50, M|100/100
|switch|p1b: Kyogre|Kyogre, L50|100/100
|switch|p2a: Lunala|Lunala, L50|100/100
|switch|p2b: Rillaboom|Rillaboom, L50, M|100/100
|-weather|RainDance|[from] ability: Drizzle|[of] p1b: Kyogre
|-fieldstart|move: Grassy Terrain|[from] ability: Grassy Surge|[of] p2b: Rillaboom
|-enditem|p2a: Lunala|Grassy Seed
|-boost|p2a: Lunala|def|1|[from] item: Grassy Seed
|turn|1
|
|t:|1750865449
|move|p1b: Kyogre|Protect|p1b: Kyogre
|-singleturn|p1b: Kyogre|Protect
|move|p2b: Rillaboom|Fake Out|p1b: Kyogre
|-activate|p1b: Kyogre|move: Protect
|move|p1a: Tornadus|Bleakwind Storm|p2a: Lunala|[spread] p2a,p2b
|-supereffective|p2b: Rillaboom
|-damage|p2a: Lunala|86/100
|-damage|p2b: Rillaboom|22/100
|-unboost|p2a: Lunala|spe|1
|move|p2a: Lunala|Tailwind|p2a: Lunala
|-sidestart|p2: Red Ooal Gown|move: Tailwind
|
|-weather|RainDance|[upkeep]
|-heal|p2b: Rillaboom|29/100|[from] Grassy Terrain
|-heal|p2b: Rillaboom|34/100|[from] item: Leftovers
|-heal|p2a: Lunala|92/100|[from] Grassy Terrain
|upkeep
|turn|2
|
|t:|1750865478
|-terastallize|p1b: Kyogre|Grass
|move|p2a: Lunala|Wide Guard|p2a: Lunala
|-singleturn|p2a: Lunala|Wide Guard
|move|p2b: Rillaboom|Grassy Glide|p1b: Kyogre
|-resisted|p1b: Kyogre
|-damage|p1b: Kyogre|80/100
|move|p1a: Tornadus|Tailwind|p1a: Tornadus
|-sidestart|p1: Dipic|move: Tailwind
|move|p1b: Kyogre|Water Spout|p2b: Rillaboom|[spread] 
|-activate|p2a: Lunala|move: Wide Guard
|-activate|p2b: Rillaboom|move: Wide Guard
|
|-weather|RainDance|[upkeep]
|-heal|p1b: Kyogre|86/100|[from] Grassy Terrain
|-heal|p2b: Rillaboom|40/100|[from] Grassy Terrain
|-heal|p2b: Rillaboom|46/100|[from] item: Leftovers
|-heal|p2a: Lunala|98/100|[from] Grassy Terrain
|upkeep
|turn|3
|
|t:|1750865511
|move|p2b: Rillaboom|Protect|p2b: Rillaboom
|-singleturn|p2b: Rillaboom|Protect
|move|p2a: Lunala|Wide Guard|p2a: Lunala
|-singleturn|p2a: Lunala|Wide Guard
|move|p1a: Tornadus|Bleakwind Storm|p2b: Rillaboom|[spread] 
|-activate|p2a: Lunala|move: Wide Guard
|-activate|p2b: Rillaboom|move: Wide Guard
|move|p1b: Kyogre|Ice Beam|p2b: Rillaboom
|-activate|p2b: Rillaboom|move: Protect
|
|-weather|RainDance|[upkeep]
|-heal|p1b: Kyogre|93/100|[from] Grassy Terrain
|-heal|p2b: Rillaboom|52/100|[from] Grassy Terrain
|-heal|p2b: Rillaboom|58/100|[from] item: Leftovers
|-heal|p2a: Lunala|100/100|[from] Grassy Terrain
|upkeep
|turn|4
|
|t:|1750865533
|switch|p2b: Kyogre|Kyogre, L50|100/100
|move|p1a: Tornadus|Bleakwind Storm|p2a: Lunala|[spread] p2a,p2b
|-damage|p2a: Lunala|87/100
|-damage|p2b: Kyogre|78/100
|-unboost|p2b: Kyogre|spe|1
|move|p1b: Kyogre|Ice Beam|p2b: Kyogre
|-resisted|p2b: Kyogre
|-damage|p2b: Kyogre|68/100
|move|p2a: Lunala|Moongeist Beam|p1b: Kyogre
|-damage|p1b: Kyogre|50/100
|
|-weather|RainDance|[upkeep]
|-heal|p1b: Kyogre|56/100|[from] Grassy Terrain
|-heal|p2b: Kyogre|74/100|[from] Grassy Terrain
|-heal|p2a: Lunala|93/100|[from] Grassy Terrain
|-sideend|p2: Red Ooal Gown|move: Tailwind
|upkeep
|turn|5
|
|t:|1750865587
|move|p2a: Lunala|Wide Guard|p2a: Lunala
|-singleturn|p2a: Lunala|Wide Guard
|move|p1a: Tornadus|Bleakwind Storm|p2b: Kyogre|[spread] 
|-activate|p2a: Lunala|move: Wide Guard
|-activate|p2b: Kyogre|move: Wide Guard
|move|p1b: Kyogre|Origin Pulse|p2b: Kyogre|[spread] 
|-activate|p2a: Lunala|move: Wide Guard
|-activate|p2b: Kyogre|move: Wide Guard
|move|p2b: Kyogre|Ice Beam|p1a: Tornadus
|-supereffective|p1a: Tornadus
|-damage|p1a: Tornadus|7/100
|
|-weather|none
|-heal|p1b: Kyogre|62/100|[from] Grassy Terrain
|-heal|p2b: Kyogre|80/100|[from] Grassy Terrain
|-heal|p2a: Lunala|99/100|[from] Grassy Terrain
|-sideend|p1: Dipic|move: Tailwind
|-fieldend|move: Grassy Terrain
|upkeep
|turn|6
|inactive|Battle timer is ON: inactive players will automatically lose when time's up. (requested by Red Ooal Gown)
|
|t:|1750865624
|switch|p2a: Toxicroak|Toxicroak, L50, M, shiny|100/100
|move|p1a: Tornadus|Tailwind|p1a: Tornadus
|-sidestart|p1: Dipic|move: Tailwind
|move|p1b: Kyogre|Origin Pulse|p2b: Kyogre|[spread] p2b
|-immune|p2a: Toxicroak|[from] ability: Dry Skin
|-resisted|p2b: Kyogre
|-damage|p2b: Kyogre|61/100
|move|p2b: Kyogre|Ice Beam|p1a: Tornadus
|-supereffective|p1a: Tornadus
|-damage|p1a: Tornadus|0 fnt
|faint|p1a: Tornadus
|
|upkeep
|
|t:|1750865636
|switch|p1a: Venomoth|Venomoth, L50, F|100/100
|turn|7
|
|t:|1750865651
|move|p2a: Toxicroak|Fake Out|p1a: Venomoth
|-damage|p1a: Venomoth|84/100
|cant|p1a: Venomoth|flinch
|move|p1b: Kyogre|Origin Pulse|p2b: Kyogre|[spread] p2b
|-immune|p2a: Toxicroak|[from] ability: Dry Skin
|-resisted|p2b: Kyogre
|-damage|p2b: Kyogre|43/100
|move|p2b: Kyogre|Ice Beam|p1b: Kyogre
|-supereffective|p1b: Kyogre
|-damage|p1b: Kyogre|8/100
|
|upkeep
|turn|8
|inactive|Red Ooal Gown has 30 seconds left.
|
|t:|1750865681
|switch|p2b: Rillaboom|Rillaboom, L50, M|58/100
|-fieldstart|move: Grassy Terrain|[from] ability: Grassy Surge|[of] p2b: Rillaboom
|move|p2a: Toxicroak|Sucker Punch|p1b: Kyogre
|-damage|p1b: Kyogre|0 fnt
|faint|p1b: Kyogre
|move|p1a: Venomoth|Skill Swap|p1: Kyogre|[notarget]
|-fail|p1a: Venomoth
|
|-heal|p1a: Venomoth|90/100|[from] Grassy Terrain
|-heal|p2b: Rillaboom|64/100|[from] Grassy Terrain
|-heal|p2b: Rillaboom|70/100|[from] item: Leftovers
|upkeep
|
|t:|1750865688
|switch|p1b: Zacian|Zacian-Crowned, L50|100/100
|-ability|p1b: Zacian|Intrepid Sword|boost
|-boost|p1b: Zacian|atk|1
|turn|9
|
|t:|1750865708
|switch|p2a: Kyogre|Kyogre, L50|43/100
|-weather|RainDance|[from] ability: Drizzle|[of] p2a: Kyogre
|move|p1b: Zacian|Protect|p1b: Zacian
|-singleturn|p1b: Zacian|Protect
|move|p1a: Venomoth|Protect|p1a: Venomoth
|-singleturn|p1a: Venomoth|Protect
|move|p2b: Rillaboom|Fake Out|p1b: Zacian
|-activate|p1b: Zacian|move: Protect
|
|-weather|RainDance|[upkeep]
|-heal|p1a: Venomoth|96/100|[from] Grassy Terrain
|-heal|p2a: Kyogre|49/100|[from] Grassy Terrain
|-heal|p2b: Rillaboom|76/100|[from] Grassy Terrain
|-heal|p2b: Rillaboom|82/100|[from] item: Leftovers
|-sideend|p1: Dipic|move: Tailwind
|upkeep
|turn|10
|
|t:|1750865728
|switch|p2b: Toxicroak|Toxicroak, L50, M, shiny|100/100
|move|p1b: Zacian|Play Rough|p2a: Kyogre
|-damage|p2a: Kyogre|0 fnt
|faint|p2a: Kyogre
|move|p1a: Venomoth|Skill Swap|p1b: Zacian
|-activate|p1a: Venomoth|move: Skill Swap|||[of] p1b: Zacian
|-ability|p1a: Venomoth|Intrepid Sword|boost
|-boost|p1a: Venomoth|atk|1
|
|-weather|RainDance|[upkeep]
|-heal|p1a: Venomoth|100/100|[from] Grassy Terrain
|upkeep
|
|t:|1750865734
|switch|p2a: Lunala|Lunala, L50|99/100
|turn|11
|inactive|Dipic has 30 seconds left.
|
|t:|1750865760
|move|p2b: Toxicroak|Fake Out|p1b: Zacian
|-resisted|p1b: Zacian
|-damage|p1b: Zacian|96/100
|move|p1a: Venomoth|Rage Powder|p1a: Venomoth
|-singleturn|p1a: Venomoth|move: Rage Powder
|cant|p1b: Zacian|flinch
|move|p2a: Lunala|Tailwind|p2a: Lunala
|-sidestart|p2: Red Ooal Gown|move: Tailwind
|
|-weather|RainDance|[upkeep]
|-heal|p2a: Lunala|100/100|[from] Grassy Terrain
|-heal|p1b: Zacian|100/100|[from] Grassy Terrain
|upkeep
|turn|12
|
|t:|1750865778
|move|p2b: Toxicroak|Feint|p1b: Zacian
|-resisted|p1b: Zacian
|-damage|p1b: Zacian|97/100
|move|p1a: Venomoth|Rage Powder|p1a: Venomoth
|-singleturn|p1a: Venomoth|move: Rage Powder
|move|p2a: Lunala|Moongeist Beam|p1a: Venomoth
|-damage|p1a: Venomoth|29/100
|move|p1b: Zacian|Behemoth Blade|p2b: Toxicroak
|-damage|p2b: Toxicroak|0 fnt
|faint|p2b: Toxicroak
|
|-weather|RainDance|[upkeep]
|-heal|p1b: Zacian|100/100|[from] Grassy Terrain
|-heal|p1a: Venomoth|36/100|[from] Grassy Terrain
|-fieldend|move: Grassy Terrain
|upkeep
|
|t:|1750865787
|switch|p2b: Rillaboom|Rillaboom, L50, M|82/100
|-fieldstart|move: Grassy Terrain|[from] ability: Grassy Surge|[of] p2b: Rillaboom
|turn|13
|
|t:|1750865806
|move|p1b: Zacian|Protect|p1b: Zacian
|-singleturn|p1b: Zacian|Protect
|move|p2b: Rillaboom|Fake Out|p1a: Venomoth
|-damage|p1a: Venomoth|13/100
|move|p2a: Lunala|Moongeist Beam|p1b: Zacian
|-activate|p1b: Zacian|move: Protect
|cant|p1a: Venomoth|flinch
|
|-weather|none
|-heal|p2b: Rillaboom|88/100|[from] Grassy Terrain
|-heal|p2b: Rillaboom|94/100|[from] item: Leftovers
|-heal|p1a: Venomoth|20/100|[from] Grassy Terrain
|upkeep
|turn|14
|
|t:|1750865829
|move|p2b: Rillaboom|High Horsepower|p1a: Venomoth
|-damage|p1a: Venomoth|0 fnt
|faint|p1a: Venomoth
|move|p2a: Lunala|Moongeist Beam|p1b: Zacian
|-damage|p1b: Zacian|47/100
|move|p1b: Zacian|Behemoth Blade|p2b: Rillaboom
|-crit|p2b: Rillaboom
|-damage|p2b: Rillaboom|0 fnt
|faint|p2b: Rillaboom
|
|-heal|p1b: Zacian|53/100|[from] Grassy Terrain
|-sideend|p2: Red Ooal Gown|move: Tailwind
|upkeep
|turn|15
|
|t:|1750865852
|move|p1b: Zacian|Protect|p1b: Zacian
|-singleturn|p1b: Zacian|Protect
|move|p2a: Lunala|Moongeist Beam|p1b: Zacian
|-activate|p1b: Zacian|move: Protect
|
|-heal|p1b: Zacian|59/100|[from] Grassy Terrain
|upkeep
|turn|16
|
|t:|1750865863
|move|p1b: Zacian|Behemoth Blade|p2a: Lunala
|-damage|p2a: Lunala|70/100
|move|p2a: Lunala|Moongeist Beam|p1b: Zacian
|-damage|p1b: Zacian|9/100
|
|-heal|p1b: Zacian|15/100|[from] Grassy Terrain
|-heal|p2a: Lunala|76/100|[from] Grassy Terrain
|upkeep
|turn|17
|inactive|Red Ooal Gown has 30 seconds left.
|
|t:|1750865895
|move|p1b: Zacian|Behemoth Blade|p2a: Lunala
|-damage|p2a: Lunala|18/100
|move|p2a: Lunala|Moongeist Beam|p1b: Zacian
|-damage|p1b: Zacian|0 fnt
|faint|p1b: Zacian
|
|win|Red Ooal Gown
|raw|Dipic's rating: 1344 &rarr; <strong>1323</strong><br />(-21 for losing)
|raw|Red Ooal Gown's rating: 1323 &rarr; <strong>1344</strong><br />(+21 for winning)
|l|☆Dipic
|player|p1|
|c|☆Red Ooal Gown|izi
|l|☆Red Ooal Gown
|player|p2|
