|j|☆tskkk
|j|☆gojo7simp
|html|<table width="100%"><tr><td align="left">tskkk</td><td align="right">gojo7simp</tr><tr><td align="left"><i class="fa fa-circle-o"></i> <i class="fa fa-circle-o"></i> </td><td align="right"><i class="fa fa-circle-o"></i> <i class="fa fa-circle"></i> </tr></table>
|uhtml|bestof|<h2><strong>Game 2</strong> of <a href="/game-bestof3-gen9vgc2025regi-2391666276">a best-of-3</a></h2>
|t:|1750881992
|gametype|doubles
|player|p1|tskkk|elesa|
|player|p2|gojo7simp|theroyal|
|teamsize|p1|6
|teamsize|p2|6
|gen|9
|tier|[Gen 9] VGC 2025 Reg I
|rule|Species Clause: Limit one of each Pokémon
|rule|Item Clause: Limit 1 of each item
|raw|<div class="infobox"><details class="readmore" open><summary><strong>1 custom rule:</strong></summary> Best of = 3</details></div>
|clearpoke
|poke|p1|Zacian-*, L50|
|poke|p1|Kyogre, L50|
|poke|p1|Urshifu-*, L50, F|
|poke|p1|Tornadus, L50, M|
|poke|p1|Rillaboom, L50, M|
|poke|p1|Incineroar, L50, M|
|poke|p2|Miraidon, L50|
|poke|p2|Calyrex-Ice, L50|
|poke|p2|Farigiraf, L50, M|
|poke|p2|Whimsicott, L50, M|
|poke|p2|Urshifu-*, L50, M|
|poke|p2|Iron Hands, L50|
|teampreview|4
gojo7simp has agreed to open team sheets.
|inactive|Battle timer is ON: inactive players will automatically lose when time's up. (requested by tskkk)
tskkk has agreed to open team sheets.
|showteam|p1|Zacian-Crowned||RustedSword|IntrepidSword|Protect,behemothblade,SacredSword,PlayRough||||||50|,,,,,Stellar]Kyogre||MysticWater|Drizzle|Protect,WaterSpout,OriginPulse,IceBeam||||||50|,,,,,Grass]Urshifu-Rapid-Strike||ChoiceScarf|UnseenFist|Uturn,SurgingStrikes,CloseCombat,TeraBlast|||F|||50|,,,,,Ghost]Tornadus||CovertCloak|Prankster|BleakwindStorm,RainDance,Tailwind,Taunt|||M|||50|,,,,,Dark]Rillaboom||AssaultVest|GrassySurge|Uturn,WoodHammer,GrassyGlide,FakeOut|||M|||50|,,,,,Fire]Incineroar||SafetyGoggles|Intimidate|PartingShot,WillOWisp,KnockOff,FakeOut|||M|||50|,,,,,Bug
|showteam|p2|Miraidon||ChoiceSpecs|HadronEngine|ElectroDrift,DazzlingGleam,VoltSwitch,DracoMeteor||||||50|,,,,,Fairy]Calyrex-Ice||ClearAmulet|AsOneGlastrier|GlacialLance,Protect,HighHorsepower,TrickRoom||||||50|,,,,,Water]Farigiraf||ElectricSeed|ArmorTail|TrickRoom,Psychic,HelpingHand,FoulPlay|||M|||50|,,,,,Water]Whimsicott||CovertCloak|Prankster|Tailwind,Encore,Moonblast,LightScreen|||M|||50|,,,,,Dark]Urshifu-Rapid-Strike||FocusSash|UnseenFist|SurgingStrikes,CloseCombat,AquaJet,Uturn|||M|||50|,,,,,Water]Iron Hands||AssaultVest|QuarkDrive|FakeOut,LowKick,DrainPunch,WildCharge||||||50|,,,,,Grass
|
|t:|1750882018
|start
|switch|p1a: Zacian|Zacian-Crowned, L50|100/100
|switch|p1b: Tornadus|Tornadus, L50, M|100/100
|switch|p2a: Calyrex|Calyrex-Ice, L50|100/100
|switch|p2b: Farigiraf|Farigiraf, L50, M|100/100
|-ability|p2a: Calyrex|As One
|-ability|p2a: Calyrex|Unnerve
|-ability|p1a: Zacian|Intrepid Sword|boost
|-boost|p1a: Zacian|atk|1
|turn|1
|
|t:|1750882042
|-terastallize|p2a: Calyrex|Water
|move|p1b: Tornadus|Tailwind|p1b: Tornadus
|-sidestart|p1: tskkk|move: Tailwind
|move|p1a: Zacian|Behemoth Blade|p2a: Calyrex
|-resisted|p2a: Calyrex
|-damage|p2a: Calyrex|72/100
|move|p2a: Calyrex|High Horsepower|p1a: Zacian
|-supereffective|p1a: Zacian
|-damage|p1a: Zacian|37/100
|move|p2b: Farigiraf|Trick Room|p2b: Farigiraf
|-fieldstart|move: Trick Room|[of] p2b: Farigiraf
|
|upkeep
|turn|2
|
|t:|1750882062
|switch|p1b: Kyogre|Kyogre, L50|100/100
|-weather|RainDance|[from] ability: Drizzle|[of] p1b: Kyogre
|switch|p1a: Incineroar|Incineroar, L50, M|100/100
|-ability|p1a: Incineroar|Intimidate|boost
|-fail|p2a: Calyrex|unboost|[from] item: Clear Amulet|[of] p2a: Calyrex
|-unboost|p2b: Farigiraf|atk|1
|move|p2b: Farigiraf|Helping Hand|p2a: Calyrex
|-singleturn|p2a: Calyrex|Helping Hand|[of] p2b: Farigiraf
|move|p2a: Calyrex|Glacial Lance|p1a: Incineroar|[spread] p1a,p1b
|-resisted|p1a: Incineroar
|-resisted|p1b: Kyogre
|-damage|p1a: Incineroar|65/100
|-damage|p1b: Kyogre|61/100
|
|-weather|RainDance|[upkeep]
|upkeep
|turn|3
|
|t:|1750882085
|move|p2a: Calyrex|High Horsepower|p1a: Incineroar|[miss]
|-miss|p2a: Calyrex|p1a: Incineroar
|move|p2b: Farigiraf|Psychic|p1b: Kyogre
|-damage|p1b: Kyogre|39/100
|move|p1a: Incineroar|Parting Shot|p2a: Calyrex
|-fail|p2a: Calyrex|unboost|[from] item: Clear Amulet|[of] p2a: Calyrex
|move|p1b: Kyogre|Origin Pulse|p2a: Calyrex|[spread] p2a,p2b
|-resisted|p2a: Calyrex
|-damage|p2a: Calyrex|42/100
|-damage|p2b: Farigiraf|41/100
|
|-weather|RainDance|[upkeep]
|upkeep
|turn|4
|
|t:|1750882105
|move|p2b: Farigiraf|Helping Hand|p2a: Calyrex
|-singleturn|p2a: Calyrex|Helping Hand|[of] p2b: Farigiraf
|move|p1b: Kyogre|Protect|p1b: Kyogre
|-singleturn|p1b: Kyogre|Protect
|move|p2a: Calyrex|Glacial Lance|p1b: Kyogre|[spread] p1a
|-activate|p1b: Kyogre|move: Protect
|-resisted|p1a: Incineroar
|-damage|p1a: Incineroar|27/100
|move|p1a: Incineroar|Will-O-Wisp|p2a: Calyrex
|-status|p2a: Calyrex|brn
|
|-weather|RainDance|[upkeep]
|-damage|p2a: Calyrex|36/100 brn|[from] brn
|-sideend|p1: tskkk|move: Tailwind
|upkeep
|turn|5
|c|☆gojo7simp|Nooo
|c|☆gojo7simp|Welp
|
|t:|1750882127
|move|p2a: Calyrex|High Horsepower|p1b: Kyogre
|-damage|p1b: Kyogre|21/100
|move|p2b: Farigiraf|Psychic|p1b: Kyogre
|-damage|p1b: Kyogre|0 fnt
|faint|p1b: Kyogre
|move|p1a: Incineroar|Knock Off|p2b: Farigiraf
|-supereffective|p2b: Farigiraf
|-damage|p2b: Farigiraf|0 fnt
|-enditem|p2b: Farigiraf|Electric Seed|[from] move: Knock Off|[of] p1a: Incineroar
|faint|p2b: Farigiraf
|
|-weather|RainDance|[upkeep]
|-damage|p2a: Calyrex|30/100 brn|[from] brn
|-fieldend|move: Trick Room
|upkeep
|
|t:|1750882143
|switch|p1b: Zacian|Zacian-Crowned, L50|37/100
|switch|p2b: Urshifu|Urshifu-Rapid-Strike, L50, M|100/100
|turn|6
|
|t:|1750882156
|switch|p1b: Tornadus|Tornadus, L50, M|100/100
|move|p2b: Urshifu|Surging Strikes|p1b: Tornadus
|-crit|p1b: Tornadus
|-damage|p1b: Tornadus|70/100
|-crit|p1b: Tornadus
|-damage|p1b: Tornadus|38/100
|-crit|p1b: Tornadus
|-damage|p1b: Tornadus|7/100
|-hitcount|p1b: Tornadus|3
|move|p1a: Incineroar|Will-O-Wisp|p2b: Urshifu
|-status|p2b: Urshifu|brn
|move|p2a: Calyrex|High Horsepower|p1a: Incineroar
|-supereffective|p1a: Incineroar
|-damage|p1a: Incineroar|0 fnt
|faint|p1a: Incineroar
|-ability|p2a: Calyrex|Chilling Neigh|boost
|-boost|p2a: Calyrex|atk|1
|
|-weather|none
|-damage|p2b: Urshifu|95/100 brn|[from] brn
|-damage|p2a: Calyrex|24/100 brn|[from] brn
|upkeep
|c|☆tskkk|im cooked
|
|t:|1750882177
|switch|p1a: Zacian|Zacian-Crowned, L50|37/100
|turn|7
|j| FakeAltUserr
|
|t:|1750882196
|move|p1b: Tornadus|Tailwind|p1b: Tornadus
|-sidestart|p1: tskkk|move: Tailwind
|move|p1a: Zacian|Play Rough|p2b: Urshifu
|-supereffective|p2b: Urshifu
|-damage|p2b: Urshifu|0 fnt
|faint|p2b: Urshifu
|move|p2a: Calyrex|Glacial Lance|p1b: Tornadus|[spread] p1a,p1b
|-resisted|p1a: Zacian
|-supereffective|p1b: Tornadus
|-damage|p1a: Zacian|20/100
|-damage|p1b: Tornadus|0 fnt
|faint|p1b: Tornadus
|-ability|p2a: Calyrex|Chilling Neigh|boost
|-boost|p2a: Calyrex|atk|1
|
|-damage|p2a: Calyrex|18/100 brn|[from] brn
|upkeep
|
|t:|1750882198
|switch|p2b: Miraidon|Miraidon, L50|100/100
|-fieldstart|move: Electric Terrain|[from] ability: Hadron Engine|[of] p2b: Miraidon
|turn|8
|c|☆gojo7simp|Gg
|c|☆tskkk|shii
|c|☆tskkk|rematch?
|c|☆gojo7simp|Sure
|
|t:|1750882219
|move|p1a: Zacian|Play Rough|p2b: Miraidon
|-supereffective|p2b: Miraidon
|-damage|p2b: Miraidon|1/100
|move|p2b: Miraidon|Electro Drift|p1a: Zacian
|-damage|p1a: Zacian|0 fnt
|faint|p1a: Zacian
|
|win|gojo7simp
|l|☆gojo7simp
|player|p2|
|c|☆tskkk|bet
|l|☆tskkk
|player|p1|
|j|☆gojo7simp
|player|p2|gojo7simp|theroyal|
