|j|☆Tony Krip
|j|☆elpipasomg
|t:|1750848240
|gametype|doubles
|player|p1|Tony Krip|hoopster|1121
|player|p2|elpipasomg|n|1080
|teamsize|p1|6
|teamsize|p2|6
|gen|9
|tier|[Gen 9] VGC 2025 Reg I
|rated|
|rule|Species Clause: Limit one of each Pokémon
|rule|Item Clause: Limit 1 of each item
|clearpoke
|poke|p1|Koraidon, L50|
|poke|p1|Raging Bolt, L50|
|poke|p1|Grimmsnarl, L50, M|
|poke|p1|Urshifu-*, L50, F|
|poke|p1|Incineroar, L50, F|
|poke|p1|Zacian-*, L50|
|poke|p2|Incineroar, L50, M|
|poke|p2|Arboliva, L50, M|
|poke|p2|Torkoal, L50, M|
|poke|p2|Dragapult, L50, F|
|poke|p2|Umbreon, L50, F|
|poke|p2|Scovillain, L50, M|
|teampreview|4
|inactive|Battle timer is ON: inactive players will automatically lose when time's up. (requested by Tony Krip)
Tony Krip rejected open team sheets.
|inactive|Tony Krip has 60 seconds left.
|inactive|Tony Krip has 30 seconds left.
|inactive|Tony Krip has 20 seconds left.
|inactive|Tony Krip has 15 seconds left.
|inactive|Tony Krip has 10 seconds left.
|
|t:|1750848326
|start
|switch|p1a: Incineroar|Incineroar, L50, F, shiny|100/100
|switch|p1b: Grimmsnarl|Grimmsnarl, L50, M, shiny|100/100
|switch|p2a: Arboliva|Arboliva, L50, M, shiny|100/100
|switch|p2b: Umbreon|Umbreon, L50, F|100/100
|-ability|p1a: Incineroar|Intimidate|boost
|-unboost|p2a: Arboliva|atk|1
|-fail|p2b: Umbreon|unboost|Attack|[from] ability: Inner Focus|[of] p2b: Umbreon
|turn|1
|inactive|Tony Krip has 30 seconds left.
|
|t:|1750848355
|switch|p1b: Koraidon|Koraidon, L50|100/100
|-weather|SunnyDay|[from] ability: Orichalcum Pulse|[of] p1b: Koraidon
|-activate|p1b: Koraidon|Orichalcum Pulse|[source]
|-terastallize|p2a: Arboliva|Water
|move|p2b: Umbreon|Toxic|p1b: Koraidon
|-status|p1b: Koraidon|tox
|move|p1a: Incineroar|Flare Blitz|p2a: Arboliva
|-resisted|p2a: Arboliva
|-damage|p2a: Arboliva|53/100
|-damage|p1a: Incineroar|86/100|[from] Recoil
|move|p2a: Arboliva|Leech Seed|p1a: Incineroar
|-start|p1a: Incineroar|move: Leech Seed
|
|-weather|SunnyDay|[upkeep]
|-damage|p1a: Incineroar|74/100|[from] Leech Seed|[of] p2a: Arboliva
|-heal|p2a: Arboliva|66/100|[silent]
|-damage|p1b: Koraidon|95/100 tox|[from] psn
|upkeep
|turn|2
|inactive|Tony Krip has 30 seconds left.
|inactive|Tony Krip has 20 seconds left.
|
|t:|1750848395
|move|p2b: Umbreon|Protect|p2b: Umbreon
|-singleturn|p2b: Umbreon|Protect
|move|p1b: Koraidon|Close Combat|p2b: Umbreon
|-activate|p2b: Umbreon|move: Protect
|move|p1a: Incineroar|Will-O-Wisp|p2a: Arboliva
|-status|p2a: Arboliva|brn
|move|p2a: Arboliva|Leech Seed|p1b: Koraidon
|-start|p1b: Koraidon|move: Leech Seed
|
|-weather|SunnyDay|[upkeep]
|-damage|p1b: Koraidon|83/100 tox|[from] Leech Seed|[of] p2a: Arboliva
|-heal|p2a: Arboliva|78/100 brn|[silent]
|-damage|p1a: Incineroar|61/100|[from] Leech Seed|[of] p2a: Arboliva
|-heal|p2a: Arboliva|91/100 brn|[silent]
|-damage|p1b: Koraidon|71/100 tox|[from] psn
|-damage|p2a: Arboliva|85/100 brn|[from] brn
|upkeep
|turn|3
|
|t:|1750848414
|switch|p2b: Scovillain|Scovillain, L50, M|100/100
|switch|p1a: Raging Bolt|Raging Bolt, L50|100/100
|-activate|p1a: Raging Bolt|ability: Protosynthesis
|-start|p1a: Raging Bolt|protosynthesisspa
|move|p1b: Koraidon|U-turn|p2b: Scovillain
|-damage|p2b: Scovillain|18/100
|-damage|p1b: Koraidon|62/100 tox|[from] item: Life Orb
|
|t:|1750848423
|switch|p1b: Incineroar|Incineroar, L50, F, shiny|61/100|[from] U-turn
|-ability|p1b: Incineroar|Intimidate|boost
|-unboost|p2a: Arboliva|atk|1
|-unboost|p2b: Scovillain|atk|1
|move|p2a: Arboliva|Substitute|p2a: Arboliva
|-start|p2a: Arboliva|Substitute
|-damage|p2a: Arboliva|60/100 brn
|
|-weather|SunnyDay|[upkeep]
|-damage|p2a: Arboliva|54/100 brn|[from] brn
|upkeep
|turn|4
|
|t:|1750848447
|move|p2b: Scovillain|Solar Beam||[still]
|-prepare|p2b: Scovillain|Solar Beam
|-anim|p2b: Scovillain|Solar Beam|p1a: Raging Bolt
|-resisted|p1a: Raging Bolt
|-damage|p1a: Raging Bolt|75/100
|move|p1a: Raging Bolt|Volt Switch|p2a: Arboliva
|-supereffective|p2a: Arboliva
|-end|p2a: Arboliva|Substitute
|
|t:|1750848457
|-end|p1a: Raging Bolt|Protosynthesis|[silent]
|switch|p1a: Grimmsnarl|Grimmsnarl, L50, M, shiny|100/100|[from] Volt Switch
|move|p1b: Incineroar|Flare Blitz|p2b: Scovillain
|-crit|p2b: Scovillain
|-damage|p2b: Scovillain|0 fnt
|faint|p2b: Scovillain
|-damage|p1b: Incineroar|57/100|[from] Recoil
|move|p2a: Arboliva|Leech Seed|p1b: Incineroar
|-start|p1b: Incineroar|move: Leech Seed
|
|-weather|SunnyDay|[upkeep]
|-damage|p1b: Incineroar|45/100|[from] Leech Seed|[of] p2a: Arboliva
|-heal|p2a: Arboliva|68/100 brn|[silent]
|-damage|p2a: Arboliva|62/100 brn|[from] brn
|upkeep
|
|t:|1750848465
|switch|p2b: Umbreon|Umbreon, L50, F|100/100
|turn|5
|
|t:|1750848483
|move|p1a: Grimmsnarl|Light Screen|p1a: Grimmsnarl
|-sidestart|p1: Tony Krip|move: Light Screen
|move|p2b: Umbreon|Wish|p2b: Umbreon
|move|p1b: Incineroar|Will-O-Wisp|p2b: Umbreon
|-status|p2b: Umbreon|brn
|move|p2a: Arboliva|Leech Seed|p1a: Grimmsnarl
|-start|p1a: Grimmsnarl|move: Leech Seed
|
|-weather|none
|-damage|p1a: Grimmsnarl|88/100|[from] Leech Seed|[of] p2a: Arboliva
|-heal|p2a: Arboliva|75/100 brn|[silent]
|-damage|p1b: Incineroar|33/100|[from] Leech Seed|[of] p2a: Arboliva
|-heal|p2a: Arboliva|89/100 brn|[silent]
|-damage|p2b: Umbreon|95/100 brn|[from] brn
|-damage|p2a: Arboliva|83/100 brn|[from] brn
|upkeep
|turn|6
|
|t:|1750848508
|switch|p1a: Koraidon|Koraidon, L50|62/100 tox
|-weather|SunnyDay|[from] ability: Orichalcum Pulse|[of] p1a: Koraidon
|-activate|p1a: Koraidon|Orichalcum Pulse|[source]
|move|p2b: Umbreon|Substitute|p2b: Umbreon
|-start|p2b: Umbreon|Substitute
|-damage|p2b: Umbreon|70/100 brn
|move|p1b: Incineroar|Parting Shot|p2b: Umbreon
|-unboost|p2b: Umbreon|atk|1
|-unboost|p2b: Umbreon|spa|1
|
|t:|1750848517
|switch|p1b: Grimmsnarl|Grimmsnarl, L50, M, shiny|88/100|[from] Parting Shot
|move|p2a: Arboliva|Substitute|p2a: Arboliva
|-start|p2a: Arboliva|Substitute
|-damage|p2a: Arboliva|58/100 brn
|
|-weather|SunnyDay|[upkeep]
|-heal|p2b: Umbreon|100/100 brn|[from] move: Wish|[wisher] Umbreon
|-damage|p1a: Koraidon|56/100 tox|[from] psn
|-damage|p2b: Umbreon|95/100 brn|[from] brn
|-damage|p2a: Arboliva|52/100 brn|[from] brn
|upkeep
|turn|7
|
|t:|1750848538
|move|p1a: Koraidon|U-turn|p2b: Umbreon
|-supereffective|p2b: Umbreon
|-end|p2b: Umbreon|Substitute
|-damage|p1a: Koraidon|46/100 tox|[from] item: Life Orb
|
|t:|1750848543
|switch|p1a: Raging Bolt|Raging Bolt, L50|75/100|[from] U-turn
|-activate|p1a: Raging Bolt|ability: Protosynthesis
|-start|p1a: Raging Bolt|protosynthesisspa
|move|p2b: Umbreon|Toxic|p1b: Grimmsnarl
|-status|p1b: Grimmsnarl|tox
|move|p1b: Grimmsnarl|Spirit Break|p2a: Arboliva
|-crit|p2a: Arboliva
|-end|p2a: Arboliva|Substitute
|move|p2a: Arboliva|Leech Seed|p1a: Raging Bolt
|-start|p1a: Raging Bolt|move: Leech Seed
|
|-weather|SunnyDay|[upkeep]
|-heal|p2b: Umbreon|100/100 brn|[from] item: Leftovers
|-damage|p1a: Raging Bolt|63/100|[from] Leech Seed|[of] p2a: Arboliva
|-heal|p2a: Arboliva|67/100 brn|[silent]
|-damage|p1b: Grimmsnarl|82/100 tox|[from] psn
|-damage|p2b: Umbreon|95/100 brn|[from] brn
|-damage|p2a: Arboliva|61/100 brn|[from] brn
|upkeep
|turn|8
|inactive|Tony Krip has 30 seconds left.
|inactive|elpipasomg has 30 seconds left.
|
|t:|1750848577
|move|p2a: Arboliva|Protect|p2a: Arboliva
|-singleturn|p2a: Arboliva|Protect
|move|p1a: Raging Bolt|Volt Switch|p2a: Arboliva
|-activate|p2a: Arboliva|move: Protect
|move|p2b: Umbreon|Toxic|p1a: Raging Bolt
|-status|p1a: Raging Bolt|tox
|move|p1b: Grimmsnarl|Spirit Break|p2b: Umbreon
|-supereffective|p2b: Umbreon
|-damage|p2b: Umbreon|35/100 brn
|-unboost|p2b: Umbreon|spa|1
|
|-weather|SunnyDay|[upkeep]
|-heal|p2b: Umbreon|41/100 brn|[from] item: Leftovers
|-damage|p1a: Raging Bolt|51/100 tox|[from] Leech Seed|[of] p2a: Arboliva
|-heal|p2a: Arboliva|77/100 brn|[silent]
|-damage|p1a: Raging Bolt|45/100 tox|[from] psn
|-damage|p1b: Grimmsnarl|70/100 tox|[from] psn
|-damage|p2b: Umbreon|35/100 brn|[from] brn
|-damage|p2a: Arboliva|71/100 brn|[from] brn
|upkeep
|turn|9
|
|t:|1750848598
|move|p1a: Raging Bolt|Volt Switch|p2a: Arboliva
|-supereffective|p2a: Arboliva
|-damage|p2a: Arboliva|0 fnt
|faint|p2a: Arboliva
|
|t:|1750848604
|-end|p1a: Raging Bolt|Protosynthesis|[silent]
|switch|p1a: Incineroar|Incineroar, L50, F, shiny|33/100|[from] Volt Switch
|-ability|p1a: Incineroar|Intimidate|boost
|-fail|p2b: Umbreon|unboost|Attack|[from] ability: Inner Focus|[of] p2b: Umbreon
|move|p2b: Umbreon|Substitute|p2b: Umbreon
|-start|p2b: Umbreon|Substitute
|-damage|p2b: Umbreon|10/100 brn
|move|p1b: Grimmsnarl|Spirit Break|p2b: Umbreon
|-supereffective|p2b: Umbreon
|-end|p2b: Umbreon|Substitute
|
|-weather|SunnyDay|[upkeep]
|-heal|p2b: Umbreon|16/100 brn|[from] item: Leftovers
|-damage|p1b: Grimmsnarl|52/100 tox|[from] psn
|-damage|p2b: Umbreon|10/100 brn|[from] brn
|upkeep
|
|t:|1750848614
|switch|p2a: Dragapult|Dragapult, L50, F|100/100
|turn|10
|
|t:|1750848629
|move|p1b: Grimmsnarl|Thunder Wave|p2a: Dragapult|[miss]
|-miss|p1b: Grimmsnarl|p2a: Dragapult
|move|p2a: Dragapult|Dragon Darts|p1a: Incineroar
|-damage|p1a: Incineroar|0 fnt
|faint|p1a: Incineroar
|move|p2b: Umbreon|Wish|p2b: Umbreon
|
|-weather|none
|-heal|p2b: Umbreon|16/100 brn|[from] item: Leftovers
|-damage|p1b: Grimmsnarl|29/100 tox|[from] psn
|-damage|p2b: Umbreon|10/100 brn|[from] brn
|upkeep
|
|t:|1750848639
|switch|p1a: Raging Bolt|Raging Bolt, L50|45/100 tox
|turn|11
|
|t:|1750848653
|-terastallize|p1a: Raging Bolt|Fairy
|move|p2b: Umbreon|Protect|p2b: Umbreon
|-singleturn|p2b: Umbreon|Protect
|move|p1b: Grimmsnarl|Thunder Wave|p2a: Dragapult
|-status|p2a: Dragapult|par
|move|p2a: Dragapult|Dragon Darts|p1a: Raging Bolt
|move|p1a: Raging Bolt|Draco Meteor|p2a: Dragapult
|-supereffective|p2a: Dragapult
|-damage|p2a: Dragapult|0 fnt
|-unboost|p1a: Raging Bolt|spa|2
|faint|p2a: Dragapult
|
|-heal|p2b: Umbreon|60/100 brn|[from] move: Wish|[wisher] Umbreon
|-heal|p2b: Umbreon|66/100 brn|[from] item: Leftovers
|-damage|p1a: Raging Bolt|39/100 tox|[from] psn
|-damage|p1b: Grimmsnarl|0 fnt|[from] psn
|faint|p1b: Grimmsnarl
|-damage|p2b: Umbreon|60/100 brn|[from] brn
|upkeep
|
|t:|1750848671
|switch|p1b: Koraidon|Koraidon, L50|46/100 tox
|-weather|SunnyDay|[from] ability: Orichalcum Pulse|[of] p1b: Koraidon
|-activate|p1a: Raging Bolt|ability: Protosynthesis
|-start|p1a: Raging Bolt|protosynthesisdef
|-activate|p1b: Koraidon|Orichalcum Pulse|[source]
|turn|12
|
|t:|1750848678
|move|p1b: Koraidon|Close Combat|p2b: Umbreon
|-supereffective|p2b: Umbreon
|-damage|p2b: Umbreon|0 fnt
|-unboost|p1b: Koraidon|def|1
|-unboost|p1b: Koraidon|spd|1
|faint|p2b: Umbreon
|-damage|p1b: Koraidon|36/100 tox|[from] item: Life Orb
|
|win|Tony Krip
|raw|Tony Krip's rating: 1121 &rarr; <strong>1143</strong><br />(+22 for winning)
|raw|elpipasomg's rating: 1080 &rarr; <strong>1061</strong><br />(-19 for losing)
|l|☆elpipasomg
|player|p2|
|l|☆Tony Krip
|player|p1|
