|j|☆Azemon
|j|☆yi0721
|t:|1750770461
|gametype|doubles
|player|p1|Azemon|266|1434
|player|p2|yi0721|rosa|1398
|teamsize|p1|6
|teamsize|p2|6
|gen|9
|tier|[Gen 9] VGC 2025 Reg I
|rated|
|rule|Species Clause: Limit one of each Pokémon
|rule|Item Clause: Limit 1 of each item
|clearpoke
|poke|p1|Kyogre, L50|
|poke|p1|Raichu, L50, M|
|poke|p1|Tornadus, L50, M|
|poke|p1|Farigiraf, L50, M|
|poke|p1|Sneasler, L50, F|
|poke|p1|Zacian-*, L50|
|poke|p2|Miraidon, L50|
|poke|p2|Calyrex-Ice, L50|
|poke|p2|Urshifu-*, L50, M|
|poke|p2|Ting-Lu, L50|
|poke|p2|Cresselia, L50, F|
|poke|p2|Hitmontop, L50, M|
|teampreview|4
|
|t:|1750770493
|start
|switch|p1a: Kyogre|Kyogre, L50|100/100
|switch|p1b: Sneasler|Sneasler, L50, F|100/100
|switch|p2a: Calyrex|Calyrex-Ice, L50|100/100
|switch|p2b: Hitmontop|Hitmontop, L50, M, shiny|100/100
|-ability|p2a: Calyrex|As One
|-ability|p2a: Calyrex|Unnerve
|-weather|RainDance|[from] ability: Drizzle|[of] p1a: Kyogre
|-ability|p2b: Hitmontop|Intimidate|boost
|-unboost|p1a: Kyogre|atk|1
|-unboost|p1b: Sneasler|atk|1
|turn|1
|
|t:|1750770513
|-terastallize|p1a: Kyogre|Water
|move|p2a: Calyrex|Protect|p2a: Calyrex
|-singleturn|p2a: Calyrex|Protect
|move|p1b: Sneasler|Fake Out|p2b: Hitmontop
|-damage|p2b: Hitmontop|90/100
|-damage|p1b: Sneasler|84/100|[from] item: Rocky Helmet|[of] p2b: Hitmontop
|cant|p2b: Hitmontop|flinch
|move|p1a: Kyogre|Water Spout|p2a: Calyrex|[spread] p2b
|-activate|p2a: Calyrex|move: Protect
|-damage|p2b: Hitmontop|0 fnt
|faint|p2b: Hitmontop
|
|-weather|RainDance|[upkeep]
|upkeep
|
|t:|1750770528
|switch|p2b: Ting-Lu|Ting-Lu, L50|100/100
|-ability|p2b: Ting-Lu|Vessel of Ruin
|turn|2
|
|t:|1750770538
|-terastallize|p2a: Calyrex|Grass
|move|p1a: Kyogre|Water Spout|p2b: Ting-Lu|[spread] p2a,p2b
|-resisted|p2a: Calyrex
|-supereffective|p2b: Ting-Lu
|-damage|p2a: Calyrex|67/100
|-damage|p2b: Ting-Lu|0 fnt
|faint|p2b: Ting-Lu
|move|p1b: Sneasler|Dire Claw|p2a: Calyrex
|-supereffective|p2a: Calyrex
|-damage|p2a: Calyrex|31/100
|-status|p2a: Calyrex|par
|move|p2a: Calyrex|Trick Room|p2a: Calyrex
|-fieldstart|move: Trick Room|[of] p2a: Calyrex
|
|-weather|RainDance|[upkeep]
|-heal|p2a: Calyrex|37/100 par|[from] item: Leftovers
|upkeep
|
|t:|1750770553
|switch|p2b: Miraidon|Miraidon, L50|100/100
|-fieldstart|move: Electric Terrain|[from] ability: Hadron Engine|[of] p2b: Miraidon
|turn|3
|
|t:|1750770563
|switch|p1a: Raichu|Raichu, L50, M|100/100
|move|p2a: Calyrex|Glacial Lance|p1b: Sneasler|[spread] p1a,p1b
|-damage|p1a: Raichu|38/100
|-damage|p1b: Sneasler|0 fnt
|faint|p1b: Sneasler
|-ability|p2a: Calyrex|Chilling Neigh|boost
|-boost|p2a: Calyrex|atk|1
|move|p2b: Miraidon|Discharge|p1a: Raichu|[spread] p2a
|-ability|p1a: Raichu|Lightning Rod|boost
|-boost|p1a: Raichu|spa|1
|-resisted|p2a: Calyrex
|-damage|p2a: Calyrex|18/100 par
|
|-weather|RainDance|[upkeep]
|-heal|p2a: Calyrex|24/100 par|[from] item: Leftovers
|upkeep
|
|t:|1750770581
|switch|p1b: Zacian|Zacian-Crowned, L50|100/100
|-ability|p1b: Zacian|Intrepid Sword|boost
|-boost|p1b: Zacian|atk|1
|turn|4
|
|t:|1750770589
|move|p1a: Raichu|Fake Out|p2a: Calyrex
|-damage|p2a: Calyrex|19/100 par
|cant|p2a: Calyrex|flinch
|move|p1b: Zacian|Play Rough|p2b: Miraidon
|-supereffective|p2b: Miraidon
|-damage|p2b: Miraidon|0 fnt
|faint|p2b: Miraidon
|
|-weather|RainDance|[upkeep]
|-heal|p2a: Calyrex|25/100 par|[from] item: Leftovers
|upkeep
|turn|5
|
|t:|1750770605
|move|p2a: Calyrex|Glacial Lance|p1b: Zacian|[spread] p1a,p1b
|-resisted|p1b: Zacian
|-damage|p1a: Raichu|0 fnt
|-damage|p1b: Zacian|64/100
|faint|p1a: Raichu
|-ability|p2a: Calyrex|Chilling Neigh|boost
|-boost|p2a: Calyrex|atk|1
|move|p1b: Zacian|Behemoth Blade|p2a: Calyrex
|-damage|p2a: Calyrex|0 fnt
|faint|p2a: Calyrex
|
|win|Azemon
|raw|Azemon's rating: 1434 &rarr; <strong>1452</strong><br />(+18 for winning)
|raw|yi0721's rating: 1398 &rarr; <strong>1380</strong><br />(-18 for losing)
|l|☆yi0721
|player|p2|
|l|☆Azemon
|player|p1|
|j|☆Azemon
|player|p1|Azemon|266|
