|j|☆Michaelchad
|j|☆Miurez
|t:|1750861882
|gametype|doubles
|player|p1|Michaelchad|265|1455
|player|p2|Miurez|pokemonranger-gen4|1452
|teamsize|p1|6
|teamsize|p2|6
|gen|9
|tier|[Gen 9] VGC 2025 Reg I
|rated|
|rule|Species Clause: Limit one of each Pokémon
|rule|Item Clause: Limit 1 of each item
|clearpoke
|poke|p1|Ho-Oh, L50|
|poke|p1|Urshifu-*, L50, F|
|poke|p1|Toxapex, L50, M|
|poke|p1|Landorus, L50, M|
|poke|p1|Miraidon, L50|
|poke|p1|Rhyperior, L50, F|
|poke|p2|Miraidon, L50|
|poke|p2|Raichu-Alola, L50, F|
|poke|p2|Calyrex-Ice, L50|
|poke|p2|Iron Valiant, L50|
|poke|p2|Incineroar, L50, F|
|poke|p2|Ogerpon-Wellspring, L50, F|
|teampreview|4
|inactive|Battle timer is ON: inactive players will automatically lose when time's up. (requested by Michaelchad)
|
|t:|1750861912
|start
|switch|p1a: Toxapex|Toxapex, L50, M, shiny|100/100
|switch|p1b: Urshifu|Urshifu, L50, F|100/100
|switch|p2a: Miraidon|Miraidon, L50|100/100
|switch|p2b: Raichu|Raichu-Alola, L50, F|100/100
|-fieldstart|move: Electric Terrain|[from] ability: Hadron Engine|[of] p2a: Miraidon
|turn|1
|
|t:|1750861934
|move|p1a: Toxapex|Baneful Bunker|p1a: Toxapex
|-singleturn|p1a: Toxapex|move: Protect
|move|p2b: Raichu|Fake Out|p1b: Urshifu
|-damage|p1b: Urshifu|93/100
|move|p2a: Miraidon|Dazzling Gleam|p1b: Urshifu|[spread] p1b
|-activate|p1a: Toxapex|move: Protect
|-supereffective|p1b: Urshifu
|-damage|p1b: Urshifu|0 fnt
|faint|p1b: Urshifu
|
|upkeep
|
|t:|1750861944
|switch|p1b: Miraidon|Miraidon, L50|100/100
|-activate|p1b: Miraidon|ability: Hadron Engine
|turn|2
|inactive|Michaelchad has 30 seconds left.
|
|t:|1750861971
|-terastallize|p2a: Miraidon|Fairy
|-terastallize|p1a: Toxapex|Dark
|move|p1a: Toxapex|Wide Guard|p1a: Toxapex
|-singleturn|p1a: Toxapex|Wide Guard
|move|p2b: Raichu|Electroweb|p1a: Toxapex|[spread] 
|-activate|p1a: Toxapex|move: Wide Guard
|-activate|p1b: Miraidon|move: Wide Guard
|move|p1b: Miraidon|Electro Drift|p2a: Miraidon
|-damage|p2a: Miraidon|21/100
|move|p2a: Miraidon|Dazzling Gleam|p1a: Toxapex|[spread] 
|-activate|p1a: Toxapex|move: Wide Guard
|-activate|p1b: Miraidon|move: Wide Guard
|
|upkeep
|turn|3
|
|t:|1750861994
|switch|p2a: Incineroar|Incineroar, L50, F|100/100
|-ability|p2a: Incineroar|Intimidate|boost
|-unboost|p1a: Toxapex|atk|1
|-unboost|p1b: Miraidon|atk|1
|move|p1a: Toxapex|Wide Guard|p1a: Toxapex
|-singleturn|p1a: Toxapex|Wide Guard
|move|p2b: Raichu|Volt Switch|p1a: Toxapex
|-damage|p1a: Toxapex|71/100
|
|t:|1750862003
|switch|p2b: Calyrex|Calyrex-Ice, L50|100/100|[from] Volt Switch
|-ability|p2b: Calyrex|As One
|-ability|p2b: Calyrex|Unnerve
|move|p1b: Miraidon|Electro Drift|p2a: Incineroar
|-damage|p2a: Incineroar|19/100
|
|-heal|p1a: Toxapex|77/100|[from] item: Leftovers
|upkeep
|turn|4
|
|t:|1750862027
|switch|p1b: Ho-Oh|Ho-Oh, L50|100/100
|move|p2a: Incineroar|Fake Out|p1a: Toxapex
|-damage|p1a: Toxapex|70/100
|cant|p1a: Toxapex|flinch
|move|p2b: Calyrex|Glacial Lance|p1a: Toxapex|[spread] p1a,p1b
|-damage|p1a: Toxapex|35/100
|-damage|p1b: Ho-Oh|58/100
|
|-heal|p1a: Toxapex|41/100|[from] item: Leftovers
|upkeep
|turn|5
|
|t:|1750862046
|switch|p2a: Raichu|Raichu-Alola, L50, F|100/100
|move|p2b: Calyrex|Protect|p2b: Calyrex
|-singleturn|p2b: Calyrex|Protect
|move|p1a: Toxapex|Wide Guard|p1a: Toxapex
|-singleturn|p1a: Toxapex|Wide Guard
|move|p1b: Ho-Oh|Sacred Fire|p2b: Calyrex
|-activate|p2b: Calyrex|move: Protect
|
|-heal|p1a: Toxapex|46/100|[from] item: Leftovers
|-fieldend|move: Electric Terrain
|upkeep
|turn|6
|
|t:|1750862069
|switch|p1b: Miraidon|Miraidon, L50|100/100
|-fieldstart|move: Electric Terrain|[from] ability: Hadron Engine|[of] p1b: Miraidon
|move|p2a: Raichu|Fake Out|p1a: Toxapex
|-damage|p1a: Toxapex|41/100
|cant|p1a: Toxapex|flinch
|move|p2b: Calyrex|Glacial Lance|p1a: Toxapex|[spread] p1a,p1b
|-supereffective|p1b: Miraidon
|-damage|p1a: Toxapex|1/100
|-damage|p1b: Miraidon|0 fnt
|faint|p1b: Miraidon
|-ability|p2b: Calyrex|Chilling Neigh|boost
|-boost|p2b: Calyrex|atk|1
|
|-heal|p1a: Toxapex|7/100|[from] item: Leftovers
|upkeep
|
|t:|1750862083
|switch|p1b: Ho-Oh|Ho-Oh, L50|92/100
|turn|7
|
|t:|1750862097
|move|p2b: Calyrex|Protect|p2b: Calyrex
|-singleturn|p2b: Calyrex|Protect
|move|p1a: Toxapex|Wide Guard|p1a: Toxapex
|-singleturn|p1a: Toxapex|Wide Guard
|move|p2a: Raichu|Volt Switch|p1b: Ho-Oh
|-supereffective|p1b: Ho-Oh
|-damage|p1b: Ho-Oh|49/100
|
|t:|1750862105
|switch|p2a: Incineroar|Incineroar, L50, F|19/100|[from] Volt Switch
|-ability|p2a: Incineroar|Intimidate|boost
|-unboost|p1a: Toxapex|atk|1
|-unboost|p1b: Ho-Oh|atk|1
|move|p1b: Ho-Oh|Sacred Fire|p2a: Incineroar|[miss]
|-miss|p1b: Ho-Oh|p2a: Incineroar
|
|-heal|p1a: Toxapex|13/100|[from] item: Leftovers
|upkeep
|turn|8
|-message|Michaelchad forfeited.
|
|win|Miurez
|raw|Michaelchad's rating: 1455 &rarr; <strong>1435</strong><br />(-20 for losing)
|raw|Miurez's rating: 1452 &rarr; <strong>1472</strong><br />(+20 for winning)
|l|☆Michaelchad
|player|p1|
|l|☆Miurez
|player|p2|
