|j|☆ChickenZX
|j|☆Yuans Reive
|t:|1750711961
|gametype|doubles
|player|p1|ChickenZX|fisherman-gen4|1458
|player|p2|Yuans Reive|2|1542
|teamsize|p1|6
|teamsize|p2|6
|gen|9
|tier|[Gen 9] VGC 2025 Reg I
|rated|
|rule|Species Clause: Limit one of each Pokémon
|rule|Item Clause: Limit 1 of each item
|clearpoke
|poke|p1|Calyrex-Ice, L50|
|poke|p1|Hatterene, L50, F|
|poke|p1|Indeedee-F, L50, F|
|poke|p1|Zacian-*, L50|
|poke|p1|Ogerpon-Cornerstone, L50, F|
|poke|p1|Whimsicott, L50, F|
|poke|p2|Koraidon, L50|
|poke|p2|Lunala, L50|
|poke|p2|Incineroar, L50, F|
|poke|p2|Rillaboom, L50, M|
|poke|p2|Scream Tail, L50|
|poke|p2|Raging Bolt, L50|
|teampreview|4
|inactive|Battle timer is ON: inactive players will automatically lose when time's up. (requested by ChickenZX)
Yuans Reive has agreed to open team sheets.
ChickenZX has agreed to open team sheets.
|showteam|p1|Calyrex-Ice||ClearAmulet|AsOneGlastrier|GlacialLance,CloseCombat,TrickRoom,Protect||||||50|,,,,,Fire]Hatterene||LifeOrb|MagicBounce|ExpandingForce,DazzlingGleam,Nuzzle,Protect|||F|||50|,,,,,Water]Indeedee-F||PsychicSeed|PsychicSurge|ShadowBall,FollowMe,TrickRoom,HelpingHand|||F|||50|,,,,,Grass]Zacian-Crowned||RustedSword|IntrepidSword|behemothblade,PlayRough,SacredSword,Protect||||||50|,,,,,Fairy]Ogerpon-Cornerstone||CornerstoneMask|Sturdy|IvyCudgel,HornLeech,FollowMe,SpikyShield|||F|||50|,,,,,Rock]Whimsicott||CovertCloak|Prankster|Moonblast,Encore,Tailwind,LightScreen|||F|||50|,,,,,Water
|showteam|p2|Koraidon||LifeOrb|OrichalcumPulse|CloseCombat,FlareBlitz,Uturn,Protect||||||50|,,,,,Fire]Lunala||Leftovers|ShadowShield|MoongeistBeam,Moonblast,CalmMind,Protect||||||50|,,,,,Fairy]Incineroar||SafetyGoggles|Intimidate|FakeOut,KnockOff,WillOWisp,PartingShot|||F|||50|,,,,,Bug]Rillaboom||AssaultVest|GrassySurge|FakeOut,DrumBeating,GrassyGlide,Uturn|||M|||50|,,,,,Fire]Scream Tail||CovertCloak|Protosynthesis|Encore,Disable,PsychicFangs,Protect||||||50|,,,,,Dark]Raging Bolt||Magnet|Protosynthesis|Thunderbolt,Thunderclap,DracoMeteor,Protect||||||50|,,,,,Electric
|inactive|ChickenZX has 60 seconds left.
|inactive|Yuans Reive has 60 seconds left.
|
|t:|1750711999
|start
|switch|p1a: Calyrex|Calyrex-Ice, L50|100/100
|switch|p1b: Hatterene|Hatterene, L50, F|100/100
|switch|p2a: Scream Tail|Scream Tail, L50|100/100
|switch|p2b: Lunala|Lunala, L50|100/100
|-ability|p1a: Calyrex|As One
|-ability|p1a: Calyrex|Unnerve
|turn|1
|
|t:|1750712022
|switch|p1a: Whimsicott|Whimsicott, L50, F|100/100
|move|p2a: Scream Tail|Protect|p2a: Scream Tail
|-singleturn|p2a: Scream Tail|Protect
|move|p2b: Lunala|Calm Mind|p2b: Lunala
|-boost|p2b: Lunala|spa|1
|-boost|p2b: Lunala|spd|1
|move|p1b: Hatterene|Nuzzle|p2b: Lunala
|-damage|p2b: Lunala|98/100
|-status|p2b: Lunala|par
|-damage|p1b: Hatterene|91/100|[from] item: Life Orb
|
|-heal|p2b: Lunala|100/100 par|[from] item: Leftovers
|upkeep
|turn|2
|
|t:|1750712036
|-end|p2a: Scream Tail|Protosynthesis|[silent]
|switch|p2a: Koraidon|Koraidon, L50|100/100
|-weather|SunnyDay|[from] ability: Orichalcum Pulse|[of] p2a: Koraidon
|-activate|p2a: Koraidon|Orichalcum Pulse|[source]
|switch|p2b: Rillaboom|Rillaboom, L50, M|100/100
|-fieldstart|move: Grassy Terrain|[from] ability: Grassy Surge|[of] p2b: Rillaboom
|move|p1a: Whimsicott|Light Screen|p1a: Whimsicott
|-sidestart|p1: ChickenZX|move: Light Screen
|move|p1b: Hatterene|Nuzzle|p2a: Koraidon
|-resisted|p2a: Koraidon
|-damage|p2a: Koraidon|98/100
|-status|p2a: Koraidon|par
|-damage|p1b: Hatterene|81/100|[from] item: Life Orb
|
|-weather|SunnyDay|[upkeep]
|-heal|p2a: Koraidon|100/100 par|[from] Grassy Terrain
|-heal|p1b: Hatterene|87/100|[from] Grassy Terrain
|upkeep
|turn|3
|inactive|ChickenZX has 30 seconds left.
|
|t:|1750712062
|-terastallize|p2a: Koraidon|Fire
|move|p1b: Hatterene|Protect|p1b: Hatterene
|-singleturn|p1b: Hatterene|Protect
|move|p2b: Rillaboom|Fake Out|p1b: Hatterene
|-activate|p1b: Hatterene|move: Protect
|move|p1a: Whimsicott|Moonblast|p2a: Koraidon
|-resisted|p2a: Koraidon
|-damage|p2a: Koraidon|87/100 par
|move|p2a: Koraidon|Flare Blitz|p1a: Whimsicott
|-supereffective|p1a: Whimsicott
|-damage|p1a: Whimsicott|0 fnt
|faint|p1a: Whimsicott
|-damage|p2a: Koraidon|56/100 par|[from] Recoil
|-damage|p2a: Koraidon|46/100 par|[from] item: Life Orb
|
|-weather|SunnyDay|[upkeep]
|-heal|p2a: Koraidon|52/100 par|[from] Grassy Terrain
|-heal|p1b: Hatterene|93/100|[from] Grassy Terrain
|upkeep
|
|t:|1750712084
|switch|p1a: Calyrex|Calyrex-Ice, L50|100/100
|-ability|p1a: Calyrex|As One
|-ability|p1a: Calyrex|Unnerve
|turn|4
|
|t:|1750712098
|-terastallize|p1a: Calyrex|Fire
|move|p2b: Rillaboom|U-turn|p1a: Calyrex
|-resisted|p1a: Calyrex
|-damage|p1a: Calyrex|94/100
|
|t:|1750712101
|switch|p2b: Scream Tail|Scream Tail, L50|100/100|[from] U-turn
|-activate|p2b: Scream Tail|ability: Protosynthesis
|-start|p2b: Scream Tail|protosynthesisspe
|move|p1a: Calyrex|Close Combat|p2a: Koraidon
|-damage|p2a: Koraidon|8/100 par
|-unboost|p1a: Calyrex|def|1
|-unboost|p1a: Calyrex|spd|1
|move|p2a: Koraidon|Flare Blitz|p1b: Hatterene
|-damage|p1b: Hatterene|0 fnt
|faint|p1b: Hatterene
|-damage|p2a: Koraidon|0 fnt|[from] Recoil
|faint|p2a: Koraidon
|
|-weather|SunnyDay|[upkeep]
|-heal|p1a: Calyrex|99/100|[from] Grassy Terrain
|upkeep
|
|t:|1750712112
|switch|p2a: Lunala|Lunala, L50|100/100 par
|switch|p1b: Zacian|Zacian-Crowned, L50|100/100
|-ability|p1b: Zacian|Intrepid Sword|boost
|-boost|p1b: Zacian|atk|1
|turn|5
|
|t:|1750712133
|move|p2b: Scream Tail|Encore|p1a: Calyrex
|-start|p1a: Calyrex|Encore
|move|p1b: Zacian|Behemoth Blade|p2b: Scream Tail
|-supereffective|p2b: Scream Tail
|-damage|p2b: Scream Tail|0 fnt
|faint|p2b: Scream Tail
|-end|p2b: Scream Tail|Protosynthesis|[silent]
|move|p1a: Calyrex|Close Combat|p2a: Lunala
|-immune|p2a: Lunala
|move|p2a: Lunala|Calm Mind|p2a: Lunala
|-boost|p2a: Lunala|spa|1
|-boost|p2a: Lunala|spd|1
|
|-weather|SunnyDay|[upkeep]
|-heal|p1a: Calyrex|100/100|[from] Grassy Terrain
|upkeep
|
|t:|1750712135
|switch|p2b: Rillaboom|Rillaboom, L50, M|100/100
|turn|6
|
|t:|1750712144
|move|p2b: Rillaboom|Fake Out|p1b: Zacian
|-resisted|p1b: Zacian
|-damage|p1b: Zacian|95/100
|cant|p1b: Zacian|flinch
|move|p1a: Calyrex|Close Combat|p2b: Rillaboom
|-damage|p2b: Rillaboom|58/100
|-unboost|p1a: Calyrex|def|1
|-unboost|p1a: Calyrex|spd|1
|cant|p2a: Lunala|par
|
|-weather|none
|-heal|p1b: Zacian|100/100|[from] Grassy Terrain
|-heal|p2b: Rillaboom|64/100|[from] Grassy Terrain
|-sideend|p1: ChickenZX|move: Light Screen
|-fieldend|move: Grassy Terrain
|upkeep
|turn|7
|
|t:|1750712158
|move|p1b: Zacian|Behemoth Blade|p2a: Lunala
|-damage|p2a: Lunala|66/100 par
|move|p2b: Rillaboom|Drum Beating|p1b: Zacian
|-resisted|p1b: Zacian
|-damage|p1b: Zacian|86/100
|-unboost|p1b: Zacian|spe|1
|move|p1a: Calyrex|Close Combat|p2b: Rillaboom
|-crit|p2b: Rillaboom
|-damage|p2b: Rillaboom|6/100
|-unboost|p1a: Calyrex|def|1
|-unboost|p1a: Calyrex|spd|1
|move|p2a: Lunala|Moongeist Beam|p1a: Calyrex
|-damage|p1a: Calyrex|0 fnt
|faint|p1a: Calyrex
|
|-heal|p2a: Lunala|72/100 par|[from] item: Leftovers
|upkeep
|turn|8
|
|t:|1750712169
|move|p2b: Rillaboom|Drum Beating|p1b: Zacian
|-resisted|p1b: Zacian
|-damage|p1b: Zacian|71/100
|-unboost|p1b: Zacian|spe|1
|move|p1b: Zacian|Behemoth Blade|p2a: Lunala
|-damage|p2a: Lunala|8/100 par
|move|p2a: Lunala|Moongeist Beam|p1b: Zacian
|-damage|p1b: Zacian|0 fnt
|faint|p1b: Zacian
|
|win|Yuans Reive
|raw|ChickenZX's rating: 1458 &rarr; <strong>1443</strong><br />(-15 for losing)
|raw|Yuans Reive's rating: 1542 &rarr; <strong>1557</strong><br />(+15 for winning)
|l|☆ChickenZX
|player|p1|
|c|☆Yuans Reive|gg
|l|☆Yuans Reive
|player|p2|
