|j|☆Dragoonlong1
|j|☆DAVIZZZZ14
|t:|1750858181
|gametype|doubles
|player|p1|Dragoonlong1|cynthia|1282
|player|p2|DAVIZZZZ14|265|1262
|teamsize|p1|6
|teamsize|p2|6
|gen|9
|tier|[Gen 9] VGC 2025 Reg I
|rated|
|rule|Species Clause: Limit one of each Pokémon
|rule|Item Clause: Limit 1 of each item
|clearpoke
|poke|p1|Grimmsnarl, L50, M|
|poke|p1|Miraidon, L50|
|poke|p1|Incineroar, L50, F|
|poke|p1|Ditto, L50|
|poke|p1|Pawmot, L50, F|
|poke|p1|Ho-Oh, L50|
|poke|p2|Lugia, L50|
|poke|p2|Groudon, L50|
|poke|p2|Brute Bonnet, L50|
|poke|p2|Comfey, L50, F|
|poke|p2|Sableye, L50, M|
|poke|p2|Rotom-Heat, L50|
|teampreview|4
|inactive|Battle timer is ON: inactive players will automatically lose when time's up. (requested by DAVIZZZZ14)
|
|t:|1750858213
|start
|switch|p1a: Pawmot|Pawmot, L50, F|100/100
|switch|p1b: Ho-Oh|Ho-Oh, L50|100/100
|switch|p2a: Rotom|Rotom-Heat, L50|100/100
|switch|p2b: Groudon|Groudon, L50|100/100
|-weather|SunnyDay|[from] ability: Drought|[of] p2b: Groudon
|turn|1
|inactive|Dragoonlong1 has 30 seconds left.
|inactive|Dragoonlong1 has 20 seconds left.
|inactive|Dragoonlong1 has 15 seconds left.
|inactive|Dragoonlong1 has 10 seconds left.
|inactive|Dragoonlong1 has 5 seconds left.
|
|t:|1750858268
|move|p2b: Groudon|Protect|p2b: Groudon
|-singleturn|p2b: Groudon|Protect
|move|p1b: Ho-Oh|Protect|p1b: Ho-Oh
|-singleturn|p1b: Ho-Oh|Protect
|move|p1a: Pawmot|Fake Out|p2b: Groudon
|-activate|p2b: Groudon|move: Protect
|move|p2a: Rotom|Volt Switch|p1b: Ho-Oh
|-activate|p1b: Ho-Oh|move: Protect
|
|-weather|SunnyDay|[upkeep]
|upkeep
|turn|2
|inactive|Dragoonlong1 has 30 seconds left.
|inactive|Dragoonlong1 has 20 seconds left.
|inactive|Dragoonlong1 has 15 seconds left.
|inactive|Dragoonlong1 has 10 seconds left.
|inactive|Dragoonlong1 has 5 seconds left.
|
|t:|1750858323
|move|p1b: Ho-Oh|Protect||[still]
|-fail|p1b: Ho-Oh
|move|p1a: Pawmot|Fake Out||[still]
|-hint|Fake Out only works on your first turn out.
|-fail|p1a: Pawmot
|move|p2a: Rotom|Volt Switch|p1b: Ho-Oh
|-supereffective|p1b: Ho-Oh
|-damage|p1b: Ho-Oh|45/100
|
|t:|1750858344
|switch|p2a: Comfey|Comfey, L50, F|100/100|[from] Volt Switch
|move|p2b: Groudon|Heat Crash|p1a: Pawmot
|-damage|p1a: Pawmot|8/100
|
|-weather|SunnyDay|[upkeep]
|upkeep
|turn|3
|inactive|Dragoonlong1 has 30 seconds left.
|inactive|Dragoonlong1 has 20 seconds left.
|inactive|Dragoonlong1 has 15 seconds left.
|inactive|Dragoonlong1 has 10 seconds left.
|inactive|Dragoonlong1 has 5 seconds left.
|
|t:|1750858399
|switch|p2a: Rotom|Rotom-Heat, L50|100/100
|move|p1b: Ho-Oh|Protect|p1b: Ho-Oh
|-singleturn|p1b: Ho-Oh|Protect
|move|p1a: Pawmot|Fake Out||[still]
|-hint|Fake Out only works on your first turn out.
|-fail|p1a: Pawmot
|move|p2b: Groudon|Bulk Up|p2b: Groudon
|-boost|p2b: Groudon|atk|1
|-boost|p2b: Groudon|def|1
|
|-weather|SunnyDay|[upkeep]
|upkeep
|turn|4
|inactive|Dragoonlong1 has 30 seconds left.
|inactive|Dragoonlong1 has 20 seconds left.
|inactive|Dragoonlong1 has 15 seconds left.
|inactive|Dragoonlong1 has 10 seconds left.
|inactive|Dragoonlong1 has 5 seconds left.
|
|t:|1750858454
|move|p1b: Ho-Oh|Protect||[still]
|-fail|p1b: Ho-Oh
|move|p1a: Pawmot|Fake Out||[still]
|-hint|Fake Out only works on your first turn out.
|-fail|p1a: Pawmot
|move|p2a: Rotom|Volt Switch|p1b: Ho-Oh
|-supereffective|p1b: Ho-Oh
|-damage|p1b: Ho-Oh|0 fnt
|faint|p1b: Ho-Oh
|
|t:|1750858464
|switch|p2a: Comfey|Comfey, L50, F|100/100|[from] Volt Switch
|move|p2b: Groudon|Precipice Blades|p1a: Pawmot
|-supereffective|p1a: Pawmot
|-damage|p1a: Pawmot|0 fnt
|faint|p1a: Pawmot
|
|-weather|SunnyDay|[upkeep]
|upkeep
|inactive|Dragoonlong1 has 30 seconds left.
|inactive|Dragoonlong1 has 20 seconds left.
|inactive|Dragoonlong1 has 15 seconds left.
|inactive|Dragoonlong1 has 10 seconds left.
|inactive|Dragoonlong1 has 5 seconds left.
|
|t:|1750858519
|switch|p1a: Miraidon|Miraidon, L50|100/100
|switch|p1b: Ditto|Ditto, L50|100/100
|-fieldstart|move: Electric Terrain|[from] ability: Hadron Engine|[of] p1a: Miraidon
|-transform|p1b: Ditto|p2a: Comfey|[from] ability: Imposter
|turn|5
|inactive|Dragoonlong1 has 30 seconds left.
|inactive|Dragoonlong1 has 20 seconds left.
|inactive|Dragoonlong1 has 15 seconds left.
|inactive|Dragoonlong1 has 10 seconds left.
|inactive|Dragoonlong1 has 5 seconds left.
|-activate|p1b: Ditto|item: Quick Claw
|
|t:|1750858574
|move|p2a: Comfey|Protect|p2a: Comfey
|-singleturn|p2a: Comfey|Protect
|move|p1b: Ditto|Draining Kiss|p2b: Groudon
|-damage|p2b: Groudon|87/100
|move|p1a: Miraidon|Electro Drift|p2b: Groudon
|-immune|p2b: Groudon
|move|p2b: Groudon|Precipice Blades|p1a: Miraidon|[spread] p1b
|-miss|p2b: Groudon|p1a: Miraidon
|-damage|p1b: Ditto|25/100
|
|-weather|none
|upkeep
|turn|6
|inactive|Dragoonlong1 has 30 seconds left.
|inactive|Dragoonlong1 has 20 seconds left.
|inactive|Dragoonlong1 has 15 seconds left.
|inactive|Dragoonlong1 has 10 seconds left.
|inactive|Dragoonlong1 has 5 seconds left.
|-activate|p1b: Ditto|item: Quick Claw
|
|t:|1750858629
|move|p1b: Ditto|Draining Kiss|p2a: Comfey
|-damage|p2a: Comfey|85/100
|-heal|p1b: Ditto|37/100|[from] drain|[of] p2a: Comfey
|move|p2a: Comfey|Draining Kiss|p1b: Ditto
|-damage|p1b: Ditto|22/100
|-heal|p2a: Comfey|96/100|[from] drain|[of] p1b: Ditto
|move|p1a: Miraidon|Electro Drift|p2a: Comfey
|-damage|p2a: Comfey|0 fnt
|faint|p2a: Comfey
|move|p2b: Groudon|Precipice Blades|p1b: Ditto|[spread] p1a,p1b
|-supereffective|p1a: Miraidon
|-damage|p1a: Miraidon|0 fnt
|-damage|p1b: Ditto|0 fnt
|faint|p1a: Miraidon
|faint|p1b: Ditto
|
|win|DAVIZZZZ14
|raw|Dragoonlong1's rating: 1282 &rarr; <strong>1256</strong><br />(-26 for losing)
|raw|DAVIZZZZ14's rating: 1262 &rarr; <strong>1288</strong><br />(+26 for winning)
|l|☆DAVIZZZZ14
|player|p2|
