|j|☆imissclaire
|j|☆dthk1216
|t:|1750882359
|gametype|doubles
|player|p1|imissclaire|ghetsis|1599
|player|p2|dthk1216|dawn|1718
|teamsize|p1|6
|teamsize|p2|6
|gen|9
|tier|[Gen 9] VGC 2025 Reg I
|rated|
|rule|Species Clause: Limit one of each Pokémon
|rule|Item Clause: Limit 1 of each item
|clearpoke
|poke|p1|Iron Treads, L50|
|poke|p1|Sinistcha, L50|
|poke|p1|Incineroar, L50, F|
|poke|p1|Miraidon, L50|
|poke|p1|Grimmsnarl, L50, M|
|poke|p1|Lunala, L50|
|poke|p2|Calyrex-Ice, L50|
|poke|p2|Kyogre, L50|
|poke|p2|Urshifu-*, L50, M|
|poke|p2|Rillaboom, L50, F|
|poke|p2|Grimmsnarl, L50, M|
|poke|p2|Amoonguss, L50, F|
|teampreview|4
|
|t:|1750882388
|start
|switch|p1a: Incineroar|Incineroar, L50, F|100/100
|switch|p1b: Lunala|Lunala, L50|100/100
|switch|p2a: Grimmsnarl|Grimmsnarl, L50, M|100/100
|switch|p2b: Rillaboom|Rillaboom, L50, F|100/100
|-fieldstart|move: Grassy Terrain|[from] ability: Grassy Surge|[of] p2b: Rillaboom
|-ability|p1a: Incineroar|Intimidate|boost
|-unboost|p2a: Grimmsnarl|atk|1
|-unboost|p2b: Rillaboom|atk|1
|turn|1
|
|t:|1750882403
|move|p1a: Incineroar|Fake Out|p2a: Grimmsnarl
|-damage|p2a: Grimmsnarl|89/100
|move|p1b: Lunala|Calm Mind|p1b: Lunala
|-boost|p1b: Lunala|spa|1
|-boost|p1b: Lunala|spd|1
|move|p2b: Rillaboom|U-turn|p1a: Incineroar
|-damage|p1a: Incineroar|89/100
|-damage|p2b: Rillaboom|84/100|[from] item: Rocky Helmet|[of] p1a: Incineroar
|
|t:|1750882411
|switch|p2b: Kyogre|Kyogre, L50|100/100|[from] U-turn
|-weather|RainDance|[from] ability: Drizzle|[of] p2b: Kyogre
|cant|p2a: Grimmsnarl|flinch
|
|-weather|RainDance|[upkeep]
|-heal|p1a: Incineroar|95/100|[from] Grassy Terrain
|-heal|p2a: Grimmsnarl|95/100|[from] Grassy Terrain
|upkeep
|turn|2
|
|t:|1750882453
|switch|p1a: Sinistcha|Sinistcha, L50|100/100
|move|p2a: Grimmsnarl|Light Screen|p2a: Grimmsnarl
|-sidestart|p2: dthk1216|move: Light Screen
|move|p1b: Lunala|Moongeist Beam|p2b: Kyogre
|-damage|p2b: Kyogre|65/100
|move|p2b: Kyogre|Water Spout|p1a: Sinistcha|[spread] p1a,p1b
|-resisted|p1a: Sinistcha
|-damage|p1a: Sinistcha|55/100
|-damage|p1b: Lunala|80/100
|-enditem|p1a: Sinistcha|Eject Button
|
|t:|1750882464
|switch|p1a: Miraidon|Miraidon, L50|100/100
|-fieldstart|move: Electric Terrain|[from] ability: Hadron Engine|[of] p1a: Miraidon
|
|-weather|RainDance|[upkeep]
|upkeep
|turn|3
|j| Tapzz
|
|t:|1750882477
|switch|p2b: Rillaboom|Rillaboom, L50, F|84/100
|-fieldstart|move: Grassy Terrain|[from] ability: Grassy Surge|[of] p2b: Rillaboom
|move|p1a: Miraidon|Electro Drift|p2a: Grimmsnarl
|-damage|p2a: Grimmsnarl|64/100
|move|p1b: Lunala|Dazzling Gleam|p2a: Grimmsnarl|[spread] p2a,p2b
|-supereffective|p2a: Grimmsnarl
|-damage|p2a: Grimmsnarl|25/100
|-damage|p2b: Rillaboom|70/100
|move|p2a: Grimmsnarl|Foul Play|p1b: Lunala
|-supereffective|p1b: Lunala
|-damage|p1b: Lunala|0 fnt
|faint|p1b: Lunala
|
|-weather|RainDance|[upkeep]
|-heal|p2b: Rillaboom|76/100|[from] Grassy Terrain
|-heal|p2a: Grimmsnarl|31/100|[from] Grassy Terrain
|upkeep
|l| Tapzz
|
|t:|1750882493
|switch|p1b: Incineroar|Incineroar, L50, F|95/100
|-ability|p1b: Incineroar|Intimidate|boost
|-unboost|p2a: Grimmsnarl|atk|1
|-unboost|p2b: Rillaboom|atk|1
|turn|4
|
|t:|1750882510
|switch|p1a: Sinistcha|Sinistcha, L50|55/100
|-heal|p1b: Incineroar|100/100|[from] ability: Hospitality|[of] p1a: Sinistcha
|switch|p2a: Calyrex|Calyrex-Ice, L50|100/100
|-ability|p2a: Calyrex|As One
|-ability|p2a: Calyrex|Unnerve
|move|p2b: Rillaboom|Fake Out|p1a: Sinistcha
|-immune|p1a: Sinistcha
|move|p1b: Incineroar|Will-O-Wisp|p2b: Rillaboom
|-status|p2b: Rillaboom|brn
|
|-weather|RainDance|[upkeep]
|-heal|p2b: Rillaboom|82/100 brn|[from] Grassy Terrain
|-heal|p1a: Sinistcha|61/100|[from] Grassy Terrain
|-damage|p2b: Rillaboom|76/100 brn|[from] brn
|upkeep
|turn|5
|
|t:|1750882546
|move|p2b: Rillaboom|U-turn|p1a: Sinistcha
|-damage|p1a: Sinistcha|54/100
|
|t:|1750882549
|switch|p2b: Kyogre|Kyogre, L50|65/100|[from] U-turn
|move|p1a: Sinistcha|Matcha Gotcha|p2b: Kyogre|[spread] p2a,p2b
|-supereffective|p2b: Kyogre
|-damage|p2a: Calyrex|88/100
|-heal|p1a: Sinistcha|61/100|[from] drain|[of] p2a: Calyrex
|-damage|p2b: Kyogre|40/100
|-heal|p1a: Sinistcha|76/100|[from] drain|[of] p2b: Kyogre
|-status|p2a: Calyrex|brn
|move|p1b: Incineroar|Will-O-Wisp|p2a: Calyrex|[miss]
|-miss|p1b: Incineroar|p2a: Calyrex
|move|p2a: Calyrex|Trick Room|p2a: Calyrex
|-fieldstart|move: Trick Room|[of] p2a: Calyrex
|
|-weather|none
|-heal|p2a: Calyrex|94/100 brn|[from] Grassy Terrain
|-heal|p2a: Calyrex|99/100 brn|[from] item: Leftovers
|-heal|p1a: Sinistcha|82/100|[from] Grassy Terrain
|-heal|p2b: Kyogre|46/100|[from] Grassy Terrain
|-damage|p2a: Calyrex|94/100 brn|[from] brn
|upkeep
|turn|6
|
|t:|1750882603
|-terastallize|p1b: Incineroar|Bug
|move|p2a: Calyrex|Glacial Lance|p1b: Incineroar|[spread] p1a,p1b
|-supereffective|p1a: Sinistcha
|-damage|p1a: Sinistcha|36/100
|-damage|p1b: Incineroar|83/100
|move|p1b: Incineroar|Parting Shot|p2a: Calyrex
|-unboost|p2a: Calyrex|atk|1
|-unboost|p2a: Calyrex|spa|1
|
|t:|1750882610
|switch|p1b: Miraidon|Miraidon, L50|100/100|[from] Parting Shot
|-fieldstart|move: Electric Terrain|[from] ability: Hadron Engine|[of] p1b: Miraidon
|move|p1a: Sinistcha|Matcha Gotcha|p2b: Kyogre|[spread] p2a,p2b
|-supereffective|p2b: Kyogre
|-damage|p2a: Calyrex|85/100 brn
|-heal|p1a: Sinistcha|42/100|[from] drain|[of] p2a: Calyrex
|-damage|p2b: Kyogre|24/100
|-heal|p1a: Sinistcha|54/100|[from] drain|[of] p2b: Kyogre
|move|p2b: Kyogre|Ice Beam|p1a: Sinistcha
|-supereffective|p1a: Sinistcha
|-damage|p1a: Sinistcha|0 fnt
|faint|p1a: Sinistcha
|
|-heal|p2a: Calyrex|91/100 brn|[from] item: Leftovers
|-damage|p2a: Calyrex|85/100 brn|[from] brn
|upkeep
|
|t:|1750882623
|switch|p1a: Incineroar|Incineroar, L50, F, tera:Bug|83/100
|-ability|p1a: Incineroar|Intimidate|boost
|-unboost|p2a: Calyrex|atk|1
|-unboost|p2b: Kyogre|atk|1
|turn|7
|
|t:|1750882633
|switch|p2b: Rillaboom|Rillaboom, L50, F|76/100 brn
|-fieldstart|move: Grassy Terrain|[from] ability: Grassy Surge|[of] p2b: Rillaboom
|move|p2a: Calyrex|Protect|p2a: Calyrex
|-singleturn|p2a: Calyrex|Protect
|move|p1a: Incineroar|Knock Off|p2a: Calyrex
|-activate|p2a: Calyrex|move: Protect
|move|p1b: Miraidon|Electro Drift|p2a: Calyrex
|-activate|p2a: Calyrex|move: Protect
|
|-heal|p2a: Calyrex|91/100 brn|[from] Grassy Terrain
|-heal|p2a: Calyrex|97/100 brn|[from] item: Leftovers
|-heal|p1a: Incineroar|89/100|[from] Grassy Terrain
|-heal|p2b: Rillaboom|82/100 brn|[from] Grassy Terrain
|-damage|p2a: Calyrex|91/100 brn|[from] brn
|-damage|p2b: Rillaboom|76/100 brn|[from] brn
|upkeep
|turn|8
|
|t:|1750882659
|-terastallize|p2a: Calyrex|Grass
|move|p2b: Rillaboom|Fake Out|p1a: Incineroar
|-damage|p1a: Incineroar|84/100
|-damage|p2b: Rillaboom|59/100 brn|[from] item: Rocky Helmet|[of] p1a: Incineroar
|move|p2a: Calyrex|Leech Seed|p1b: Miraidon
|-start|p1b: Miraidon|move: Leech Seed
|cant|p1a: Incineroar|flinch
|move|p1b: Miraidon|Electro Drift|p2a: Calyrex
|-resisted|p2a: Calyrex
|-damage|p2a: Calyrex|80/100 brn
|
|-heal|p2a: Calyrex|86/100 brn|[from] Grassy Terrain
|-heal|p2a: Calyrex|91/100 brn|[from] item: Leftovers
|-heal|p1a: Incineroar|90/100|[from] Grassy Terrain
|-heal|p2b: Rillaboom|65/100 brn|[from] Grassy Terrain
|-damage|p1b: Miraidon|88/100|[from] Leech Seed|[of] p2a: Calyrex
|-heal|p2a: Calyrex|100/100 brn|[silent]
|-damage|p2a: Calyrex|95/100 brn|[from] brn
|-damage|p2b: Rillaboom|59/100 brn|[from] brn
|upkeep
|turn|9
|
|t:|1750882684
|switch|p2b: Kyogre|Kyogre, L50|24/100
|-weather|RainDance|[from] ability: Drizzle|[of] p2b: Kyogre
|move|p2a: Calyrex|Leech Seed|p1a: Incineroar
|-start|p1a: Incineroar|move: Leech Seed
|move|p1a: Incineroar|Knock Off|p2b: Kyogre
|-damage|p2b: Kyogre|0 fnt
|-enditem|p2b: Kyogre|Choice Specs|[from] move: Knock Off|[of] p1a: Incineroar
|faint|p2b: Kyogre
|move|p1b: Miraidon|Electro Drift|p2a: Calyrex
|-resisted|p2a: Calyrex
|-damage|p2a: Calyrex|84/100 brn
|
|-weather|RainDance|[upkeep]
|-heal|p2a: Calyrex|90/100 brn|[from] Grassy Terrain
|-heal|p2a: Calyrex|96/100 brn|[from] item: Leftovers
|-heal|p1a: Incineroar|96/100|[from] Grassy Terrain
|-heal|p1b: Miraidon|94/100|[from] Grassy Terrain
|-damage|p1a: Incineroar|83/100|[from] Leech Seed|[of] p2a: Calyrex
|-heal|p2a: Calyrex|100/100 brn|[silent]
|-damage|p1b: Miraidon|82/100|[from] Leech Seed|[of] p2a: Calyrex
|-damage|p2a: Calyrex|95/100 brn|[from] brn
|-sideend|p2: dthk1216|move: Light Screen
|-fieldend|move: Trick Room
|upkeep
|j| 1TrickRoom
|
|t:|1750882706
|switch|p2b: Rillaboom|Rillaboom, L50, F|59/100 brn
|turn|10
|
|t:|1750882715
|switch|p2a: Grimmsnarl|Grimmsnarl, L50, M|31/100
|move|p2b: Rillaboom|Fake Out|p1b: Miraidon
|-damage|p1b: Miraidon|75/100
|cant|p1b: Miraidon|flinch
|move|p1a: Incineroar|Knock Off|p2a: Grimmsnarl
|-resisted|p2a: Grimmsnarl
|-damage|p2a: Grimmsnarl|21/100
|-enditem|p2a: Grimmsnarl|Light Clay|[from] move: Knock Off|[of] p1a: Incineroar
|
|-weather|RainDance|[upkeep]
|-heal|p1b: Miraidon|82/100|[from] Grassy Terrain
|-heal|p2b: Rillaboom|65/100 brn|[from] Grassy Terrain
|-heal|p1a: Incineroar|89/100|[from] Grassy Terrain
|-heal|p2a: Grimmsnarl|27/100|[from] Grassy Terrain
|-damage|p1b: Miraidon|69/100|[from] Leech Seed|[of] p2a: Grimmsnarl
|-heal|p2a: Grimmsnarl|39/100|[silent]
|-damage|p1a: Incineroar|77/100|[from] Leech Seed|[of] p2a: Grimmsnarl
|-heal|p2a: Grimmsnarl|51/100|[silent]
|-damage|p2b: Rillaboom|59/100 brn|[from] brn
|upkeep
|turn|11
|inactive|Battle timer is ON: inactive players will automatically lose when time's up. (requested by imissclaire)
|
|t:|1750882733
|switch|p2b: Calyrex|Calyrex-Ice, L50, tera:Grass|95/100 brn
|-ability|p2b: Calyrex|As One
|-ability|p2b: Calyrex|Unnerve
|move|p2a: Grimmsnarl|Light Screen|p2a: Grimmsnarl
|-sidestart|p2: dthk1216|move: Light Screen
|move|p1b: Miraidon|Electro Drift|p2b: Calyrex
|-resisted|p2b: Calyrex
|-damage|p2b: Calyrex|84/100 brn
|move|p1a: Incineroar|Knock Off|p2b: Calyrex
|-crit|p2b: Calyrex
|-damage|p2b: Calyrex|52/100 brn
|-enditem|p2b: Calyrex|Leftovers|[from] move: Knock Off|[of] p1a: Incineroar
|
|-weather|RainDance|[upkeep]
|-heal|p1b: Miraidon|75/100|[from] Grassy Terrain
|-heal|p1a: Incineroar|83/100|[from] Grassy Terrain
|-heal|p2a: Grimmsnarl|57/100|[from] Grassy Terrain
|-heal|p2b: Calyrex|58/100 brn|[from] Grassy Terrain
|-damage|p1b: Miraidon|63/100|[from] Leech Seed|[of] p2a: Grimmsnarl
|-heal|p2a: Grimmsnarl|69/100|[silent]
|-damage|p1a: Incineroar|70/100|[from] Leech Seed|[of] p2a: Grimmsnarl
|-heal|p2a: Grimmsnarl|81/100|[silent]
|-damage|p2b: Calyrex|52/100 brn|[from] brn
|-fieldend|move: Grassy Terrain
|upkeep
|turn|12
|-message|imissclaire forfeited.
|
|win|dthk1216
|raw|imissclaire's rating: 1599 &rarr; <strong>1586</strong><br />(-13 for losing)
|raw|dthk1216's rating: 1718 &rarr; <strong>1731</strong><br />(+13 for winning)
|l|☆dthk1216
|player|p2|
|l| 1TrickRoom
|l|☆imissclaire
|player|p1|
