|j|☆something123
|j|☆Nerd159
|t:|1750747191
|gametype|doubles
|player|p1|something123|102|1764
|player|p2|Nerd159|102|1656
|teamsize|p1|6
|teamsize|p2|6
|gen|9
|tier|[Gen 9] VGC 2025 Reg I
|rated|
|rule|Species Clause: Limit one of each Pokémon
|rule|Item Clause: Limit 1 of each item
|clearpoke
|poke|p1|Calyrex-Ice, L50|
|poke|p1|Kyogre, L50|
|poke|p1|Iron Jugulis, L50|
|poke|p1|Urshifu-*, L50, F|
|poke|p1|Rhyperior, L50, F|
|poke|p1|Amoonguss, L50, F|
|poke|p2|Zamazenta-*, L50|
|poke|p2|Calyrex-Shadow, L50|
|poke|p2|Excadrill, L50, M|
|poke|p2|Tyranitar, L50, F|
|poke|p2|Ogerpon-Wellspring, L50, F|
|poke|p2|Farigiraf, L50, F|
|teampreview|4
|inactive|Battle timer is ON: inactive players will automatically lose when time's up. (requested by Nerd159)
|c|☆Nerd159|C
|inactive|something123 has 60 seconds left.
|
|t:|1750747264
|start
|switch|p1a: Iron Jugulis|Iron Jugulis, L50|100/100
|switch|p1b: Amoonguss|Amoonguss, L50, F|100/100
|switch|p2a: Zamazenta|Zamazenta-Crowned, L50|100/100
|switch|p2b: Ogerpon|Ogerpon-Wellspring, L50, F|100/100
|-ability|p2a: Zamazenta|Dauntless Shield|boost
|-boost|p2a: Zamazenta|def|1
|-enditem|p1a: Iron Jugulis|Booster Energy
|-activate|p1a: Iron Jugulis|ability: Quark Drive|[fromitem]
|-start|p1a: Iron Jugulis|quarkdrivespe
|turn|1
|
|t:|1750747285
|move|p2b: Ogerpon|Follow Me|p2b: Ogerpon
|-singleturn|p2b: Ogerpon|move: Follow Me
|move|p1b: Amoonguss|Rage Powder|p1b: Amoonguss
|-singleturn|p1b: Amoonguss|move: Rage Powder
|move|p1a: Iron Jugulis|Hurricane|p2b: Ogerpon
|-supereffective|p2b: Ogerpon
|-damage|p2b: Ogerpon|17/100
|-start|p2b: Ogerpon|confusion
|move|p2a: Zamazenta|Body Press|p1b: Amoonguss
|-resisted|p1b: Amoonguss
|-damage|p1b: Amoonguss|77/100
|
|upkeep
|turn|2
|
|t:|1750747297
|switch|p2b: Tyranitar|Tyranitar, L50, F|100/100
|-weather|Sandstorm|[from] ability: Sand Stream|[of] p2b: Tyranitar
|move|p2a: Zamazenta|Protect|p2a: Zamazenta
|-singleturn|p2a: Zamazenta|Protect
|move|p1a: Iron Jugulis|Snarl|p2a: Zamazenta|[spread] p2b
|-activate|p2a: Zamazenta|move: Protect
|-resisted|p2b: Tyranitar
|-damage|p2b: Tyranitar|97/100
|-unboost|p2b: Tyranitar|spa|1
|move|p1b: Amoonguss|Spore|p2a: Zamazenta
|-activate|p2a: Zamazenta|move: Protect
|
|-weather|Sandstorm|[upkeep]
|-damage|p1a: Iron Jugulis|95/100|[from] Sandstorm
|-damage|p1b: Amoonguss|71/100|[from] Sandstorm
|upkeep
|turn|3
|j| Prasoooon
|inactive|something123 has 30 seconds left.
|
|t:|1750747331
|move|p1a: Iron Jugulis|Taunt|p2a: Zamazenta
|-start|p2a: Zamazenta|move: Taunt
|move|p2a: Zamazenta|Heavy Slam|p1b: Amoonguss
|-damage|p1b: Amoonguss|32/100
|move|p2b: Tyranitar|Rock Slide|p1b: Amoonguss|[spread] p1a
|-miss|p2b: Tyranitar|p1b: Amoonguss
|-supereffective|p1a: Iron Jugulis
|-damage|p1a: Iron Jugulis|34/100
|move|p1b: Amoonguss|Spore|p2a: Zamazenta
|-status|p2a: Zamazenta|slp|[from] move: Spore
|
|-weather|Sandstorm|[upkeep]
|-damage|p1a: Iron Jugulis|28/100|[from] Sandstorm
|-damage|p1b: Amoonguss|26/100|[from] Sandstorm
|upkeep
|turn|4
|c|☆Nerd159|Omg
|c|☆Nerd159|Ttar is blind today
|
|t:|1750747350
|switch|p1b: Kyogre|Kyogre, L50|100/100
|-weather|RainDance|[from] ability: Drizzle|[of] p1b: Kyogre
|move|p1a: Iron Jugulis|Tailwind|p1a: Iron Jugulis
|-sidestart|p1: something123|move: Tailwind
|cant|p2a: Zamazenta|slp
|move|p2b: Tyranitar|Rock Slide|p1a: Iron Jugulis|[spread] p1a,p1b
|-supereffective|p1a: Iron Jugulis
|-damage|p1a: Iron Jugulis|0 fnt
|-damage|p1b: Kyogre|72/100
|faint|p1a: Iron Jugulis
|-end|p1a: Iron Jugulis|Quark Drive|[silent]
|
|-weather|RainDance|[upkeep]
|upkeep
|
|t:|1750747361
|switch|p1a: Urshifu|Urshifu-Rapid-Strike, L50, F|100/100
|turn|5
|l|☆Nerd159
|inactive|Nerd159 disconnected and has a minute to reconnect!
|player|p2|
|inactive|Nerd159 has 30 seconds left.
|inactive|something123 has 30 seconds left.
|inactive|Nerd159 has 20 seconds left.
|inactive|Nerd159 has 15 seconds left.
|inactive|Nerd159 has 10 seconds left.
|inactive|Nerd159 has 5 seconds left.
|-message|Nerd159 lost due to inactivity.
|
|win|something123
|raw|something123's rating: 1764 &rarr; <strong>1778</strong><br />(+14 for winning)
|raw|Nerd159's rating: 1656 &rarr; <strong>1642</strong><br />(-14 for losing)
|l|☆something123
|player|p1|
|l| Prasoooon
|j|☆Nerd159
|player|p2|Nerd159|102|
|l|☆Nerd159
|player|p2|
