|j|☆munchingamer659
|j|☆PHWGOOD
|t:|1750741576
|gametype|doubles
|player|p1|munchingamer659|lucas|1165
|player|p2|PHWGOOD|1|1129
|teamsize|p1|6
|teamsize|p2|6
|gen|9
|tier|[Gen 9] VGC 2025 Reg I
|rated|
|rule|Species Clause: Limit one of each Pokémon
|rule|Item Clause: Limit 1 of each item
|clearpoke
|poke|p1|Incineroar, L50, M|
|poke|p1|Rillaboom, L50, M|
|poke|p1|Ogerpon-Hearthflame, L50, F|
|poke|p1|Calyrex-Shadow, L50|
|poke|p1|Miraidon, L50|
|poke|p1|Tornadus, L50, M|
|poke|p2|Miraidon, L50|
|poke|p2|Toedscruel, L50, M|
|poke|p2|Incineroar, L50, F|
|poke|p2|Porygon2, L50|
|poke|p2|Weezing-Galar, L50, F|
|poke|p2|Calyrex-Shadow, L50|
|teampreview|4
|inactive|Battle timer is ON: inactive players will automatically lose when time's up. (requested by munchingamer659)
|
|t:|1750741605
|start
|switch|p1a: Tornadus|Tornadus, L50, M|100/100
|switch|p1b: Incineroar|Incineroar, L50, M|100/100
|switch|p2a: Porygon2|Porygon2, L50|100/100
|switch|p2b: Toedscruel|Toedscruel, L50, M|100/100
|-ability|p2a: Porygon2|Download|boost
|-boost|p2a: Porygon2|atk|1
|-ability|p1b: Incineroar|Intimidate|boost
|-unboost|p2a: Porygon2|atk|1
|-unboost|p2b: Toedscruel|atk|1
|turn|1
|
|t:|1750741622
|move|p1a: Tornadus|Tailwind|p1a: Tornadus
|-sidestart|p1: munchingamer659|move: Tailwind
|move|p1b: Incineroar|Flare Blitz|p2b: Toedscruel
|-supereffective|p2b: Toedscruel
|-damage|p2b: Toedscruel|0 fnt
|faint|p2b: Toedscruel
|-damage|p1b: Incineroar|71/100|[from] Recoil
|move|p2a: Porygon2|Trick Room|p2a: Porygon2
|-fieldstart|move: Trick Room|[of] p2a: Porygon2
|
|upkeep
|
|t:|1750741630
|switch|p2b: Miraidon|Miraidon, L50|100/100
|-fieldstart|move: Electric Terrain|[from] ability: Hadron Engine|[of] p2b: Miraidon
|-enditem|p2b: Miraidon|Electric Seed
|-boost|p2b: Miraidon|def|1|[from] item: Electric Seed
|turn|2
|inactive|munchingamer659 has 30 seconds left.
|
|t:|1750741661
|switch|p1b: Calyrex|Calyrex-Shadow, L50|100/100
|-ability|p1b: Calyrex|As One
|-ability|p1b: Calyrex|Unnerve
|move|p2a: Porygon2|Tera Blast|p1b: Calyrex
|-immune|p1b: Calyrex
|move|p2b: Miraidon|Dragon Pulse|p1b: Calyrex
|-damage|p1b: Calyrex|47/100
|move|p1a: Tornadus|Bleakwind Storm|p2b: Miraidon|[spread] 
|-miss|p1a: Tornadus|p2a: Porygon2
|-miss|p1a: Tornadus|p2b: Miraidon
|
|upkeep
|turn|3
|
|t:|1750741676
|move|p2a: Porygon2|Tera Blast|p1a: Tornadus
|-damage|p1a: Tornadus|60/100
|move|p2b: Miraidon|Parabolic Charge|p1b: Calyrex|[spread] p2a,p1a,p1b
|-supereffective|p1a: Tornadus
|-crit|p1a: Tornadus
|-damage|p2a: Porygon2|75/100
|-damage|p1a: Tornadus|0 fnt
|-damage|p1b: Calyrex|2/100
|faint|p1a: Tornadus
|move|p1b: Calyrex|Astral Barrage|p2b: Miraidon|[spread] p2b
|-immune|p2a: Porygon2
|-damage|p2b: Miraidon|62/100
|
|upkeep
|
|t:|1750741690
|switch|p1a: Incineroar|Incineroar, L50, M|71/100
|-ability|p1a: Incineroar|Intimidate|boost
|-unboost|p2a: Porygon2|atk|1
|-unboost|p2b: Miraidon|atk|1
|turn|4
|
|t:|1750741707
|move|p1a: Incineroar|Fake Out|p2b: Miraidon
|-damage|p2b: Miraidon|56/100
|move|p2a: Porygon2|Icy Wind|p1a: Incineroar|[spread] p1a,p1b
|-resisted|p1a: Incineroar
|-damage|p1a: Incineroar|67/100
|-damage|p1b: Calyrex|0 fnt
|-unboost|p1a: Incineroar|spe|1
|faint|p1b: Calyrex
|cant|p2b: Miraidon|flinch
|
|-sideend|p1: munchingamer659|move: Tailwind
|upkeep
|
|t:|1750741714
|switch|p1b: Miraidon|Miraidon, L50|100/100
|-activate|p1b: Miraidon|ability: Hadron Engine
|turn|5
|
|t:|1750741724
|-terastallize|p1b: Miraidon|Fairy
|move|p2b: Miraidon|Protect|p2b: Miraidon
|-singleturn|p2b: Miraidon|Protect
|move|p1a: Incineroar|Flare Blitz|p2b: Miraidon
|-activate|p2b: Miraidon|move: Protect
|move|p2a: Porygon2|Icy Wind|p1a: Incineroar|[spread] p1a,p1b
|-resisted|p1a: Incineroar
|-damage|p1a: Incineroar|62/100
|-damage|p1b: Miraidon|90/100
|-unboost|p1a: Incineroar|spe|1
|-unboost|p1b: Miraidon|spe|1
|move|p1b: Miraidon|Dazzling Gleam|p2a: Porygon2|[spread] p2a
|-activate|p2b: Miraidon|move: Protect
|-damage|p2a: Porygon2|49/100
|
|-fieldend|move: Trick Room
|upkeep
|turn|6
|
|t:|1750741749
|-terastallize|p2b: Miraidon|Fairy
|move|p2b: Miraidon|Calm Mind|p2b: Miraidon
|-boost|p2b: Miraidon|spa|1
|-boost|p2b: Miraidon|spd|1
|move|p1b: Miraidon|Electro Drift|p2a: Porygon2
|-damage|p2a: Porygon2|0 fnt
|faint|p2a: Porygon2
|move|p1a: Incineroar|Flare Blitz|p2b: Miraidon
|-damage|p2b: Miraidon|32/100
|-damage|p1a: Incineroar|55/100|[from] Recoil
|
|-fieldend|move: Electric Terrain
|upkeep
|
|t:|1750741761
|switch|p2a: Calyrex|Calyrex-Shadow, L50|100/100
|-ability|p2a: Calyrex|As One
|-ability|p2a: Calyrex|Unnerve
|turn|7
|
|t:|1750741778
|move|p2a: Calyrex|Astral Barrage|p1b: Miraidon|[spread] p1a,p1b
|-resisted|p1a: Incineroar
|-damage|p1a: Incineroar|34/100
|-damage|p1b: Miraidon|37/100
|move|p2b: Miraidon|Dragon Pulse|p1a: Incineroar
|-damage|p1a: Incineroar|0 fnt
|faint|p1a: Incineroar
|move|p1b: Miraidon|Electro Drift|p2b: Miraidon
|-damage|p2b: Miraidon|0 fnt
|faint|p2b: Miraidon
|
|upkeep
|turn|8
|
|t:|1750741790
|move|p2a: Calyrex|Astral Barrage|p1b: Miraidon
|-damage|p1b: Miraidon|0 fnt
|faint|p1b: Miraidon
|
|win|PHWGOOD
|raw|munchingamer659's rating: 1165 &rarr; <strong>1137</strong><br />(-28 for losing)
|raw|PHWGOOD's rating: 1129 &rarr; <strong>1157</strong><br />(+28 for winning)
|l|☆munchingamer659
|player|p1|
|l|☆PHWGOOD
|player|p2|
