|j|☆merrypasta
|j|☆ilikeeatingcrayons
|t:|1750788518
|gametype|doubles
|player|p1|merrypasta|sabrina|
|player|p2|ilikeeatingcrayons|lass-gen4dp|
|teamsize|p1|6
|teamsize|p2|6
|gen|9
|tier|[Gen 9] VGC 2025 Reg I
|rule|Species Clause: Limit one of each Pokémon
|rule|Item Clause: Limit 1 of each item
|clearpoke
|poke|p1|Kyurem-Black, L50|
|poke|p1|Eternatus, L50|
|poke|p1|Iron Valiant, L50|
|poke|p1|Garchomp, L50, F|
|poke|p1|Scizor, L50, F|
|poke|p1|Talonflame, L50, M|
|poke|p2|Zacian-*, L50|
|poke|p2|Clefairy, L50, M|
|poke|p2|Eternatus, L50|
|poke|p2|Ursaluna-Bloodmoon, L50, M|
|poke|p2|Ogerpon-Wellspring, L50, F|
|poke|p2|Roaring Moon, L50|
|teampreview|4
ilikeeatingcrayons has agreed to open team sheets.
merrypasta has agreed to open team sheets.
|showteam|p1|Kyurem-Black||LoadedDice|Teravolt|ScaleShot,IcicleSpear,Protect,FusionBolt||||||50|,,,,,Electric]Eternatus||ChoiceSpecs|Pressure|DynamaxCannon,SludgeBomb,ShadowBall,Flamethrower||||||50|,,,,,Dragon]Iron Valiant||FocusSash|QuarkDrive|Moonblast,Disable,Protect,Coaching||||||50|,,,,,Ghost]Garchomp||LifeOrb|RoughSkin|DragonClaw,Earthquake,Protect,SwordsDance|||F|||50|,,,,,Steel]Scizor||ChoiceBand|Technician|BulletPunch,CloseCombat,KnockOff,Uturn|||F|||50|,,,,,Steel]Talonflame||CovertCloak|GaleWings|BraveBird,Taunt,FeatherDance,Tailwind|||M|||50|,,,,,Ground
|showteam|p2|Zacian||Leftovers|IntrepidSword|PlayRough,CloseCombat,SwordsDance,Substitute||||||50|,,,,,Poison]Clefairy||Eviolite|FriendGuard|FollowMe,AfterYou,LifeDew,Encore|||M|||50|,,,,,Water]Eternatus||LifeOrb|Pressure|DynamaxCannon,SludgeWave,FireBlast,SolarBeam||||||50|,,,,,Grass]Ursaluna-Bloodmoon||AssaultVest|MindsEye|BloodMoon,HyperVoice,EarthPower,VacuumWave|||M|||50|,,,,,Grass]Ogerpon-Wellspring||WellspringMask|WaterAbsorb|IvyCudgel,HornLeech,FollowMe,SpikyShield|||F|||50|,,,,,Water]Roaring Moon||BoosterEnergy|Protosynthesis|KnockOff,Acrobatics,Tailwind,Protect||||||50|,,,,,Flying
|
|t:|1750788560
|start
|switch|p1a: Kyurem|Kyurem-Black, L50|100/100
|switch|p1b: Iron Valiant|Iron Valiant, L50|100/100
|switch|p2a: Eternatus|Eternatus, L50|100/100
|switch|p2b: Roaring Moon|Roaring Moon, L50|100/100
|-ability|p2a: Eternatus|Pressure
|-ability|p1a: Kyurem|Teravolt
|-enditem|p2b: Roaring Moon|Booster Energy
|-activate|p2b: Roaring Moon|ability: Protosynthesis|[fromitem]
|-start|p2b: Roaring Moon|protosynthesisspe
|turn|1
|
|t:|1750788614
|move|p1a: Kyurem|Protect|p1a: Kyurem
|-singleturn|p1a: Kyurem|Protect
|move|p2b: Roaring Moon|Acrobatics|p1b: Iron Valiant
|-supereffective|p1b: Iron Valiant
|-damage|p1b: Iron Valiant|18/100
|move|p2a: Eternatus|Sludge Wave|p1a: Kyurem|[spread] p2b,p1b
|-activate|p1a: Kyurem|move: Protect
|-supereffective|p1b: Iron Valiant
|-damage|p2b: Roaring Moon|58/100
|-damage|p1b: Iron Valiant|0 fnt
|faint|p1b: Iron Valiant
|-end|p1b: Iron Valiant|Quark Drive|[silent]
|-damage|p2a: Eternatus|91/100|[from] item: Life Orb
|
|upkeep
|c|☆merrypasta|oh wrong item
|c|☆merrypasta|I didn't booster energy
|
|t:|1750788631
|switch|p1b: Talonflame|Talonflame, L50, M|100/100
|turn|2
|
|t:|1750788640
|-terastallize|p1a: Kyurem|Electric
|move|p1b: Talonflame|Tailwind|p1b: Talonflame
|-sidestart|p1: merrypasta|move: Tailwind
|move|p1a: Kyurem|Icicle Spear|p2a: Eternatus
|-supereffective|p2a: Eternatus
|-damage|p2a: Eternatus|65/100
|-supereffective|p2a: Eternatus
|-damage|p2a: Eternatus|37/100
|-supereffective|p2a: Eternatus
|-damage|p2a: Eternatus|6/100
|-supereffective|p2a: Eternatus
|-damage|p2a: Eternatus|0 fnt
|faint|p2a: Eternatus
|-hitcount|p2: Eternatus|4
|move|p2b: Roaring Moon|Tailwind|p2b: Roaring Moon
|-sidestart|p2: ilikeeatingcrayons|move: Tailwind
|
|upkeep
|
|t:|1750788649
|switch|p2a: Clefairy|Clefairy, L50, M|100/100
|turn|3
|
|t:|1750788657
|move|p1a: Kyurem|Protect|p1a: Kyurem
|-singleturn|p1a: Kyurem|Protect
|move|p2a: Clefairy|Follow Me|p2a: Clefairy
|-singleturn|p2a: Clefairy|move: Follow Me
|move|p2b: Roaring Moon|Knock Off|p1a: Kyurem
|-activate|p1a: Kyurem|move: Protect
|move|p1b: Talonflame|Taunt|p2a: Clefairy
|-start|p2a: Clefairy|move: Taunt
|
|upkeep
|turn|4
|
|t:|1750788671
|move|p1b: Talonflame|Brave Bird|p2a: Clefairy
|-damage|p2a: Clefairy|65/100
|-damage|p1b: Talonflame|89/100|[from] Recoil
|move|p2b: Roaring Moon|Knock Off|p1a: Kyurem
|-damage|p1a: Kyurem|65/100
|-enditem|p1a: Kyurem|Loaded Dice|[from] move: Knock Off|[of] p2b: Roaring Moon
|move|p1a: Kyurem|Icicle Spear|p2b: Roaring Moon
|-supereffective|p2b: Roaring Moon
|-damage|p2b: Roaring Moon|21/100
|-supereffective|p2b: Roaring Moon
|-damage|p2b: Roaring Moon|0 fnt
|faint|p2b: Roaring Moon
|-end|p2b: Roaring Moon|Protosynthesis|[silent]
|-hitcount|p2: Roaring Moon|2
|-activate|p2a: Clefairy|move: Struggle
|move|p2a: Clefairy|Struggle|p1a: Kyurem
|-damage|p1a: Kyurem|61/100
|-damage|p2a: Clefairy|40/100|[from] recoil
|
|upkeep
|
|t:|1750788674
|switch|p2b: Zacian|Zacian, L50|100/100
|-ability|p2b: Zacian|Intrepid Sword|boost
|-boost|p2b: Zacian|atk|1
|turn|5
|c|☆merrypasta|lmao
|
|t:|1750788701
|move|p2b: Zacian|Substitute|p2b: Zacian
|-start|p2b: Zacian|Substitute
|-damage|p2b: Zacian|76/100
|move|p1b: Talonflame|Feather Dance||[still]
|-fail|p1b: Talonflame
|move|p1a: Kyurem|Fusion Bolt|p2b: Zacian
|-end|p2b: Zacian|Substitute
|-activate|p2a: Clefairy|move: Struggle
|move|p2a: Clefairy|Struggle|p1a: Kyurem
|-damage|p1a: Kyurem|57/100
|-damage|p2a: Clefairy|15/100|[from] recoil
|
|-heal|p2b: Zacian|82/100|[from] item: Leftovers
|-sideend|p2: ilikeeatingcrayons|move: Tailwind
|-sideend|p1: merrypasta|move: Tailwind
|upkeep
|turn|6
|
|t:|1750788716
|move|p2b: Zacian|Play Rough|p1a: Kyurem
|-damage|p1a: Kyurem|17/100
|move|p1b: Talonflame|Tailwind|p1b: Talonflame
|-sidestart|p1: merrypasta|move: Tailwind
|move|p1a: Kyurem|Fusion Bolt|p2b: Zacian
|-damage|p2b: Zacian|31/100
|-activate|p2a: Clefairy|move: Struggle
|move|p2a: Clefairy|Struggle|p1b: Talonflame
|-damage|p1b: Talonflame|84/100
|-damage|p2a: Clefairy|0 fnt|[from] recoil
|faint|p2a: Clefairy
|
|-heal|p2b: Zacian|37/100|[from] item: Leftovers
|upkeep
|turn|7
|
|t:|1750788729
|move|p1b: Talonflame|Brave Bird|p2b: Zacian
|-damage|p2b: Zacian|4/100
|-damage|p1b: Talonflame|72/100|[from] Recoil
|move|p1a: Kyurem|Fusion Bolt|p2b: Zacian
|-damage|p2b: Zacian|0 fnt
|faint|p2b: Zacian
|
|win|merrypasta
|c|☆merrypasta|gg
|c|☆ilikeeatingcrayons|gg
|c|☆ilikeeatingcrayons|ty
|l|☆merrypasta
|player|p1|
