|j|☆L3o_Just
|j|☆litsilver
|t:|1750859373
|gametype|doubles
|player|p1|L3o_Just|169|1208
|player|p2|litsilver|169|1229
|teamsize|p1|6
|teamsize|p2|6
|gen|9
|tier|[Gen 9] VGC 2025 Reg I
|rated|
|rule|Species Clause: Limit one of each Pokémon
|rule|Item Clause: Limit 1 of each item
|clearpoke
|poke|p1|Terapagos, L50, M|
|poke|p1|Miraidon, L50|
|poke|p1|Incineroar, L50, F|
|poke|p1|Iron Treads, L50|
|poke|p1|Sinistcha, L50|
|poke|p1|Urshifu-*, L50, F|
|poke|p2|Calyrex-Shadow, L50|
|poke|p2|Koraidon, L50|
|poke|p2|Whimsicott, L50, F|
|poke|p2|Rillaboom, L50, M|
|poke|p2|Ogerpon-Hearthflame, L50, F|
|poke|p2|Flutter Mane, L50|
|teampreview|4
|inactive|Battle timer is ON: inactive players will automatically lose when time's up. (requested by litsilver)
|
|t:|1750859393
|start
|switch|p1a: Sinistcha|Sinistcha, L50|100/100
|switch|p1b: Miraidon|Miraidon, L50|100/100
|switch|p2a: Calyrex|Calyrex-Shadow, L50|100/100
|switch|p2b: Whimsicott|Whimsicott, L50, F, shiny|100/100
|-ability|p2a: Calyrex|As One
|-ability|p2a: Calyrex|Unnerve
|-fieldstart|move: Electric Terrain|[from] ability: Hadron Engine|[of] p1b: Miraidon
|turn|1
|inactive|litsilver has 30 seconds left.
|
|t:|1750859420
|move|p2b: Whimsicott|Light Screen|p2b: Whimsicott
|-sidestart|p2: litsilver|move: Light Screen
|move|p2a: Calyrex|Astral Barrage|p1b: Miraidon|[spread] p1a,p1b
|-supereffective|p1a: Sinistcha
|-enditem|p1a: Sinistcha|Focus Sash
|-damage|p1a: Sinistcha|1/100
|-damage|p1b: Miraidon|72/100
|move|p1b: Miraidon|Volt Switch|p2a: Calyrex
|-damage|p2a: Calyrex|51/100
|
|t:|1750859430
|switch|p1b: Iron Treads|Iron Treads, L50|100/100|[from] Volt Switch
|-activate|p1b: Iron Treads|ability: Quark Drive
|-start|p1b: Iron Treads|quarkdrivespe
|move|p1a: Sinistcha|Shadow Ball|p2a: Calyrex
|-supereffective|p2a: Calyrex
|-damage|p2a: Calyrex|0 fnt
|faint|p2a: Calyrex
|
|upkeep
|
|t:|1750859439
|switch|p2a: Rillaboom|Rillaboom, L50, M, shiny|100/100
|-fieldstart|move: Grassy Terrain|[from] ability: Grassy Surge|[of] p2a: Rillaboom
|-end|p1b: Iron Treads|Quark Drive
|turn|2
|inactive|L3o_Just has 30 seconds left.
|inactive|L3o_Just has 20 seconds left.
|inactive|L3o_Just has 15 seconds left.
|inactive|L3o_Just has 10 seconds left.
|inactive|L3o_Just has 5 seconds left.
|
|t:|1750859494
|move|p2b: Whimsicott|Taunt|p1a: Sinistcha
|-start|p1a: Sinistcha|move: Taunt
|move|p1b: Iron Treads|Iron Head|p2a: Rillaboom
|-damage|p2a: Rillaboom|45/100
|move|p2a: Rillaboom|Wood Hammer|p1b: Iron Treads
|-damage|p1b: Iron Treads|17/100
|-damage|p2a: Rillaboom|22/100|[from] Recoil
|move|p1a: Sinistcha|Shadow Ball|p2a: Rillaboom
|-damage|p2a: Rillaboom|6/100
|
|-heal|p1b: Iron Treads|23/100|[from] Grassy Terrain
|-heal|p2a: Rillaboom|12/100|[from] Grassy Terrain
|-heal|p1a: Sinistcha|7/100|[from] Grassy Terrain
|upkeep
|turn|3
|
|t:|1750859515
|move|p2b: Whimsicott|Tailwind|p2b: Whimsicott
|-sidestart|p2: litsilver|move: Tailwind
|move|p2a: Rillaboom|U-turn|p1a: Sinistcha
|-damage|p1a: Sinistcha|0 fnt
|faint|p1a: Sinistcha
|
|t:|1750859520
|switch|p2a: Koraidon|Koraidon, L50|100/100|[from] U-turn
|-weather|SunnyDay|[from] ability: Orichalcum Pulse|[of] p2a: Koraidon
|-activate|p2a: Koraidon|Orichalcum Pulse|[source]
|move|p1b: Iron Treads|Iron Head|p2a: Koraidon
|-damage|p2a: Koraidon|44/100
|
|-weather|SunnyDay|[upkeep]
|-heal|p2a: Koraidon|50/100|[from] Grassy Terrain
|-heal|p1b: Iron Treads|29/100|[from] Grassy Terrain
|upkeep
|
|t:|1750859533
|switch|p1a: Miraidon|Miraidon, L50|72/100
|-fieldstart|move: Electric Terrain|[from] ability: Hadron Engine|[of] p1a: Miraidon
|-activate|p1b: Iron Treads|ability: Quark Drive
|-start|p1b: Iron Treads|quarkdrivespe
|turn|4
|
|t:|1750859546
|switch|p2b: Rillaboom|Rillaboom, L50, M, shiny|12/100
|-fieldstart|move: Grassy Terrain|[from] ability: Grassy Surge|[of] p2b: Rillaboom
|-end|p1b: Iron Treads|Quark Drive
|move|p2a: Koraidon|Flame Charge|p1b: Iron Treads
|-supereffective|p1b: Iron Treads
|-damage|p1b: Iron Treads|0 fnt
|-boost|p2a: Koraidon|spe|1
|faint|p1b: Iron Treads
|-end|p1b: Iron Treads|Quark Drive|[silent]
|move|p1a: Miraidon|Electro Drift|p2a: Koraidon
|-resisted|p2a: Koraidon
|-damage|p2a: Koraidon|29/100
|
|-weather|SunnyDay|[upkeep]
|-heal|p2a: Koraidon|35/100|[from] Grassy Terrain
|-heal|p2b: Rillaboom|18/100|[from] Grassy Terrain
|-heal|p1a: Miraidon|77/100|[from] Grassy Terrain
|upkeep
|
|t:|1750859561
|switch|p1b: Terapagos|Terapagos, L50, M|100/100
|-activate|p1b: Terapagos|ability: Tera Shift
|detailschange|p1b: Terapagos|Terapagos-Terastal, L50, M
|-heal|p1b: Terapagos|100/100|[silent]
|turn|5
|inactive|litsilver has 30 seconds left.
|inactive|litsilver has 20 seconds left.
|
|t:|1750859600
|-terastallize|p1b: Terapagos|Stellar
|detailschange|p1b: Terapagos|Terapagos-Stellar, L50, M, tera:Stellar
|-heal|p1b: Terapagos|100/100|[silent]
|-ability|p1b: Terapagos|Teraform Zero
|-weather|none
|-fieldend|move: Grassy Terrain
|move|p1b: Terapagos|Protect|p1b: Terapagos
|-singleturn|p1b: Terapagos|Protect
|move|p2b: Rillaboom|Fake Out|p1b: Terapagos
|-activate|p1b: Terapagos|move: Protect
|move|p2a: Koraidon|Collision Course|p1a: Miraidon
|-damage|p1a: Miraidon|33/100
|move|p1a: Miraidon|Draco Meteor|p2a: Koraidon
|-supereffective|p2a: Koraidon
|-damage|p2a: Koraidon|0 fnt
|-unboost|p1a: Miraidon|spa|2
|faint|p2a: Koraidon
|
|-sideend|p2: litsilver|move: Light Screen
|upkeep
|
|t:|1750859618
|switch|p2a: Whimsicott|Whimsicott, L50, F, shiny|100/100
|turn|6
|
|t:|1750859627
|move|p2a: Whimsicott|Encore|p1b: Terapagos
|-start|p1b: Terapagos|Encore
|move|p2b: Rillaboom|Knock Off|p1a: Miraidon
|-crit|p1a: Miraidon
|-damage|p1a: Miraidon|0 fnt
|-enditem|p1a: Miraidon|Assault Vest|[from] move: Knock Off|[of] p2b: Rillaboom
|faint|p1a: Miraidon
|move|p1b: Terapagos|Protect||[still]
|-fail|p1b: Terapagos
|
|-sideend|p2: litsilver|move: Tailwind
|upkeep
|turn|7
|
|t:|1750859642
|move|p1b: Terapagos|Protect|p1b: Terapagos
|-singleturn|p1b: Terapagos|Protect
|move|p2a: Whimsicott|Light Screen|p2a: Whimsicott
|-sidestart|p2: litsilver|move: Light Screen
|move|p2b: Rillaboom|Knock Off|p1b: Terapagos
|-activate|p1b: Terapagos|move: Protect
|
|upkeep
|turn|8
|
|t:|1750859655
|move|p1b: Terapagos|Protect||[still]
|-fail|p1b: Terapagos
|move|p2a: Whimsicott|Tailwind|p2a: Whimsicott
|-sidestart|p2: litsilver|move: Tailwind
|move|p2b: Rillaboom|Knock Off|p1b: Terapagos
|-damage|p1b: Terapagos|77/100
|-enditem|p1b: Terapagos|Electric Seed|[from] move: Knock Off|[of] p2b: Rillaboom
|
|-end|p1b: Terapagos|Encore
|upkeep
|turn|9
|
|t:|1750859668
|move|p2a: Whimsicott|Encore|p1b: Terapagos
|-start|p1b: Terapagos|Encore
|move|p2b: Rillaboom|Knock Off|p1b: Terapagos
|-damage|p1b: Terapagos|62/100
|move|p1b: Terapagos|Protect||[still]
|-fail|p1b: Terapagos
|
|upkeep
|turn|10
|
|t:|1750859686
|move|p1b: Terapagos|Protect|p1b: Terapagos
|-singleturn|p1b: Terapagos|Protect
|move|p2a: Whimsicott|Tailwind||[still]
|-fail|p2a: Whimsicott
|move|p2b: Rillaboom|U-turn|p1b: Terapagos
|-activate|p1b: Terapagos|move: Protect
|
|upkeep
|turn|11
|
|t:|1750859698
|move|p1b: Terapagos|Protect||[still]
|-fail|p1b: Terapagos
|move|p2a: Whimsicott|Light Screen||[still]
|-fail|p2a: Whimsicott
|move|p2b: Rillaboom|U-turn|p1b: Terapagos
|-damage|p1b: Terapagos|44/100
|
|-end|p1b: Terapagos|Encore
|-sideend|p2: litsilver|move: Light Screen
|-sideend|p2: litsilver|move: Tailwind
|upkeep
|turn|12
|
|t:|1750859708
|move|p1b: Terapagos|Protect|p1b: Terapagos
|-singleturn|p1b: Terapagos|Protect
|move|p2a: Whimsicott|Encore|p1b: Terapagos
|-activate|p1b: Terapagos|move: Protect
|move|p2b: Rillaboom|U-turn|p1b: Terapagos
|-activate|p1b: Terapagos|move: Protect
|
|upkeep
|turn|13
|
|t:|1750859717
|move|p2a: Whimsicott|Encore|p1b: Terapagos
|-start|p1b: Terapagos|Encore
|move|p2b: Rillaboom|U-turn|p1b: Terapagos
|-damage|p1b: Terapagos|29/100
|move|p1b: Terapagos|Protect||[still]
|-fail|p1b: Terapagos
|
|upkeep
|turn|14
|
|t:|1750859726
|move|p1b: Terapagos|Protect|p1b: Terapagos
|-singleturn|p1b: Terapagos|Protect
|move|p2a: Whimsicott|Light Screen|p2a: Whimsicott
|-sidestart|p2: litsilver|move: Light Screen
|move|p2b: Rillaboom|U-turn|p1b: Terapagos
|-activate|p1b: Terapagos|move: Protect
|
|upkeep
|turn|15
|
|t:|1750859733
|move|p1b: Terapagos|Protect||[still]
|-fail|p1b: Terapagos
|move|p2a: Whimsicott|Tailwind|p2a: Whimsicott
|-sidestart|p2: litsilver|move: Tailwind
|move|p2b: Rillaboom|U-turn|p1b: Terapagos
|-damage|p1b: Terapagos|14/100
|
|-end|p1b: Terapagos|Encore
|upkeep
|turn|16
|
|t:|1750859742
|move|p1b: Terapagos|Protect|p1b: Terapagos
|-singleturn|p1b: Terapagos|Protect
|move|p2a: Whimsicott|Encore|p1b: Terapagos
|-activate|p1b: Terapagos|move: Protect
|move|p2b: Rillaboom|U-turn|p1b: Terapagos
|-activate|p1b: Terapagos|move: Protect
|
|upkeep
|turn|17
|
|t:|1750859752
|move|p1b: Terapagos|Protect||[still]
|-fail|p1b: Terapagos
|move|p2a: Whimsicott|Encore|p1b: Terapagos
|-start|p1b: Terapagos|Encore
|move|p2b: Rillaboom|Wood Hammer|p1b: Terapagos
|-damage|p1b: Terapagos|0 fnt
|faint|p1b: Terapagos
|detailschange|p1: Terapagos|Terapagos, L50, M|[silent]
|-damage|p2b: Rillaboom|12/100|[from] Recoil
|
|win|litsilver
|raw|L3o_Just's rating: 1208 &rarr; <strong>1185</strong><br />(-23 for losing)
|raw|litsilver's rating: 1229 &rarr; <strong>1252</strong><br />(+23 for winning)
