|j|☆fabioso421
|j|‽McStud5
|t:|1750875482
|gametype|doubles
|player|p1|fabioso421|scientist|1212
|player|p2|McStud5|veteran|1248
|teamsize|p1|6
|teamsize|p2|6
|gen|9
|tier|[Gen 9] VGC 2025 Reg I
|rated|
|rule|Species Clause: Limit one of each Pokémon
|rule|Item Clause: Limit 1 of each item
|clearpoke
|poke|p1|Calyrex-Ice, L50|
|poke|p1|Amoonguss, L50, F|
|poke|p1|Indeedee-F, L50, F|
|poke|p1|Kyogre, L50|
|poke|p1|Incineroar, L50, M|
|poke|p1|Raging Bolt, L50|
|poke|p2|Tyranitar, L50, F|
|poke|p2|Excadrill, L50, F|
|poke|p2|Ursaluna-Bloodmoon, L50, M|
|poke|p2|Lunala, L50|
|poke|p2|Ho-Oh, L50|
|poke|p2|Volbeat, L50, M|
|teampreview|4
|inactive|Battle timer is ON: inactive players will automatically lose when time's up. (requested by fabioso421)
|
|t:|1750875542
|start
|switch|p1a: Amoonguss|Amoonguss, L50, F|100/100
|switch|p1b: Calyrex|Calyrex-Ice, L50|100/100
|switch|p2a: Volbeat|Volbeat, L50, M|100/100
|switch|p2b: Tyranitar|Tyranitar, L50, F|100/100
|-ability|p1b: Calyrex|As One
|-ability|p1b: Calyrex|Unnerve
|-weather|Sandstorm|[from] ability: Sand Stream|[of] p2b: Tyranitar
|turn|1
|inactive|fabioso421 has 30 seconds left.
|inactive|McStud5 has 30 seconds left.
|inactive|fabioso421 has 20 seconds left.
|inactive|McStud5 has 20 seconds left.
|inactive|fabioso421 has 15 seconds left.
|inactive|fabioso421 has 10 seconds left.
|
|t:|1750875587
|-terastallize|p1b: Calyrex|Dragon
|move|p2a: Volbeat|Taunt|p1a: Amoonguss
|-start|p1a: Amoonguss|move: Taunt
|move|p2b: Tyranitar|Rock Slide|p1a: Amoonguss|[spread] p1a,p1b
|-damage|p1a: Amoonguss|84/100
|-damage|p1b: Calyrex|87/100
|cant|p1a: Amoonguss|move: Taunt|Spore
|cant|p1b: Calyrex|flinch
|
|-weather|Sandstorm|[upkeep]
|-damage|p2a: Volbeat|95/100|[from] Sandstorm
|-damage|p1b: Calyrex|82/100|[from] Sandstorm
|-damage|p1a: Amoonguss|78/100|[from] Sandstorm
|-heal|p1b: Calyrex|87/100|[from] item: Leftovers
|upkeep
|turn|2
|inactive|fabioso421 has 30 seconds left.
|
|t:|1750875613
|switch|p1a: Kyogre|Kyogre, L50|100/100
|-weather|RainDance|[from] ability: Drizzle|[of] p1a: Kyogre
|move|p2a: Volbeat|Tail Glow|p2a: Volbeat
|-boost|p2a: Volbeat|spa|3
|move|p2b: Tyranitar|Breaking Swipe|p1a: Kyogre|[spread] p1a,p1b
|-supereffective|p1b: Calyrex
|-damage|p1a: Kyogre|88/100
|-damage|p1b: Calyrex|72/100
|-unboost|p1a: Kyogre|atk|1
|-unboost|p1b: Calyrex|atk|1
|move|p1b: Calyrex|Trick Room|p1b: Calyrex
|-fieldstart|move: Trick Room|[of] p1b: Calyrex
|
|-weather|RainDance|[upkeep]
|-heal|p1b: Calyrex|78/100|[from] item: Leftovers
|upkeep
|turn|3
|inactive|fabioso421 has 30 seconds left.
|inactive|McStud5 has 30 seconds left.
|inactive|McStud5 has 20 seconds left.
|inactive|McStud5 has 15 seconds left.
|
|t:|1750875656
|switch|p2b: Lunala|Lunala, L50|100/100
|move|p2a: Volbeat|Baton Pass|p2a: Volbeat
|
|t:|1750875666
|switch|p2a: Ursaluna|Ursaluna-Bloodmoon, L50, M|100/100|[from] Baton Pass
|move|p1b: Calyrex|Glacial Lance|p2a: Ursaluna|[spread] p2a,p2b
|-supereffective|p2a: Ursaluna
|-damage|p2a: Ursaluna|39/100
|-damage|p2b: Lunala|86/100
|move|p1a: Kyogre|Water Spout|p2a: Ursaluna|[spread] p2a,p2b
|-supereffective|p2a: Ursaluna
|-damage|p2a: Ursaluna|0 fnt
|-damage|p2b: Lunala|29/100
|faint|p2a: Ursaluna
|
|-weather|RainDance|[upkeep]
|-heal|p1b: Calyrex|84/100|[from] item: Leftovers
|upkeep
|
|t:|1750875679
|switch|p2a: Tyranitar|Tyranitar, L50, F|100/100
|-weather|Sandstorm|[from] ability: Sand Stream|[of] p2a: Tyranitar
|turn|4
|
|t:|1750875700
|move|p2b: Lunala|Wide Guard|p2b: Lunala
|-singleturn|p2b: Lunala|Wide Guard
|move|p1b: Calyrex|Glacial Lance|p2b: Lunala|[spread] 
|-activate|p2a: Tyranitar|move: Wide Guard
|-activate|p2b: Lunala|move: Wide Guard
|move|p1a: Kyogre|Water Spout|p2a: Tyranitar|[spread] 
|-activate|p2a: Tyranitar|move: Wide Guard
|-activate|p2b: Lunala|move: Wide Guard
|move|p2a: Tyranitar|Snarl|p1a: Kyogre|[spread] p1a,p1b
|-damage|p1a: Kyogre|80/100
|-damage|p1b: Calyrex|75/100
|-unboost|p1a: Kyogre|spa|1
|-unboost|p1b: Calyrex|spa|1
|
|-weather|Sandstorm|[upkeep]
|-damage|p1b: Calyrex|69/100|[from] Sandstorm
|-heal|p1b: Calyrex|75/100|[from] item: Leftovers
|upkeep
|turn|5
|inactive|fabioso421 has 30 seconds left.
|inactive|McStud5 has 30 seconds left.
|inactive|McStud5 has 20 seconds left.
|
|t:|1750875738
|switch|p1b: Amoonguss|Amoonguss, L50, F|100/100
|move|p1a: Kyogre|Ice Beam|p2b: Lunala
|-damage|p2b: Lunala|13/100
|move|p2a: Tyranitar|Rock Slide|p1a: Kyogre|[spread] p1a,p1b
|-damage|p1a: Kyogre|58/100
|-damage|p1b: Amoonguss|84/100
|move|p2b: Lunala|Trick Room|p2b: Lunala
|-fieldend|move: Trick Room
|
|-weather|Sandstorm|[upkeep]
|-damage|p1b: Amoonguss|78/100|[from] Sandstorm
|upkeep
|turn|6
|inactive|McStud5 has 30 seconds left.
|
|t:|1750875772
|-terastallize|p2a: Tyranitar|Ghost
|move|p2b: Lunala|Moongeist Beam|p1b: Amoonguss
|-damage|p1b: Amoonguss|25/100
|move|p2a: Tyranitar|Knock Off|p1b: Amoonguss
|-damage|p1b: Amoonguss|0 fnt
|-damage|p2a: Tyranitar|84/100|[from] item: Rocky Helmet|[of] p1b: Amoonguss
|-enditem|p1b: Amoonguss|Rocky Helmet|[from] move: Knock Off|[of] p2a: Tyranitar
|faint|p1b: Amoonguss
|move|p1a: Kyogre|Ice Beam|p2b: Lunala
|-damage|p2b: Lunala|0 fnt
|faint|p2b: Lunala
|
|-weather|Sandstorm|[upkeep]
|-damage|p2a: Tyranitar|78/100|[from] Sandstorm
|upkeep
|
|t:|1750875788
|switch|p2b: Volbeat|Volbeat, L50, M|95/100
|switch|p1b: Calyrex|Calyrex-Ice, L50, tera:Dragon|75/100
|-ability|p1b: Calyrex|As One
|-ability|p1b: Calyrex|Unnerve
|turn|7
|
|t:|1750875804
|move|p2b: Volbeat|Taunt|p1b: Calyrex
|-start|p1b: Calyrex|move: Taunt
|move|p2a: Tyranitar|Breaking Swipe|p1a: Kyogre|[spread] p1a,p1b
|-supereffective|p1b: Calyrex
|-damage|p1a: Kyogre|45/100
|-damage|p1b: Calyrex|61/100
|-unboost|p1a: Kyogre|atk|1
|-unboost|p1b: Calyrex|atk|1
|move|p1a: Kyogre|Water Spout|p2b: Volbeat|[spread] p2a,p2b
|-damage|p2a: Tyranitar|67/100
|-damage|p2b: Volbeat|70/100
|move|p1b: Calyrex|Glacial Lance|p2a: Tyranitar|[spread] p2a,p2b
|-damage|p2a: Tyranitar|40/100
|-damage|p2b: Volbeat|21/100
|
|-weather|Sandstorm|[upkeep]
|-damage|p2b: Volbeat|15/100|[from] Sandstorm
|-damage|p2a: Tyranitar|34/100|[from] Sandstorm
|-damage|p1b: Calyrex|56/100|[from] Sandstorm
|-heal|p1b: Calyrex|61/100|[from] item: Leftovers
|upkeep
|turn|8
|inactive|McStud5 has 30 seconds left.
|inactive|McStud5 has 20 seconds left.
|
|t:|1750875840
|move|p2b: Volbeat|Tailwind|p2b: Volbeat
|-sidestart|p2: McStud5|move: Tailwind
|move|p2a: Tyranitar|Breaking Swipe|p1b: Calyrex|[spread] p1a,p1b
|-supereffective|p1b: Calyrex
|-damage|p1a: Kyogre|34/100
|-damage|p1b: Calyrex|47/100
|-unboost|p1a: Kyogre|atk|1
|-unboost|p1b: Calyrex|atk|1
|move|p1a: Kyogre|Water Spout|p2a: Tyranitar|[spread] p2a,p2b
|-damage|p2a: Tyranitar|27/100
|-damage|p2b: Volbeat|0 fnt
|faint|p2b: Volbeat
|move|p1b: Calyrex|Glacial Lance|p2a: Tyranitar
|-damage|p2a: Tyranitar|0 fnt
|faint|p2a: Tyranitar
|
|win|fabioso421
|raw|fabioso421's rating: 1212 &rarr; <strong>1240</strong><br />(+28 for winning)
|raw|McStud5's rating: 1248 &rarr; <strong>1220</strong><br />(-28 for losing)
|l|☆fabioso421
|player|p1|
|l|‽McStud5
|player|p2|
