|j|☆hdlshshxvqjw
|j|☆dhiaruga101
|t:|1750835655
|gametype|doubles
|player|p1|hdlshshxvqjw|169|1663
|player|p2|dhiaruga101|cynthia-gen4|1588
|teamsize|p1|6
|teamsize|p2|6
|gen|9
|tier|[Gen 9] VGC 2025 Reg I
|rated|
|rule|Species Clause: Limit one of each Pokémon
|rule|Item Clause: Limit 1 of each item
|clearpoke
|poke|p1|Ho-Oh, L50|
|poke|p1|Calyrex-Shadow, L50|
|poke|p1|Walking Wake, L50|
|poke|p1|Incineroar, L50, F|
|poke|p1|Landorus, L50, M|
|poke|p1|Toxapex, L50, M|
|poke|p2|Miraidon, L50|
|poke|p2|Calyrex-Ice, L50|
|poke|p2|Grimmsnarl, L50, M|
|poke|p2|Incineroar, L50, M|
|poke|p2|Landorus, L50, M|
|poke|p2|Urshifu-*, L50, M|
|teampreview|4
|inactive|Battle timer is ON: inactive players will automatically lose when time's up. (requested by dhiaruga101)
|
|t:|1750835668
|start
|switch|p1a: Calyrex|Calyrex-Shadow, L50|100/100
|switch|p1b: Toxapex|Toxapex, L50, M|100/100
|switch|p2a: Grimmsnarl|Grimmsnarl, L50, M, shiny|100/100
|switch|p2b: Calyrex|Calyrex-Ice, L50|100/100
|-ability|p1a: Calyrex|As One
|-ability|p1a: Calyrex|Unnerve
|-ability|p2b: Calyrex|As One
|-ability|p2b: Calyrex|Unnerve
|turn|1
|
|t:|1750835679
|switch|p1a: Incineroar|Incineroar, L50, F|100/100
|-ability|p1a: Incineroar|Intimidate|boost
|-unboost|p2a: Grimmsnarl|atk|1
|-unboost|p2b: Calyrex|atk|1
|-terastallize|p2b: Calyrex|Water
|move|p2a: Grimmsnarl|Light Screen|p2a: Grimmsnarl
|-sidestart|p2: dhiaruga101|move: Light Screen
|move|p2b: Calyrex|Leech Seed|p1b: Toxapex
|-start|p1b: Toxapex|move: Leech Seed
|move|p1b: Toxapex|Toxic Spikes|p2b: Calyrex
|-sidestart|p2: dhiaruga101|move: Toxic Spikes
|
|-damage|p1b: Toxapex|88/100|[from] Leech Seed|[of] p2b: Calyrex
|upkeep
|turn|2
|inactive|dhiaruga101 has 30 seconds left.
|
|t:|1750835709
|move|p2b: Calyrex|Protect|p2b: Calyrex
|-singleturn|p2b: Calyrex|Protect
|move|p2a: Grimmsnarl|Thunder Wave|p1b: Toxapex
|-status|p1b: Toxapex|par
|move|p1a: Incineroar|Knock Off|p2b: Calyrex
|-activate|p2b: Calyrex|move: Protect
|move|p1b: Toxapex|Toxic Spikes|p2b: Calyrex
|-sidestart|p2: dhiaruga101|move: Toxic Spikes
|
|-damage|p1b: Toxapex|76/100 par|[from] Leech Seed|[of] p2b: Calyrex
|upkeep
|turn|3
|
|t:|1750835723
|switch|p2b: Incineroar|Incineroar, L50, M, shiny|100/100
|-status|p2b: Incineroar|tox
|-ability|p2b: Incineroar|Intimidate|boost
|-unboost|p1a: Incineroar|atk|1
|-unboost|p1b: Toxapex|atk|1
|switch|p1b: Ho-Oh|Ho-Oh, L50|100/100
|move|p2a: Grimmsnarl|Reflect|p2a: Grimmsnarl
|-sidestart|p2: dhiaruga101|Reflect
|move|p1a: Incineroar|Knock Off|p2b: Incineroar
|-resisted|p2b: Incineroar
|-damage|p2b: Incineroar|93/100 tox
|-enditem|p2b: Incineroar|Assault Vest|[from] move: Knock Off|[of] p1a: Incineroar
|
|-damage|p2b: Incineroar|87/100 tox|[from] psn
|upkeep
|turn|4
|
|t:|1750835741
|switch|p1b: Toxapex|Toxapex, L50, M|100/100 par
|move|p2a: Grimmsnarl|Thunder Wave|p1b: Toxapex
|-fail|p1b: Toxapex|par
|move|p2b: Incineroar|U-turn|p1b: Toxapex
|-resisted|p1b: Toxapex
|-damage|p1b: Toxapex|93/100 par
|
|t:|1750835751
|switch|p2b: Miraidon|Miraidon, L50|100/100|[from] U-turn
|-status|p2b: Miraidon|tox
|-fieldstart|move: Electric Terrain|[from] ability: Hadron Engine|[of] p2b: Miraidon
|move|p1a: Incineroar|U-turn|p2a: Grimmsnarl
|-damage|p2a: Grimmsnarl|93/100
|
|t:|1750835757
|switch|p1a: Calyrex|Calyrex-Shadow, L50|100/100|[from] U-turn
|-ability|p1a: Calyrex|As One
|-ability|p1a: Calyrex|Unnerve
|
|-damage|p2b: Miraidon|95/100 tox|[from] psn
|upkeep
|turn|5
|
|t:|1750835772
|move|p1a: Calyrex|Protect|p1a: Calyrex
|-singleturn|p1a: Calyrex|Protect
|cant|p1b: Toxapex|par
|move|p2b: Miraidon|Electro Drift|p1a: Calyrex
|-activate|p1a: Calyrex|move: Protect
|move|p2a: Grimmsnarl|Spirit Break|p1a: Calyrex
|-activate|p1a: Calyrex|move: Protect
|
|-damage|p2b: Miraidon|83/100 tox|[from] psn
|upkeep
|turn|6
|
|t:|1750835793
|-terastallize|p1a: Calyrex|Dark
|move|p1a: Calyrex|Disable|p2b: Miraidon
|-start|p2b: Miraidon|Disable|Electro Drift
|cant|p2b: Miraidon|Disable|Electro Drift
|move|p2a: Grimmsnarl|Spirit Break|p1a: Calyrex
|-supereffective|p1a: Calyrex
|-damage|p1a: Calyrex|57/100
|-unboost|p1a: Calyrex|spa|1
|move|p1b: Toxapex|Infestation|p2b: Miraidon
|-damage|p2b: Miraidon|82/100 tox
|-activate|p2b: Miraidon|move: Infestation|[of] p1b: Toxapex
|
|-damage|p2b: Miraidon|64/100 tox|[from] psn
|-damage|p2b: Miraidon|52/100 tox|[from] move: Infestation|[partiallytrapped]
|upkeep
|turn|7
|inactive|dhiaruga101 has 30 seconds left.
|
|t:|1750835818
|switch|p1a: Incineroar|Incineroar, L50, F|100/100
|-ability|p1a: Incineroar|Intimidate|boost
|-unboost|p2a: Grimmsnarl|atk|1
|-unboost|p2b: Miraidon|atk|1
|-activate|p2b: Miraidon|move: Struggle
|move|p2b: Miraidon|Struggle|p1b: Toxapex
|-damage|p1b: Toxapex|89/100 par
|-damage|p2b: Miraidon|27/100 tox|[from] recoil
|move|p2a: Grimmsnarl|Spirit Break|p1a: Incineroar
|-damage|p1a: Incineroar|90/100
|-unboost|p1a: Incineroar|spa|1
|move|p1b: Toxapex|Infestation|p2a: Grimmsnarl
|-damage|p2a: Grimmsnarl|91/100
|-activate|p2a: Grimmsnarl|move: Infestation|[of] p1b: Toxapex
|
|-damage|p2b: Miraidon|4/100 tox|[from] psn
|-damage|p2b: Miraidon|0 fnt|[from] move: Infestation|[partiallytrapped]
|faint|p2b: Miraidon
|-damage|p2a: Grimmsnarl|79/100|[from] move: Infestation|[partiallytrapped]
|upkeep
|-message|dhiaruga101 forfeited.
|
|win|hdlshshxvqjw
|raw|hdlshshxvqjw's rating: 1663 &rarr; <strong>1679</strong><br />(+16 for winning)
|raw|dhiaruga101's rating: 1588 &rarr; <strong>1572</strong><br />(-16 for losing)
|l|☆dhiaruga101
|player|p2|
|l|☆hdlshshxvqjw
|player|p1|
