|j|☆Gholdengels
|j|☆phatyoloswag
|t:|1750753335
|gametype|doubles
|player|p1|Gholdengels|gentleman-gen4|1217
|player|p2|phatyoloswag|170|1139
|teamsize|p1|6
|teamsize|p2|6
|gen|9
|tier|[Gen 9] VGC 2025 Reg I
|rated|
|rule|Species Clause: Limit one of each Pokémon
|rule|Item Clause: Limit 1 of each item
|clearpoke
|poke|p1|Kyurem, L50|
|poke|p1|Ninetales-Alola, L50, M|
|poke|p1|Incineroar, L50, F|
|poke|p1|Urshifu-*, L50, M|
|poke|p1|Zacian-*, L50|
|poke|p1|Whimsicott, L50, M|
|poke|p2|Volcarona, L50, F|
|poke|p2|Lunala, L50|
|poke|p2|Grimmsnarl, L50, M|
|poke|p2|Miraidon, L50|
|poke|p2|Iron Treads, L50|
|poke|p2|Zapdos-Galar, L50|
|teampreview|4
|inactive|Battle timer is ON: inactive players will automatically lose when time's up. (requested by phatyoloswag)
|inactive|phatyoloswag has 60 seconds left.
|
|t:|1750753376
|start
|switch|p1a: Ninetales|Ninetales-Alola, L50, M|100/100
|switch|p1b: Kyurem|Kyurem, L50|100/100
|switch|p2a: Volcarona|Volcarona, L50, F|100/100
|switch|p2b: Grimmsnarl|Grimmsnarl, L50, M|100/100
|-weather|Snowscape|[from] ability: Snow Warning|[of] p1a: Ninetales
|-ability|p1b: Kyurem|Pressure
|turn|1
|inactive|Gholdengels has 30 seconds left.
|inactive|Gholdengels has 20 seconds left.
|inactive|Gholdengels has 15 seconds left.
|inactive|Gholdengels has 10 seconds left.
|inactive|Gholdengels has 5 seconds left.
|
|t:|1750753429
|move|p2b: Grimmsnarl|Light Screen|p2b: Grimmsnarl
|-sidestart|p2: phatyoloswag|move: Light Screen
|move|p1a: Ninetales|Aurora Veil|p1a: Ninetales
|-sidestart|p1: Gholdengels|move: Aurora Veil
|move|p1b: Kyurem|Blizzard|p2b: Grimmsnarl|[spread] p2a,p2b
|-resisted|p2a: Volcarona
|-damage|p2a: Volcarona|89/100
|-damage|p2b: Grimmsnarl|79/100
|move|p2a: Volcarona|Quiver Dance|p2a: Volcarona
|-boost|p2a: Volcarona|spa|1
|-boost|p2a: Volcarona|spd|1
|-boost|p2a: Volcarona|spe|1
|
|-weather|Snowscape|[upkeep]
|-heal|p2b: Grimmsnarl|85/100|[from] item: Leftovers
|upkeep
|turn|2
|inactive|Gholdengels has 30 seconds left.
|
|t:|1750753455
|switch|p1b: Zacian|Zacian-Crowned, L50|100/100
|-ability|p1b: Zacian|Intrepid Sword|boost
|-boost|p1b: Zacian|atk|1
|move|p2b: Grimmsnarl|Reflect|p2b: Grimmsnarl
|-sidestart|p2: phatyoloswag|Reflect
|move|p2a: Volcarona|Struggle Bug|p1b: Zacian|[spread] p1a,p1b
|-resisted|p1a: Ninetales
|-resisted|p1b: Zacian
|-damage|p1a: Ninetales|92/100
|-damage|p1b: Zacian|96/100
|-unboost|p1b: Zacian|spa|1
|move|p1a: Ninetales|Encore|p2a: Volcarona
|-start|p2a: Volcarona|Encore
|
|-weather|Snowscape|[upkeep]
|-heal|p2b: Grimmsnarl|91/100|[from] item: Leftovers
|upkeep
|turn|3
|inactive|Gholdengels has 30 seconds left.
|inactive|phatyoloswag has 30 seconds left.
|inactive|Gholdengels has 20 seconds left.
|inactive|Gholdengels has 15 seconds left.
|
|t:|1750753500
|switch|p2b: Lunala|Lunala, L50|100/100
|move|p1a: Ninetales|Helping Hand|p1b: Zacian
|-singleturn|p1b: Zacian|Helping Hand|[of] p1a: Ninetales
|move|p2a: Volcarona|Struggle Bug|p1a: Ninetales|[spread] p1a,p1b
|-resisted|p1a: Ninetales
|-crit|p1a: Ninetales
|-resisted|p1b: Zacian
|-damage|p1a: Ninetales|75/100
|-damage|p1b: Zacian|93/100
|-unboost|p1b: Zacian|spa|1
|move|p1b: Zacian|Behemoth Blade|p2a: Volcarona
|-resisted|p2a: Volcarona
|-damage|p2a: Volcarona|43/100
|-enditem|p2a: Volcarona|Sitrus Berry|[eat]
|-heal|p2a: Volcarona|68/100|[from] item: Sitrus Berry
|
|-weather|Snowscape|[upkeep]
|upkeep
|turn|4
|
|t:|1750753524
|move|p1a: Ninetales|Helping Hand|p1b: Zacian
|-singleturn|p1b: Zacian|Helping Hand|[of] p1a: Ninetales
|move|p2a: Volcarona|Struggle Bug|p1a: Ninetales|[spread] p1a,p1b
|-resisted|p1a: Ninetales
|-resisted|p1b: Zacian
|-damage|p1a: Ninetales|68/100
|-damage|p1b: Zacian|89/100
|-unboost|p1b: Zacian|spa|1
|move|p1b: Zacian|Behemoth Blade|p2b: Lunala
|-damage|p2b: Lunala|64/100
|move|p2b: Lunala|Meteor Beam||[still]
|-prepare|p2b: Lunala|Meteor Beam
|-boost|p2b: Lunala|spa|1
|-enditem|p2b: Lunala|Power Herb
|-anim|p2b: Lunala|Meteor Beam|p1a: Ninetales
|-supereffective|p1a: Ninetales
|-damage|p1a: Ninetales|0 fnt
|faint|p1a: Ninetales
|
|-weather|Snowscape|[upkeep]
|upkeep
|
|t:|1750753529
|switch|p1a: Urshifu|Urshifu-Rapid-Strike, L50, M|100/100
|turn|5
|inactive|phatyoloswag has 30 seconds left.
|inactive|Gholdengels has 30 seconds left.
|inactive|phatyoloswag has 20 seconds left.
|
|t:|1750753568
|-terastallize|p2a: Volcarona|Grass
|move|p2a: Volcarona|Struggle Bug|p1b: Zacian|[spread] p1a,p1b
|-resisted|p1a: Urshifu
|-crit|p1a: Urshifu
|-resisted|p1b: Zacian
|-damage|p1a: Urshifu|74/100
|-damage|p1b: Zacian|84/100
|-unboost|p1a: Urshifu|spa|1
|-unboost|p1b: Zacian|spa|1
|move|p1b: Zacian|Behemoth Blade|p2a: Volcarona
|-damage|p2a: Volcarona|2/100
|move|p1a: Urshifu|Surging Strikes|p2a: Volcarona
|-resisted|p2a: Volcarona
|-crit|p2a: Volcarona
|-damage|p2a: Volcarona|0 fnt
|faint|p2a: Volcarona
|-hitcount|p2: Volcarona|1
|move|p2b: Lunala|Moongeist Beam|p1b: Zacian
|-damage|p1b: Zacian|40/100
|
|-weather|none
|-sideend|p2: phatyoloswag|move: Light Screen
|-sideend|p1: Gholdengels|move: Aurora Veil
|upkeep
|
|t:|1750753592
|switch|p2a: Miraidon|Miraidon, L50|100/100
|-fieldstart|move: Electric Terrain|[from] ability: Hadron Engine|[of] p2a: Miraidon
|-enditem|p2a: Miraidon|Electric Seed
|-boost|p2a: Miraidon|def|1|[from] item: Electric Seed
|turn|6
|
|t:|1750753606
|move|p2b: Lunala|Wide Guard|p2b: Lunala
|-singleturn|p2b: Lunala|Wide Guard
|move|p1b: Zacian|Play Rough|p2a: Miraidon
|-supereffective|p2a: Miraidon
|-crit|p2a: Miraidon
|-damage|p2a: Miraidon|0 fnt
|faint|p2a: Miraidon
|move|p1a: Urshifu|Surging Strikes|p2b: Lunala
|-crit|p2b: Lunala
|-damage|p2b: Lunala|38/100
|-crit|p2b: Lunala
|-damage|p2b: Lunala|15/100
|-crit|p2b: Lunala
|-damage|p2b: Lunala|0 fnt
|faint|p2b: Lunala
|-hitcount|p2: Lunala|3
|
|-sideend|p2: phatyoloswag|Reflect
|upkeep
|
|t:|1750753624
|switch|p2b: Grimmsnarl|Grimmsnarl, L50, M|91/100
|turn|7
|-message|phatyoloswag forfeited.
|
|win|Gholdengels
|raw|Gholdengels's rating: 1217 &rarr; <strong>1236</strong><br />(+19 for winning)
|raw|phatyoloswag's rating: 1139 &rarr; <strong>1120</strong><br />(-19 for losing)
|l|☆phatyoloswag
|player|p2|
|l|☆Gholdengels
|player|p1|
