|j|☆acerorosso
|j|☆MegaFroakie86
|t:|1750717054
|gametype|doubles
|player|p1|acerorosso|101|1122
|player|p2|MegaFroakie86|1|1090
|teamsize|p1|6
|teamsize|p2|6
|gen|9
|tier|[Gen 9] VGC 2025 Reg I
|rated|
|rule|Species Clause: Limit one of each Pokémon
|rule|Item Clause: Limit 1 of each item
|clearpoke
|poke|p1|Koraidon, L50|
|poke|p1|Whimsicott, L50, F|
|poke|p1|Lilligant-Hisui, L50, F|
|poke|p1|Ho-Oh, L50|
|poke|p1|Raikou, L50|
|poke|p1|Torkoal, L50, F|
|poke|p2|Kyogre, L50|
|poke|p2|Cresselia, L50, F|
|poke|p2|Incineroar, L50, F|
|poke|p2|Koraidon, L50|
|poke|p2|Walking Wake, L50|
|poke|p2|Amoonguss, L50, M|
|teampreview|4
|inactive|Battle timer is ON: inactive players will automatically lose when time's up. (requested by acerorosso)
|
|t:|1750717083
|start
|switch|p1a: Whimsicott|Whimsicott, L50, F|100/100
|switch|p1b: Lilligant|Lilligant-Hisui, L50, F|100/100
|switch|p2a: Kyogre|Kyogre, L50|100/100
|switch|p2b: Walking Wake|Walking Wake, L50|100/100
|-weather|RainDance|[from] ability: Drizzle|[of] p2a: Kyogre
|turn|1
|inactive|acerorosso has 30 seconds left.
|inactive|MegaFroakie86 has 30 seconds left.
|
|t:|1750717110
|switch|p1a: Koraidon|Koraidon, L50|100/100
|-weather|SunnyDay|[from] ability: Orichalcum Pulse|[of] p1a: Koraidon
|-activate|p2b: Walking Wake|ability: Protosynthesis
|-start|p2b: Walking Wake|protosynthesisspa
|-activate|p1a: Koraidon|Orichalcum Pulse|[source]
|move|p1b: Lilligant|Leaf Blade|p2a: Kyogre
|-supereffective|p2a: Kyogre
|-damage|p2a: Kyogre|0 fnt
|faint|p2a: Kyogre
|-damage|p1b: Lilligant|91/100|[from] item: Life Orb
|move|p2b: Walking Wake|Weather Ball|p1a: Koraidon
|-resisted|p1a: Koraidon
|-damage|p1a: Koraidon|50/100
|
|-weather|SunnyDay|[upkeep]
|upkeep
|
|t:|1750717126
|switch|p2a: Cresselia|Cresselia, L50, F|100/100
|turn|2
|
|t:|1750717143
|move|p1b: Lilligant|Leaf Blade|p2b: Walking Wake
|-damage|p2b: Walking Wake|35/100
|-damage|p1b: Lilligant|81/100|[from] item: Life Orb
|move|p1a: Koraidon|Collision Course|p2b: Walking Wake
|-damage|p2b: Walking Wake|0 fnt
|faint|p2b: Walking Wake
|-end|p2b: Walking Wake|Protosynthesis|[silent]
|move|p2a: Cresselia|Dazzling Gleam|p1a: Koraidon|[spread] p1a,p1b
|-supereffective|p1a: Koraidon
|-supereffective|p1b: Lilligant
|-damage|p1a: Koraidon|9/100
|-damage|p1b: Lilligant|48/100
|
|-weather|SunnyDay|[upkeep]
|upkeep
|
|t:|1750717155
|switch|p2b: Amoonguss|Amoonguss, L50, M|100/100
|turn|3
|
|t:|1750717163
|move|p1b: Lilligant|Ice Spinner|p2b: Amoonguss
|-supereffective|p2b: Amoonguss
|-damage|p2b: Amoonguss|35/100
|-damage|p1b: Lilligant|38/100|[from] item: Life Orb
|move|p1a: Koraidon|U-turn|p2a: Cresselia
|-supereffective|p2a: Cresselia
|-damage|p2a: Cresselia|53/100
|
|t:|1750717171
|switch|p1a: Whimsicott|Whimsicott, L50, F|100/100|[from] U-turn
|move|p2a: Cresselia|Dazzling Gleam|p1b: Lilligant|[spread] p1a,p1b
|-supereffective|p1b: Lilligant
|-damage|p1a: Whimsicott|84/100
|-damage|p1b: Lilligant|4/100
|move|p2b: Amoonguss|Spore|p1b: Lilligant
|-immune|p1b: Lilligant
|
|-weather|SunnyDay|[upkeep]
|-heal|p2b: Amoonguss|41/100|[from] item: Leftovers
|upkeep
|turn|4
|c|☆MegaFroakie86|ok i made like the most stupid play ever :(
|inactive|MegaFroakie86 has 30 seconds left.
|
|t:|1750717198
|move|p2b: Amoonguss|Protect|p2b: Amoonguss
|-singleturn|p2b: Amoonguss|Protect
|move|p1a: Whimsicott|Taunt|p2b: Amoonguss
|-activate|p2b: Amoonguss|move: Protect
|move|p1b: Lilligant|Leaf Blade|p2a: Cresselia
|-damage|p2a: Cresselia|11/100
|-damage|p1b: Lilligant|0 fnt|[from] item: Life Orb
|faint|p1b: Lilligant
|move|p2a: Cresselia|Dazzling Gleam|p1a: Whimsicott
|-damage|p1a: Whimsicott|65/100
|
|-weather|SunnyDay|[upkeep]
|-heal|p2b: Amoonguss|47/100|[from] item: Leftovers
|upkeep
|
|t:|1750717212
|switch|p1b: Koraidon|Koraidon, L50|9/100
|-activate|p1b: Koraidon|ability: Orichalcum Pulse
|turn|5
|
|t:|1750717233
|move|p2a: Cresselia|Protect|p2a: Cresselia
|-singleturn|p2a: Cresselia|Protect
|move|p1a: Whimsicott|Encore|p2b: Amoonguss
|-start|p2b: Amoonguss|Encore
|move|p1b: Koraidon|U-turn|p2a: Cresselia
|-activate|p2a: Cresselia|move: Protect
|move|p2b: Amoonguss|Protect||[still]
|-fail|p2b: Amoonguss
|
|-weather|none
|-heal|p2b: Amoonguss|53/100|[from] item: Leftovers
|upkeep
|turn|6
|
|t:|1750717250
|move|p2b: Amoonguss|Protect|p2b: Amoonguss
|-singleturn|p2b: Amoonguss|Protect
|move|p1a: Whimsicott|Encore|p2a: Cresselia
|-start|p2a: Cresselia|Encore
|move|p1b: Koraidon|U-turn|p2a: Cresselia
|-supereffective|p2a: Cresselia
|-damage|p2a: Cresselia|0 fnt
|faint|p2a: Cresselia
|
|t:|1750717258
|switch|p1b: Raikou|Raikou, L50|100/100|[from] U-turn
|
|-heal|p2b: Amoonguss|59/100|[from] item: Leftovers
|upkeep
|turn|7
|-message|MegaFroakie86 forfeited.
|
|win|acerorosso
|raw|acerorosso's rating: 1122 &rarr; <strong>1145</strong><br />(+23 for winning)
|raw|MegaFroakie86's rating: 1090 &rarr; <strong>1069</strong><br />(-21 for losing)
|l|☆MegaFroakie86
|player|p2|
|l|☆acerorosso
|player|p1|
