|j|☆Matias_DCP
|j|☆chuckwit
|t:|1750844105
|gametype|doubles
|player|p1|Matias_DCP|lucas|1349
|player|p2|chuckwit|169|1391
|teamsize|p1|6
|teamsize|p2|6
|gen|9
|tier|[Gen 9] VGC 2025 Reg I
|rated|
|rule|Species Clause: Limit one of each Pokémon
|rule|Item Clause: Limit 1 of each item
|clearpoke
|poke|p1|Calyrex-Ice, L50|
|poke|p1|Miraidon, L50|
|poke|p1|Grimmsnarl, L50, M|
|poke|p1|Urshifu-*, L50, M|
|poke|p1|Incineroar, L50, M|
|poke|p1|Landorus, L50, M|
|poke|p2|Miraidon, L50|
|poke|p2|Lunala, L50|
|poke|p2|Incineroar, L50, F|
|poke|p2|Grimmsnarl, L50, M|
|poke|p2|Ursaluna, L50, M|
|poke|p2|Iron Hands, L50|
|teampreview|4
|inactive|Battle timer is ON: inactive players will automatically lose when time's up. (requested by chuckwit)
|
|t:|1750844129
|start
|switch|p1a: Grimmsnarl|Grimmsnarl, L50, M, shiny|100/100
|switch|p1b: Miraidon|Miraidon, L50|100/100
|switch|p2a: Lunala|Lunala, L50, shiny|100/100
|switch|p2b: Incineroar|Incineroar, L50, F, shiny|100/100
|-fieldstart|move: Electric Terrain|[from] ability: Hadron Engine|[of] p1b: Miraidon
|-enditem|p2a: Lunala|Electric Seed
|-boost|p2a: Lunala|def|1|[from] item: Electric Seed
|-ability|p2b: Incineroar|Intimidate|boost
|-unboost|p1a: Grimmsnarl|atk|1
|-unboost|p1b: Miraidon|atk|1
|turn|1
|
|t:|1750844145
|-terastallize|p1b: Miraidon|Fairy
|move|p2b: Incineroar|Fake Out|p1b: Miraidon
|-damage|p1b: Miraidon|91/100
|move|p1a: Grimmsnarl|Light Screen|p1a: Grimmsnarl
|-sidestart|p1: Matias_DCP|move: Light Screen
|cant|p1b: Miraidon|flinch
|move|p2a: Lunala|Trick Room|p2a: Lunala
|-fieldstart|move: Trick Room|[of] p2a: Lunala
|
|upkeep
|turn|2
|
|t:|1750844167
|switch|p1b: Calyrex|Calyrex-Ice, L50|100/100
|-ability|p1b: Calyrex|As One
|-ability|p1b: Calyrex|Unnerve
|-terastallize|p2a: Lunala|Fairy
|move|p1a: Grimmsnarl|Reflect|p1a: Grimmsnarl
|-sidestart|p1: Matias_DCP|Reflect
|move|p2b: Incineroar|Parting Shot|p1b: Calyrex
|-unboost|p1b: Calyrex|atk|1
|-unboost|p1b: Calyrex|spa|1
|
|t:|1750844178
|switch|p2b: Ursaluna|Ursaluna, L50, M, shiny|100/100|[from] Parting Shot
|move|p2a: Lunala|Moonblast|p1a: Grimmsnarl
|-supereffective|p1a: Grimmsnarl
|-damage|p1a: Grimmsnarl|31/100
|
|-status|p2b: Ursaluna|brn|[from] item: Flame Orb
|upkeep
|turn|3
|
|t:|1750844195
|move|p2a: Lunala|Wide Guard|p2a: Lunala
|-singleturn|p2a: Lunala|Wide Guard
|move|p1a: Grimmsnarl|Thunder Wave|p2a: Lunala
|-status|p2a: Lunala|par
|move|p2b: Ursaluna|Earthquake|p1a: Grimmsnarl|[spread] p1a,p1b
|-activate|p2a: Lunala|move: Wide Guard
|-damage|p1a: Grimmsnarl|0 fnt
|-damage|p1b: Calyrex|74/100
|faint|p1a: Grimmsnarl
|move|p1b: Calyrex|Trick Room|p1b: Calyrex
|-fieldend|move: Trick Room
|
|-heal|p1b: Calyrex|80/100|[from] item: Leftovers
|-damage|p2b: Ursaluna|95/100 brn|[from] brn
|upkeep
|
|t:|1750844211
|switch|p1a: Urshifu|Urshifu-Rapid-Strike, L50, M|100/100
|turn|4
|
|t:|1750844226
|switch|p2b: Miraidon|Miraidon, L50|100/100
|-activate|p2b: Miraidon|ability: Hadron Engine
|cant|p2a: Lunala|par
|move|p1a: Urshifu|Surging Strikes|p2a: Lunala
|-crit|p2a: Lunala
|-damage|p2a: Lunala|88/100 par
|-crit|p2a: Lunala
|-damage|p2a: Lunala|62/100 par
|-crit|p2a: Lunala
|-damage|p2a: Lunala|38/100 par
|-hitcount|p2a: Lunala|3
|move|p1b: Calyrex|Glacial Lance|p2a: Lunala|[spread] p2a,p2b
|-supereffective|p2b: Miraidon
|-damage|p2a: Lunala|18/100 par
|-damage|p2b: Miraidon|32/100
|
|-heal|p1b: Calyrex|86/100|[from] item: Leftovers
|upkeep
|turn|5
|inactive|Matias_DCP has 30 seconds left.
|inactive|chuckwit has 30 seconds left.
|inactive|chuckwit has 20 seconds left.
|inactive|chuckwit has 15 seconds left.
|inactive|chuckwit has 10 seconds left.
|inactive|chuckwit has 5 seconds left.
|
|t:|1750844278
|cant|p2a: Lunala|par
|move|p2b: Miraidon|Electro Drift|p1b: Calyrex
|-damage|p1b: Calyrex|32/100
|move|p1a: Urshifu|Surging Strikes|p2b: Miraidon
|-resisted|p2b: Miraidon
|-crit|p2b: Miraidon
|-damage|p2b: Miraidon|15/100
|-resisted|p2b: Miraidon
|-crit|p2b: Miraidon
|-damage|p2b: Miraidon|0 fnt
|faint|p2b: Miraidon
|-hitcount|p2: Miraidon|2
|move|p1b: Calyrex|Glacial Lance|p2a: Lunala
|-damage|p2a: Lunala|0 fnt
|faint|p2a: Lunala
|-ability|p1b: Calyrex|Chilling Neigh|boost
|-boost|p1b: Calyrex|atk|1
|
|-heal|p1b: Calyrex|38/100|[from] item: Leftovers
|-fieldend|move: Electric Terrain
|upkeep
|
|t:|1750844286
|switch|p2b: Incineroar|Incineroar, L50, F, shiny|100/100
|switch|p2a: Ursaluna|Ursaluna, L50, M, shiny|95/100 brn
|-ability|p2b: Incineroar|Intimidate|boost
|-unboost|p1a: Urshifu|atk|1
|-unboost|p1b: Calyrex|atk|1
|turn|6
|inactive|chuckwit has 30 seconds left.
|
|t:|1750844316
|move|p2b: Incineroar|Fake Out|p1a: Urshifu
|-damage|p1a: Urshifu|94/100
|cant|p1a: Urshifu|flinch
|move|p1b: Calyrex|Glacial Lance|p2b: Incineroar|[spread] p2a,p2b
|-supereffective|p2a: Ursaluna
|-resisted|p2b: Incineroar
|-damage|p2a: Ursaluna|37/100 brn
|-damage|p2b: Incineroar|87/100
|move|p2a: Ursaluna|Facade|p1a: Urshifu
|-damage|p1a: Urshifu|12/100
|
|-heal|p1b: Calyrex|43/100|[from] item: Leftovers
|-damage|p2a: Ursaluna|31/100 brn|[from] brn
|upkeep
|turn|7
|inactive|chuckwit has 30 seconds left.
|c|☆chuckwit|parahax sucks ahaha
|inactive|chuckwit has 20 seconds left.
|inactive|chuckwit has 15 seconds left.
|inactive|chuckwit has 10 seconds left.
|inactive|chuckwit has 5 seconds left.
|
|t:|1750844369
|move|p1a: Urshifu|Surging Strikes|p2b: Incineroar
|-supereffective|p2b: Incineroar
|-crit|p2b: Incineroar
|-damage|p2b: Incineroar|43/100
|-damage|p1a: Urshifu|0 fnt|[from] item: Rocky Helmet|[of] p2b: Incineroar
|faint|p1a: Urshifu
|-hitcount|p2b: Incineroar|1
|move|p2b: Incineroar|Knock Off|p1b: Calyrex
|-supereffective|p1b: Calyrex
|-damage|p1b: Calyrex|12/100
|-enditem|p1b: Calyrex|Leftovers|[from] move: Knock Off|[of] p2b: Incineroar
|move|p1b: Calyrex|Glacial Lance|p2b: Incineroar|[spread] p2a,p2b
|-supereffective|p2a: Ursaluna
|-resisted|p2b: Incineroar
|-damage|p2a: Ursaluna|0 fnt
|-damage|p2b: Incineroar|29/100
|faint|p2a: Ursaluna
|-ability|p1b: Calyrex|Chilling Neigh|boost
|-boost|p1b: Calyrex|atk|1
|
|upkeep
|-message|chuckwit forfeited.
|
|win|Matias_DCP
|raw|Matias_DCP's rating: 1349 &rarr; <strong>1371</strong><br />(+22 for winning)
|raw|chuckwit's rating: 1391 &rarr; <strong>1369</strong><br />(-22 for losing)
