|j|☆Frogspit351
|j|☆trequinho
|t:|1750825030
|gametype|doubles
|player|p1|Frogspit351|ingo|1168
|player|p2|trequinho|byron|1195
|teamsize|p1|6
|teamsize|p2|6
|gen|9
|tier|[Gen 9] VGC 2025 Reg I
|rated|
|rule|Species Clause: Limit one of each Pokémon
|rule|Item Clause: Limit 1 of each item
|clearpoke
|poke|p1|Kyogre, L50|
|poke|p1|Urshifu-*, L50, M|
|poke|p1|Whimsicott, L50, M|
|poke|p1|Ogerpon-Hearthflame, L50, F|
|poke|p1|Miraidon, L50|
|poke|p1|Incineroar, L50, M|
|poke|p2|Groudon, L50|
|poke|p2|Miraidon, L50|
|poke|p2|Incineroar, L50, M|
|poke|p2|Walking Wake, L50|
|poke|p2|Sneasler, L50, M|
|poke|p2|Whimsicott, L50, F|
|teampreview|4
|inactive|Battle timer is ON: inactive players will automatically lose when time's up. (requested by trequinho)
|inactive|Frogspit351 also wants the timer to be on.
|inactive|Frogspit351 has 60 seconds left.
|
|t:|1750825061
|start
|switch|p1a: Kyogre|Kyogre, L50|100/100
|switch|p1b: Whimsicott|Whimsicott, L50, M|100/100
|switch|p2a: Tequila|Whimsicott, L50, F, shiny|100/100
|switch|p2b: Cerveja|Sneasler, L50, M|100/100
|-weather|RainDance|[from] ability: Drizzle|[of] p1a: Kyogre
|turn|1
|
|t:|1750825075
|-terastallize|p2b: Cerveja|Stellar
|move|p2a: Tequila|Tailwind|p2a: Tequila
|-sidestart|p2: trequinho|move: Tailwind
|move|p1b: Whimsicott|Tailwind|p1b: Whimsicott
|-sidestart|p1: Frogspit351|move: Tailwind
|move|p2b: Cerveja|Close Combat|p1a: Kyogre
|-damage|p1a: Kyogre|11/100
|-unboost|p2b: Cerveja|def|1
|-unboost|p2b: Cerveja|spd|1
|move|p1a: Kyogre|Water Spout|p2b: Cerveja|[spread] p2a,p2b
|-resisted|p2a: Tequila
|-damage|p2a: Tequila|92/100
|-damage|p2b: Cerveja|77/100
|
|-weather|RainDance|[upkeep]
|upkeep
|turn|2
|
|t:|1750825098
|move|p2a: Tequila|Taunt|p1b: Whimsicott
|-start|p1b: Whimsicott|move: Taunt
|-enditem|p1b: Whimsicott|Mental Herb
|-end|p1b: Whimsicott|move: Taunt
|move|p1b: Whimsicott|Encore|p2a: Tequila
|-start|p2a: Tequila|Encore
|move|p2b: Cerveja|Dire Claw|p1b: Whimsicott
|-supereffective|p1b: Whimsicott
|-damage|p1b: Whimsicott|0 fnt
|faint|p1b: Whimsicott
|move|p1a: Kyogre|Water Spout|p2b: Cerveja|[spread] p2a,p2b
|-resisted|p2a: Tequila
|-damage|p2a: Tequila|83/100
|-damage|p2b: Cerveja|56/100
|
|-weather|RainDance|[upkeep]
|upkeep
|
|t:|1750825112
|switch|p1b: Urshifu|Urshifu-Rapid-Strike, L50, M|100/100
|turn|3
|
|t:|1750825126
|switch|p2a: Vinho|Groudon, L50|100/100
|-weather|SunnyDay|[from] ability: Drought|[of] p2a: Vinho
|move|p2b: Cerveja|Dire Claw|p1b: Urshifu
|-damage|p1b: Urshifu|54/100
|-status|p1b: Urshifu|par
|move|p1a: Kyogre|Ice Beam|p2a: Vinho
|-supereffective|p2a: Vinho
|-damage|p2a: Vinho|58/100
|move|p1b: Urshifu|Surging Strikes|p2b: Cerveja
|-crit|p2b: Cerveja
|-damage|p2b: Cerveja|33/100
|-crit|p2b: Cerveja
|-damage|p2b: Cerveja|6/100
|-crit|p2b: Cerveja
|-damage|p2b: Cerveja|0 fnt
|faint|p2b: Cerveja
|-hitcount|p2: Cerveja|3
|
|-weather|SunnyDay|[upkeep]
|upkeep
|
|t:|1750825142
|switch|p2b: Vodka|Miraidon, L50|100/100
|-fieldstart|move: Electric Terrain|[from] ability: Hadron Engine|[of] p2b: Vodka
|turn|4
|
|t:|1750825154
|move|p2b: Vodka|Discharge|p1a: Kyogre|[spread] p1a,p1b
|-immune|p2a: Vinho
|-supereffective|p1a: Kyogre
|-supereffective|p1b: Urshifu
|-damage|p1a: Kyogre|0 fnt
|-damage|p1b: Urshifu|0 fnt
|faint|p1a: Kyogre
|faint|p1b: Urshifu
|move|p2a: Vinho|Thunder Punch|p1: Kyogre|[notarget]
|-fail|p2a: Vinho
|
|-weather|SunnyDay|[upkeep]
|-sideend|p2: trequinho|move: Tailwind
|-sideend|p1: Frogspit351|move: Tailwind
|upkeep
|
|t:|1750825168
|switch|p1a: Incineroar|Incineroar, L50, M|100/100
|-ability|p1a: Incineroar|Intimidate|boost
|-unboost|p2a: Vinho|atk|1
|-unboost|p2b: Vodka|atk|1
|turn|5
|
|t:|1750825175
|move|p1a: Incineroar|Fake Out|p2b: Vodka
|-damage|p2b: Vodka|89/100
|cant|p2b: Vodka|flinch
|move|p2a: Vinho|High Horsepower|p1a: Incineroar
|-supereffective|p1a: Incineroar
|-crit|p1a: Incineroar
|-damage|p1a: Incineroar|0 fnt
|faint|p1a: Incineroar
|
|win|trequinho
|raw|Frogspit351's rating: 1168 &rarr; <strong>1145</strong><br />(-23 for losing)
|raw|trequinho's rating: 1195 &rarr; <strong>1218</strong><br />(+23 for winning)
|l|☆trequinho
|player|p2|
|l|☆Frogspit351
|player|p1|
