|j|☆Tolkuschampion
|j|☆Redhoundoom
|t:|1750743462
|gametype|doubles
|player|p1|Tolkuschampion|266|1307
|player|p2|Redhoundoom|266|1380
|teamsize|p1|6
|teamsize|p2|6
|gen|9
|tier|[Gen 9] VGC 2025 Reg I
|rated|
|rule|Species Clause: Limit one of each Pokémon
|rule|Item Clause: Limit 1 of each item
|clearpoke
|poke|p1|Koraidon, L50|
|poke|p1|Scovillain, L50, M|
|poke|p1|Zamazenta-*, L50|
|poke|p1|Raging Bolt, L50|
|poke|p1|Ogerpon-Cornerstone, L50, F|
|poke|p1|Grimmsnarl, L50, M|
|poke|p2|Incineroar, L50, F|
|poke|p2|Calyrex-Shadow, L50|
|poke|p2|Dondozo, L50, M|
|poke|p2|Tatsugiri, L50, F|
|poke|p2|Zamazenta-*, L50|
|poke|p2|Rillaboom, L50, M|
|teampreview|4
|inactive|Battle timer is ON: inactive players will automatically lose when time's up. (requested by Redhoundoom)
|inactive|Tolkuschampion has 60 seconds left.
|inactive|Redhoundoom has 60 seconds left.
|
|t:|1750743509
|start
|switch|p1a: Koraidon|Koraidon, L50|100/100
|switch|p1b: Scovillain|Scovillain, L50, M|100/100
|switch|p2a: 🤓|Calyrex-Shadow, L50|100/100
|switch|p2b: HomerMmmm|Tatsugiri, L50, F|100/100
|-ability|p2a: 🤓|As One
|-ability|p2a: 🤓|Unnerve
|-weather|SunnyDay|[from] ability: Orichalcum Pulse|[of] p1a: Koraidon
|-activate|p1a: Koraidon|Orichalcum Pulse|[source]
|turn|1
|inactive|Tolkuschampion has 30 seconds left.
|inactive|Redhoundoom has 30 seconds left.
|inactive|Tolkuschampion has 20 seconds left.
|inactive|Redhoundoom has 20 seconds left.
|inactive|Redhoundoom has 15 seconds left.
|inactive|Redhoundoom has 10 seconds left.
|
|t:|1750743555
|move|p2a: 🤓|Protect|p2a: 🤓
|-singleturn|p2a: 🤓|Protect
|move|p1a: Koraidon|Protect|p1a: Koraidon
|-singleturn|p1a: Koraidon|Protect
|move|p1b: Scovillain|Overheat|p2a: 🤓
|-activate|p2a: 🤓|move: Protect
|move|p2b: HomerMmmm|Icy Wind|p1b: Scovillain|[spread] p1b
|-activate|p1a: Koraidon|move: Protect
|-damage|p1b: Scovillain|78/100
|-unboost|p1b: Scovillain|spe|1
|
|-weather|SunnyDay|[upkeep]
|upkeep
|turn|2
|inactive|Tolkuschampion has 30 seconds left.
|inactive|Redhoundoom has 30 seconds left.
|
|t:|1750743585
|move|p2a: 🤓|Astral Barrage|p1b: Scovillain|[spread] p1a,p1b
|-damage|p1a: Koraidon|46/100
|-damage|p1b: Scovillain|0 fnt
|faint|p1b: Scovillain
|-ability|p2a: 🤓|Grim Neigh|boost
|-boost|p2a: 🤓|spa|1
|move|p2b: HomerMmmm|Icy Wind|p1a: Koraidon
|-supereffective|p1a: Koraidon
|-damage|p1a: Koraidon|10/100
|move|p1a: Koraidon|Flare Blitz|p2a: 🤓
|-enditem|p2a: 🤓|Focus Sash
|-damage|p2a: 🤓|1/100
|-damage|p1a: Koraidon|0 fnt|[from] Recoil
|faint|p1a: Koraidon
|
|-weather|SunnyDay|[upkeep]
|upkeep
|
|t:|1750743591
|switch|p1a: Zamazenta|Zamazenta-Crowned, L50|100/100
|switch|p1b: Ogerpon|Ogerpon-Cornerstone, L50, F|100/100
|-ability|p1a: Zamazenta|Dauntless Shield|boost
|-boost|p1a: Zamazenta|def|1
|turn|3
|inactive|Redhoundoom has 30 seconds left.
|inactive|Redhoundoom has 20 seconds left.
|inactive|Redhoundoom has 15 seconds left.
|
|t:|1750743634
|switch|p2b: Dondito|Dondozo, L50, M|100/100
|move|p1b: Ogerpon|Spiky Shield|p1b: Ogerpon
|-singleturn|p1b: Ogerpon|move: Protect
|move|p2a: 🤓|Psychic|p1b: Ogerpon
|-activate|p1b: Ogerpon|move: Protect
|move|p1a: Zamazenta|Snarl|p2a: 🤓|[spread] p2a,p2b
|-supereffective|p2a: 🤓
|-damage|p2a: 🤓|0 fnt
|-damage|p2b: Dondito|94/100
|-unboost|p2b: Dondito|spa|1
|faint|p2a: 🤓
|
|-weather|SunnyDay|[upkeep]
|-heal|p2b: Dondito|100/100|[from] item: Leftovers
|upkeep
|
|t:|1750743656
|switch|p2a: HomerMmmm|Tatsugiri, L50, F|100/100
|-activate|p2a: HomerMmmm|ability: Commander|[of] p2b: Dondito
|-boost|p2b: Dondito|atk|2
|-boost|p2b: Dondito|spa|2
|-boost|p2b: Dondito|spe|2
|-boost|p2b: Dondito|def|2
|-boost|p2b: Dondito|spd|2
|turn|4
|
|t:|1750743671
|-terastallize|p2b: Dondito|Grass
|move|p1a: Zamazenta|Body Press|p2b: Dondito
|-damage|p2b: Dondito|88/100
|move|p1b: Ogerpon|Power Whip|p2b: Dondito
|-resisted|p2b: Dondito
|-damage|p2b: Dondito|77/100
|move|p2b: Dondito|Order Up|p1b: Ogerpon
|-damage|p1b: Ogerpon|40/100
|-boost|p2b: Dondito|atk|1
|
|-weather|SunnyDay|[upkeep]
|-heal|p2b: Dondito|84/100|[from] item: Leftovers
|upkeep
|turn|5
|
|t:|1750743689
|move|p1a: Zamazenta|Body Press|p2b: Dondito
|-damage|p2b: Dondito|70/100
|move|p1b: Ogerpon|Ivy Cudgel|p2b: Dondito|[anim] Ivy Cudgel Rock
|-damage|p2b: Dondito|52/100
|move|p2b: Dondito|Waterfall|p1a: Zamazenta
|-damage|p1a: Zamazenta|70/100
|
|-weather|none
|-heal|p2b: Dondito|58/100|[from] item: Leftovers
|upkeep
|turn|6
|
|t:|1750743703
|move|p1b: Ogerpon|Spiky Shield|p1b: Ogerpon
|-singleturn|p1b: Ogerpon|move: Protect
|move|p2b: Dondito|Protect|p2b: Dondito
|-singleturn|p2b: Dondito|Protect
|move|p1a: Zamazenta|Body Press|p2b: Dondito
|-activate|p2b: Dondito|move: Protect
|
|-heal|p2b: Dondito|64/100|[from] item: Leftovers
|upkeep
|turn|7
|
|t:|1750743728
|move|p1a: Zamazenta|Body Press|p2b: Dondito
|-damage|p2b: Dondito|52/100
|move|p1b: Ogerpon|Ivy Cudgel|p2b: Dondito|[anim] Ivy Cudgel Rock
|-damage|p2b: Dondito|32/100
|move|p2b: Dondito|Order Up|p1b: Ogerpon
|-damage|p1b: Ogerpon|0 fnt
|faint|p1b: Ogerpon
|-boost|p2b: Dondito|atk|1
|
|-heal|p2b: Dondito|38/100|[from] item: Leftovers
|upkeep
|turn|8
|
|t:|1750743737
|move|p2b: Dondito|Protect|p2b: Dondito
|-singleturn|p2b: Dondito|Protect
|move|p1a: Zamazenta|Body Press|p2b: Dondito
|-activate|p2b: Dondito|move: Protect
|
|-heal|p2b: Dondito|44/100|[from] item: Leftovers
|upkeep
|turn|9
|
|t:|1750743741
|move|p1a: Zamazenta|Body Press|p2b: Dondito
|-damage|p2b: Dondito|31/100
|move|p2b: Dondito|Waterfall|p1a: Zamazenta
|-damage|p1a: Zamazenta|0 fnt
|faint|p1a: Zamazenta
|
|win|Redhoundoom
|raw|Tolkuschampion's rating: 1307 &rarr; <strong>1291</strong><br />(-16 for losing)
|raw|Redhoundoom's rating: 1380 &rarr; <strong>1396</strong><br />(+16 for winning)
|l|☆Tolkuschampion
|player|p1|
|l|☆Redhoundoom
|player|p2|
