|j|☆mpds44
|j|☆yuirs gsb
|t:|1750768147
|gametype|doubles
|player|p1|mpds44|169|1221
|player|p2|yuirs gsb|janitor|1163
|teamsize|p1|6
|teamsize|p2|6
|gen|9
|tier|[Gen 9] VGC 2025 Reg I
|rated|
|rule|Species Clause: Limit one of each Pokémon
|rule|Item Clause: Limit 1 of each item
|clearpoke
|poke|p1|Koraidon, L50|
|poke|p1|Weezing-Galar, L50, M|
|poke|p1|Calyrex-Shadow, L50|
|poke|p1|Chi-Yu, L50|
|poke|p1|Walking Wake, L50|
|poke|p1|Brute Bonnet, L50|
|poke|p2|Rillaboom, L50, F|
|poke|p2|Koraidon, L50|
|poke|p2|Raging Bolt, L50|
|poke|p2|Zacian-*, L50|
|poke|p2|Grimmsnarl, L50, M|
|poke|p2|Gastrodon-East, L50, M|
|teampreview|4
|inactive|Battle timer is ON: inactive players will automatically lose when time's up. (requested by yuirs gsb)
|inactive|mpds44 also wants the timer to be on.
|
|t:|1750768169
|start
|switch|p1a: Koraidon|Koraidon, L50|100/100
|switch|p1b: Weezing|Weezing-Galar, L50, M|100/100
|switch|p2a: Rillaboom|Rillaboom, L50, F|100/100
|switch|p2b: Zacian|Zacian-Crowned, L50|100/100
|-ability|p1b: Weezing|Neutralizing Gas
|-block|p1a: Koraidon|item: Ability Shield
|-weather|SunnyDay|[from] ability: Orichalcum Pulse|[of] p1a: Koraidon
|-activate|p1a: Koraidon|Orichalcum Pulse|[source]
|turn|1
|inactive|yuirs gsb has 30 seconds left.
|inactive|mpds44 has 30 seconds left.
|
|t:|1750768204
|-terastallize|p2b: Zacian|Water
|move|p1a: Koraidon|Protect|p1a: Koraidon
|-singleturn|p1a: Koraidon|Protect
|move|p1b: Weezing|Protect|p1b: Weezing
|-singleturn|p1b: Weezing|Protect
|move|p2a: Rillaboom|Fake Out|p1b: Weezing
|-activate|p1b: Weezing|move: Protect
|move|p2b: Zacian|Close Combat|p1a: Koraidon
|-activate|p1a: Koraidon|move: Protect
|
|-weather|SunnyDay|[upkeep]
|upkeep
|turn|2
|
|t:|1750768220
|-terastallize|p1a: Koraidon|Fire
|move|p2b: Zacian|Play Rough|p1a: Koraidon
|-resisted|p1a: Koraidon
|-damage|p1a: Koraidon|75/100
|move|p1a: Koraidon|Flame Charge|p2a: Rillaboom
|-supereffective|p2a: Rillaboom
|-damage|p2a: Rillaboom|0 fnt
|-boost|p1a: Koraidon|spe|1
|faint|p2a: Rillaboom
|move|p1b: Weezing|Strange Steam|p2b: Zacian
|-damage|p2b: Zacian|74/100
|
|-weather|SunnyDay|[upkeep]
|upkeep
|
|t:|1750768231
|switch|p2a: Gastrodon|Gastrodon-East, L50, M|100/100
|turn|3
|
|t:|1750768239
|move|p2b: Zacian|Protect|p2b: Zacian
|-singleturn|p2b: Zacian|Protect
|move|p1a: Koraidon|Collision Course|p2b: Zacian
|-activate|p2b: Zacian|move: Protect
|move|p1b: Weezing|Strange Steam|p2b: Zacian
|-activate|p2b: Zacian|move: Protect
|move|p2a: Gastrodon|Earth Power|p1a: Koraidon
|-supereffective|p1a: Koraidon
|-damage|p1a: Koraidon|9/100
|
|-weather|SunnyDay|[upkeep]
|upkeep
|turn|4
|
|t:|1750768256
|move|p1a: Koraidon|Collision Course|p2b: Zacian
|-damage|p2b: Zacian|2/100
|move|p2b: Zacian|Behemoth Blade|p1a: Koraidon
|-resisted|p1a: Koraidon
|-damage|p1a: Koraidon|0 fnt
|faint|p1a: Koraidon
|move|p1b: Weezing|Poison Gas|p2b: Zacian|[spread] p2a,p2b
|-status|p2a: Gastrodon|psn
|-status|p2b: Zacian|psn
|move|p2a: Gastrodon|Earth Power|p1b: Weezing
|-supereffective|p1b: Weezing
|-damage|p1b: Weezing|38/100
|
|-weather|SunnyDay|[upkeep]
|-damage|p2b: Zacian|0 fnt|[from] psn
|faint|p2b: Zacian
|-damage|p2a: Gastrodon|88/100 psn|[from] psn
|upkeep
|
|t:|1750768265
|switch|p2b: Koraidon|Koraidon, L50|100/100
|switch|p1a: Calyrex|Calyrex-Shadow, L50|100/100
|-ability|p1a: Calyrex|As One
|-ability|p1a: Calyrex|Unnerve
|turn|5
|
|t:|1750768273
|move|p1a: Calyrex|Astral Barrage|p2a: Gastrodon|[spread] p2a,p2b
|-damage|p2a: Gastrodon|13/100 psn
|-damage|p2b: Koraidon|35/100
|-damage|p1a: Calyrex|91/100|[from] item: Life Orb
|move|p2b: Koraidon|Flame Charge|p1a: Calyrex
|-damage|p1a: Calyrex|51/100
|-boost|p2b: Koraidon|spe|1
|-damage|p2b: Koraidon|25/100|[from] item: Life Orb
|move|p1b: Weezing|Strange Steam|p2b: Koraidon
|-supereffective|p2b: Koraidon
|-crit|p2b: Koraidon
|-damage|p2b: Koraidon|0 fnt
|faint|p2b: Koraidon
|move|p2a: Gastrodon|Earth Power|p1a: Calyrex
|-damage|p1a: Calyrex|20/100
|
|-weather|none
|-damage|p2a: Gastrodon|0 fnt|[from] psn
|faint|p2a: Gastrodon
|
|win|mpds44
|raw|mpds44's rating: 1221 &rarr; <strong>1242</strong><br />(+21 for winning)
|raw|yuirs gsb's rating: 1163 &rarr; <strong>1142</strong><br />(-21 for losing)
|l|☆mpds44
|player|p1|
