|j|☆ClumbsyLilBeach
|j|☆phonekretchy
|t:|1750797516
|gametype|doubles
|player|p1|ClumbsyLilBeach|jasmine|1294
|player|p2|phonekretchy|idol|1259
|teamsize|p1|6
|teamsize|p2|6
|gen|9
|tier|[Gen 9] VGC 2025 Reg I
|rated|
|rule|Species Clause: Limit one of each Pokémon
|rule|Item Clause: Limit 1 of each item
|clearpoke
|poke|p1|Chien-Pao, L50|
|poke|p1|Koraidon, L50|
|poke|p1|Ho-Oh, L50|
|poke|p1|Dragonite, L50, M|
|poke|p1|Empoleon, L50, F|
|poke|p1|Whimsicott, L50, F|
|poke|p2|Calyrex-Ice, L50|
|poke|p2|Miraidon, L50|
|poke|p2|Abomasnow, L50, M|
|poke|p2|Incineroar, L50, M|
|poke|p2|Ursaluna-Bloodmoon, L50, M|
|poke|p2|Articuno, L50|
|teampreview|4
|inactive|Battle timer is ON: inactive players will automatically lose when time's up. (requested by ClumbsyLilBeach)
|inactive|ClumbsyLilBeach has 60 seconds left.
|
|t:|1750797552
|start
|switch|p1a: Empoleon|Empoleon, L50, F|100/100
|switch|p1b: Koraidon|Koraidon, L50|100/100
|switch|p2a: Calyrex|Calyrex-Ice, L50|100/100
|switch|p2b: Miraidon|Miraidon, L50|100/100
|-ability|p2a: Calyrex|As One
|-ability|p2a: Calyrex|Unnerve
|-fieldstart|move: Electric Terrain|[from] ability: Hadron Engine|[of] p2b: Miraidon
|-weather|SunnyDay|[from] ability: Orichalcum Pulse|[of] p1b: Koraidon
|-activate|p1b: Koraidon|Orichalcum Pulse|[source]
|turn|1
|
|t:|1750797570
|-terastallize|p2b: Miraidon|Fairy
|move|p2a: Calyrex|Protect|p2a: Calyrex
|-singleturn|p2a: Calyrex|Protect
|move|p1a: Empoleon|Protect|p1a: Empoleon
|-singleturn|p1a: Empoleon|Protect
|move|p2b: Miraidon|Volt Switch|p1a: Empoleon
|-activate|p1a: Empoleon|move: Protect
|move|p1b: Koraidon|Close Combat|p2b: Miraidon
|-resisted|p2b: Miraidon
|-damage|p2b: Miraidon|46/100
|-unboost|p1b: Koraidon|def|1
|-unboost|p1b: Koraidon|spd|1
|-damage|p1b: Koraidon|91/100|[from] item: Life Orb
|
|-weather|SunnyDay|[upkeep]
|upkeep
|turn|2
|inactive|ClumbsyLilBeach has 30 seconds left.
|
|t:|1750797603
|switch|p1a: Chien-Pao|Chien-Pao, L50|100/100
|-ability|p1a: Chien-Pao|Sword of Ruin
|-terastallize|p1b: Koraidon|Fire
|move|p1b: Koraidon|Flare Blitz|p2b: Miraidon
|-damage|p2b: Miraidon|0 fnt
|faint|p2b: Miraidon
|-damage|p1b: Koraidon|76/100|[from] Recoil
|-damage|p1b: Koraidon|66/100|[from] item: Life Orb
|move|p2a: Calyrex|Glacial Lance|p1a: Chien-Pao|[spread] p1a,p1b
|-resisted|p1a: Chien-Pao
|-resisted|p1b: Koraidon
|-damage|p1a: Chien-Pao|62/100
|-damage|p1b: Koraidon|12/100
|
|-weather|SunnyDay|[upkeep]
|upkeep
|
|t:|1750797607
|switch|p2b: Incineroar|Incineroar, L50, M|100/100
|-ability|p2b: Incineroar|Intimidate|boost
|-unboost|p1a: Chien-Pao|atk|1
|-unboost|p1b: Koraidon|atk|1
|turn|3
|
|t:|1750797627
|move|p1b: Koraidon|Protect|p1b: Koraidon
|-singleturn|p1b: Koraidon|Protect
|move|p1a: Chien-Pao|Protect|p1a: Chien-Pao
|-singleturn|p1a: Chien-Pao|Protect
|move|p2b: Incineroar|Fake Out|p1a: Chien-Pao
|-activate|p1a: Chien-Pao|move: Protect
|move|p2a: Calyrex|Trick Room|p2a: Calyrex
|-fieldstart|move: Trick Room|[of] p2a: Calyrex
|
|-weather|SunnyDay|[upkeep]
|upkeep
|turn|4
|
|t:|1750797647
|switch|p1b: Empoleon|Empoleon, L50, F|100/100
|move|p1a: Chien-Pao|Sucker Punch|p2a: Calyrex
|-supereffective|p2a: Calyrex
|-damage|p2a: Calyrex|65/100
|-enditem|p2a: Calyrex|Weakness Policy
|-boost|p2a: Calyrex|atk|2|[from] item: Weakness Policy
|-boost|p2a: Calyrex|spa|2|[from] item: Weakness Policy
|move|p2a: Calyrex|Glacial Lance|p1a: Chien-Pao|[spread] p1a,p1b
|-resisted|p1a: Chien-Pao
|-resisted|p1b: Empoleon
|-damage|p1a: Chien-Pao|0 fnt
|-damage|p1b: Empoleon|70/100
|faint|p1a: Chien-Pao
|-ability|p2a: Calyrex|Chilling Neigh|boost
|-boost|p2a: Calyrex|atk|1
|move|p2b: Incineroar|Flare Blitz|p1b: Empoleon
|-damage|p1b: Empoleon|13/100
|-damage|p2b: Incineroar|83/100|[from] Recoil
|
|-weather|SunnyDay|[upkeep]
|upkeep
|c|☆phonekretchy|hihihi
|
|t:|1750797669
|switch|p1a: Koraidon|Koraidon, L50, tera:Fire|12/100
|-activate|p1a: Koraidon|ability: Orichalcum Pulse
|turn|5
|
|t:|1750797676
|switch|p2b: Abomasnow|Abomasnow, L50, M|100/100
|-weather|Snowscape|[from] ability: Snow Warning|[of] p2b: Abomasnow
|move|p1b: Empoleon|Yawn|p2a: Calyrex
|-activate|p2a: Calyrex|move: Electric Terrain
|move|p2a: Calyrex|Glacial Lance|p1a: Koraidon|[spread] p1a,p1b
|-resisted|p1a: Koraidon
|-resisted|p1b: Empoleon
|-damage|p1a: Koraidon|0 fnt
|-damage|p1b: Empoleon|0 fnt
|faint|p1a: Koraidon
|faint|p1b: Empoleon
|-ability|p2a: Calyrex|Chilling Neigh|boost
|-boost|p2a: Calyrex|atk|2
|
|-weather|Snowscape|[upkeep]
|-fieldend|move: Electric Terrain
|upkeep
|-message|ClumbsyLilBeach forfeited.
|
|win|phonekretchy
|raw|ClumbsyLilBeach's rating: 1294 &rarr; <strong>1266</strong><br />(-28 for losing)
|raw|phonekretchy's rating: 1259 &rarr; <strong>1287</strong><br />(+28 for winning)
|l|☆ClumbsyLilBeach
|player|p1|
|l|☆phonekretchy
|player|p2|
