|j|☆pigs2fly
|j|☆Altimetfarmer
|t:|1750731722
|gametype|doubles
|player|p1|pigs2fly|dexio|1662
|player|p2|Altimetfarmer|102|1629
|teamsize|p1|6
|teamsize|p2|6
|gen|9
|tier|[Gen 9] VGC 2025 Reg I
|rated|
|rule|Species Clause: Limit one of each Pokémon
|rule|Item Clause: Limit 1 of each item
|clearpoke
|poke|p1|Annihilape, L50, M|
|poke|p1|Tornadus, L50, M|
|poke|p1|Dondozo, L50, M|
|poke|p1|Tatsugiri, L50, M|
|poke|p1|Zacian-*, L50|
|poke|p1|Kyogre, L50|
|poke|p2|Lunala, L50|
|poke|p2|Groudon, L50|
|poke|p2|Grimmsnarl, L50, M|
|poke|p2|Incineroar, L50, M|
|poke|p2|Amoonguss, L50, M|
|poke|p2|Flutter Mane, L50|
|teampreview|4
|
|t:|1750731786
|start
|switch|p1a: Kyogre|Kyogre, L50|100/100
|switch|p1b: Tornadus|Tornadus, L50, M|100/100
|switch|p2a: Lunala|Lunala, L50|100/100
|switch|p2b: Flutter Mane|Flutter Mane, L50|100/100
|-weather|RainDance|[from] ability: Drizzle|[of] p1a: Kyogre
|turn|1
|j| l554312336
|
|t:|1750731808
|move|p2a: Lunala|Wide Guard|p2a: Lunala
|-singleturn|p2a: Lunala|Wide Guard
|move|p2b: Flutter Mane|Moonblast|p1a: Kyogre
|-damage|p1a: Kyogre|60/100
|move|p1b: Tornadus|Hurricane|p2a: Lunala
|-damage|p2a: Lunala|82/100
|move|p1a: Kyogre|Origin Pulse|p2a: Lunala|[spread] 
|-activate|p2a: Lunala|move: Wide Guard
|-activate|p2b: Flutter Mane|move: Wide Guard
|
|-weather|RainDance|[upkeep]
|-heal|p2a: Lunala|88/100|[from] item: Leftovers
|upkeep
|turn|2
|
|t:|1750731831
|move|p2a: Lunala|Wide Guard|p2a: Lunala
|-singleturn|p2a: Lunala|Wide Guard
|move|p2b: Flutter Mane|Moonblast|p1a: Kyogre
|-damage|p1a: Kyogre|19/100
|move|p1b: Tornadus|Hurricane|p2b: Flutter Mane
|-damage|p2b: Flutter Mane|38/100
|move|p1a: Kyogre|Origin Pulse|p2b: Flutter Mane|[spread] 
|-activate|p2a: Lunala|move: Wide Guard
|-activate|p2b: Flutter Mane|move: Wide Guard
|
|-weather|RainDance|[upkeep]
|-heal|p2a: Lunala|94/100|[from] item: Leftovers
|upkeep
|turn|3
|
|t:|1750731852
|switch|p1b: Dondozo|Dondozo, L50, M|100/100
|switch|p1a: Tatsugiri|Tatsugiri, L50, M|100/100
|-activate|p1a: Tatsugiri|ability: Commander|[of] p1b: Dondozo
|-boost|p1b: Dondozo|atk|2
|-boost|p1b: Dondozo|spa|2
|-boost|p1b: Dondozo|spe|2
|-boost|p1b: Dondozo|def|2
|-boost|p1b: Dondozo|spd|2
|move|p2b: Flutter Mane|Moonblast|p1a: Tatsugiri|[miss]
|-miss|p2b: Flutter Mane|p1a: Tatsugiri
|move|p2a: Lunala|Moongeist Beam|p1b: Dondozo
|-damage|p1b: Dondozo|73/100
|
|-weather|RainDance|[upkeep]
|-heal|p1b: Dondozo|79/100|[from] item: Leftovers
|-heal|p2a: Lunala|100/100|[from] item: Leftovers
|upkeep
|turn|4
|
|t:|1750731881
|move|p2b: Flutter Mane|Moonblast|p1b: Dondozo
|-damage|p1b: Dondozo|57/100
|-unboost|p1b: Dondozo|spa|1
|move|p1b: Dondozo|Earthquake|p2b: Flutter Mane|[spread] p2a,p2b
|-miss|p1b: Dondozo|p1a: Tatsugiri
|-damage|p2a: Lunala|87/100
|-damage|p2b: Flutter Mane|0 fnt
|faint|p2b: Flutter Mane
|-end|p2b: Flutter Mane|Protosynthesis|[silent]
|move|p2a: Lunala|Moongeist Beam|p1b: Dondozo
|-damage|p1b: Dondozo|32/100
|
|-weather|RainDance|[upkeep]
|-heal|p1b: Dondozo|38/100|[from] item: Leftovers
|-heal|p2a: Lunala|93/100|[from] item: Leftovers
|upkeep
|
|t:|1750731898
|switch|p2b: Amoonguss|Amoonguss, L50, M|100/100
|turn|5
|
|t:|1750731917
|-terastallize|p1b: Dondozo|Grass
|move|p2a: Lunala|Wide Guard|p2a: Lunala
|-singleturn|p2a: Lunala|Wide Guard
|move|p1b: Dondozo|Wave Crash|p2a: Lunala
|-damage|p2a: Lunala|0 fnt
|faint|p2a: Lunala
|-damage|p1b: Dondozo|6/100|[from] Recoil
|move|p2b: Amoonguss|Spore|p1b: Dondozo
|-immune|p1b: Dondozo
|
|-weather|none
|-heal|p1b: Dondozo|12/100|[from] item: Leftovers
|upkeep
|
|t:|1750731924
|switch|p2a: Groudon|Groudon, L50|100/100
|-weather|SunnyDay|[from] ability: Drought|[of] p2a: Groudon
|turn|6
|
|t:|1750731945
|move|p1b: Dondozo|Protect|p1b: Dondozo
|-singleturn|p1b: Dondozo|Protect
|move|p2b: Amoonguss|Rage Powder|p2b: Amoonguss
|-singleturn|p2b: Amoonguss|move: Rage Powder
|move|p2a: Groudon|Precipice Blades|p1b: Dondozo|[spread] 
|-miss|p2a: Groudon|p1a: Tatsugiri
|-activate|p1b: Dondozo|move: Protect
|
|-weather|SunnyDay|[upkeep]
|-heal|p1b: Dondozo|18/100|[from] item: Leftovers
|upkeep
|turn|7
|
|t:|1750731961
|move|p1b: Dondozo|Earthquake|p2a: Groudon|[spread] p2a,p2b
|-miss|p1b: Dondozo|p1a: Tatsugiri
|-damage|p2a: Groudon|75/100
|-damage|p2b: Amoonguss|69/100
|move|p2a: Groudon|Heat Crash|p1b: Dondozo
|-supereffective|p1b: Dondozo
|-damage|p1b: Dondozo|0 fnt
|faint|p1b: Dondozo
|move|p2b: Amoonguss|Pollen Puff|p2a: Groudon
|-heal|p2a: Groudon|100/100
|
|-weather|SunnyDay|[upkeep]
|upkeep
|
|t:|1750731967
|switch|p1b: Tornadus|Tornadus, L50, M|100/100
|turn|8
|
|t:|1750731992
|move|p2a: Groudon|Protect|p2a: Groudon
|-singleturn|p2a: Groudon|Protect
|move|p1b: Tornadus|Tailwind|p1b: Tornadus
|-sidestart|p1: pigs2fly|move: Tailwind
|move|p1a: Tatsugiri|Taunt|p2b: Amoonguss
|-start|p2b: Amoonguss|move: Taunt
|cant|p2b: Amoonguss|move: Taunt|Spore
|
|-weather|SunnyDay|[upkeep]
|upkeep
|turn|9
|
|t:|1750732004
|move|p1b: Tornadus|Rain Dance|p1b: Tornadus
|-weather|RainDance
|move|p1a: Tatsugiri|Muddy Water|p2b: Amoonguss|[spread] p2a,p2b
|-supereffective|p2a: Groudon
|-resisted|p2b: Amoonguss
|-damage|p2a: Groudon|11/100
|-damage|p2b: Amoonguss|47/100
|-unboost|p2b: Amoonguss|accuracy|1
|move|p2a: Groudon|Precipice Blades|p1b: Tornadus|[spread] p1a
|-immune|p1b: Tornadus
|-enditem|p1a: Tatsugiri|Focus Sash
|-damage|p1a: Tatsugiri|1/100
|move|p2b: Amoonguss|Pollen Puff|p1a: Tatsugiri
|-damage|p1a: Tatsugiri|0 fnt
|faint|p1a: Tatsugiri
|
|-weather|RainDance|[upkeep]
|upkeep
|
|t:|1750732006
|switch|p1a: Kyogre|Kyogre, L50|19/100
|turn|10
|
|t:|1750732015
|move|p1b: Tornadus|Hurricane|p2a: Groudon
|-damage|p2a: Groudon|0 fnt
|faint|p2a: Groudon
|move|p1a: Kyogre|Origin Pulse|p2b: Amoonguss
|-resisted|p2b: Amoonguss
|-damage|p2b: Amoonguss|0 fnt
|faint|p2b: Amoonguss
|
|win|pigs2fly
|raw|pigs2fly's rating: 1662 &rarr; <strong>1680</strong><br />(+18 for winning)
|raw|Altimetfarmer's rating: 1629 &rarr; <strong>1611</strong><br />(-18 for losing)
|l|☆Altimetfarmer
|player|p2|
|l|☆pigs2fly
|player|p1|
|l| l554312336
