|j|☆Llemand
|j|☆Bodoque31
|t:|1750742264
|gametype|doubles
|player|p1|Llemand|caitlin|1216
|player|p2|Bodoque31|skyla|1227
|teamsize|p1|6
|teamsize|p2|6
|gen|9
|tier|[Gen 9] VGC 2025 Reg I
|rated|
|rule|Species Clause: Limit one of each Pokémon
|rule|Item Clause: Limit 1 of each item
|clearpoke
|poke|p1|Koraidon, L50|
|poke|p1|Ursaluna-Bloodmoon, L50, M|
|poke|p1|Lunala, L50|
|poke|p1|Kingambit, L50, M|
|poke|p1|Clefairy, L50, M|
|poke|p1|Ogerpon-Hearthflame, L50, F|
|poke|p2|Calyrex-Shadow, L50|
|poke|p2|Whimsicott, L50, F|
|poke|p2|Eternatus, L50|
|poke|p2|Chi-Yu, L50|
|poke|p2|Tinkaton, L50, F|
|poke|p2|Indeedee-F, L50, F|
|teampreview|4
|inactive|Battle timer is ON: inactive players will automatically lose when time's up. (requested by Bodoque31)
Bodoque31 rejected open team sheets.
|
|t:|1750742280
|start
|switch|p1a: Ogerpon|Ogerpon-Hearthflame, L50, F|100/100
|switch|p1b: Lunala|Lunala, L50|100/100
|switch|p2a: Spongebob|Indeedee-F, L50, F|100/100
|switch|p2b: I'm Gay|Calyrex-Shadow, L50|100/100
|-ability|p2b: I'm Gay|As One
|-ability|p2b: I'm Gay|Unnerve
|-ability|p1a: Ogerpon|Mold Breaker
|-fieldstart|move: Psychic Terrain|[from] ability: Psychic Surge|[of] p2a: Spongebob
|-enditem|p2a: Spongebob|Psychic Seed
|-boost|p2a: Spongebob|spd|1|[from] item: Psychic Seed
|turn|1
|
|t:|1750742304
|move|p2a: Spongebob|Helping Hand|p2b: I'm Gay
|-singleturn|p2b: I'm Gay|Helping Hand|[of] p2a: Spongebob
|move|p1b: Lunala|Wide Guard|p1b: Lunala
|-singleturn|p1b: Lunala|Wide Guard
|move|p2b: I'm Gay|Astral Barrage|p1a: Ogerpon|[spread] 
|-activate|p1a: Ogerpon|move: Wide Guard
|-activate|p1b: Lunala|move: Wide Guard
|move|p1a: Ogerpon|Ivy Cudgel|p2b: I'm Gay|[anim] Ivy Cudgel Fire
|-damage|p2b: I'm Gay|35/100
|
|upkeep
|turn|2
|
|t:|1750742319
|move|p1b: Lunala|Wide Guard|p1b: Lunala
|-singleturn|p1b: Lunala|Wide Guard
|move|p2a: Spongebob|Follow Me|p2a: Spongebob
|-singleturn|p2a: Spongebob|move: Follow Me
|move|p2b: I'm Gay|Psychic|p1a: Ogerpon
|-damage|p1a: Ogerpon|32/100
|-unboost|p1a: Ogerpon|spd|1
|move|p1a: Ogerpon|Ivy Cudgel|p2a: Spongebob|[anim] Ivy Cudgel Fire
|-damage|p2a: Spongebob|53/100
|
|upkeep
|turn|3
|inactive|Bodoque31 has 30 seconds left.
|
|t:|1750742350
|switch|p1a: Kingambit|Kingambit, L50, M|100/100
|move|p1b: Lunala|Wide Guard|p1b: Lunala
|-singleturn|p1b: Lunala|Wide Guard
|move|p2a: Spongebob|Follow Me|p2a: Spongebob
|-singleturn|p2a: Spongebob|move: Follow Me
|move|p2b: I'm Gay|Psychic|p1a: Kingambit
|-immune|p1a: Kingambit
|
|upkeep
|turn|4
|
|t:|1750742366
|-terastallize|p2b: I'm Gay|Fairy
|move|p1b: Lunala|Wide Guard|p1b: Lunala
|-singleturn|p1b: Lunala|Wide Guard
|move|p2a: Spongebob|Follow Me|p2a: Spongebob
|-singleturn|p2a: Spongebob|move: Follow Me
|move|p2b: I'm Gay|Draining Kiss|p1a: Kingambit
|-damage|p1a: Kingambit|66/100
|-heal|p2b: I'm Gay|66/100|[from] drain|[of] p1a: Kingambit
|move|p1a: Kingambit|Kowtow Cleave|p2a: Spongebob
|-supereffective|p2a: Spongebob
|-damage|p2a: Spongebob|0 fnt
|faint|p2a: Spongebob
|
|upkeep
|
|t:|1750742378
|switch|p2a: EterCHAD|Eternatus, L50|100/100
|-ability|p2a: EterCHAD|Pressure
|turn|5
|
|t:|1750742388
|move|p1b: Lunala|Wide Guard|p1b: Lunala
|-singleturn|p1b: Lunala|Wide Guard
|move|p2b: I'm Gay|Draining Kiss|p1a: Kingambit
|-damage|p1a: Kingambit|27/100
|-heal|p2b: I'm Gay|100/100|[from] drain|[of] p1a: Kingambit
|move|p2a: EterCHAD|Cosmic Power|p2a: EterCHAD
|-boost|p2a: EterCHAD|def|1
|-boost|p2a: EterCHAD|spd|1
|move|p1a: Kingambit|Iron Head|p2b: I'm Gay
|-supereffective|p2b: I'm Gay
|-enditem|p2b: I'm Gay|Focus Sash
|-damage|p2b: I'm Gay|1/100
|
|-fieldend|move: Psychic Terrain
|upkeep
|turn|6
|
|t:|1750742405
|move|p1a: Kingambit|Sucker Punch|p2b: I'm Gay
|-resisted|p2b: I'm Gay
|-damage|p2b: I'm Gay|0 fnt
|faint|p2b: I'm Gay
|move|p2a: EterCHAD|Flamethrower|p1a: Kingambit
|-supereffective|p1a: Kingambit
|-damage|p1a: Kingambit|0 fnt
|faint|p1a: Kingambit
|move|p1b: Lunala|Meteor Beam||[still]
|-prepare|p1b: Lunala|Meteor Beam
|-boost|p1b: Lunala|spa|1
|-enditem|p1b: Lunala|Power Herb
|-anim|p1b: Lunala|Meteor Beam|p2a: EterCHAD
|-damage|p2a: EterCHAD|71/100
|
|-heal|p2a: EterCHAD|77/100|[from] item: Leftovers
|upkeep
|
|t:|1750742420
|switch|p2b: CottoGOD|Whimsicott, L50, F, shiny|100/100
|switch|p1a: Ogerpon|Ogerpon-Hearthflame, L50, F|32/100
|-ability|p1a: Ogerpon|Mold Breaker
|turn|7
|
|t:|1750742439
|move|p2b: CottoGOD|Tailwind|p2b: CottoGOD
|-sidestart|p2: Bodoque31|move: Tailwind
|move|p2a: EterCHAD|Dynamax Cannon|p1a: Ogerpon
|-damage|p1a: Ogerpon|0 fnt
|faint|p1a: Ogerpon
|move|p1b: Lunala|Moongeist Beam|p2b: CottoGOD
|-damage|p2b: CottoGOD|0 fnt
|faint|p2b: CottoGOD
|
|-heal|p2a: EterCHAD|83/100|[from] item: Leftovers
|upkeep
|
|t:|1750742448
|switch|p1a: Ursaluna|Ursaluna-Bloodmoon, L50, M|100/100
|turn|8
|
|t:|1750742465
|move|p2a: EterCHAD|Cosmic Power|p2a: EterCHAD
|-boost|p2a: EterCHAD|def|1
|-boost|p2a: EterCHAD|spd|1
|move|p1b: Lunala|Moongeist Beam|p2a: EterCHAD
|-crit|p2a: EterCHAD
|-damage|p2a: EterCHAD|0 fnt
|faint|p2a: EterCHAD
|
|win|Llemand
|raw|Llemand's rating: 1216 &rarr; <strong>1242</strong><br />(+26 for winning)
|raw|Bodoque31's rating: 1227 &rarr; <strong>1201</strong><br />(-26 for losing)
|l|☆Bodoque31
|player|p2|
|l|☆Llemand
|player|p1|
