|j|☆BiggyBingus
|j|☆ApoVGC
|t:|1750848892
|gametype|doubles
|player|p1|BiggyBingus|265|1351
|player|p2|ApoVGC|102|1418
|teamsize|p1|6
|teamsize|p2|6
|gen|9
|tier|[Gen 9] VGC 2025 Reg I
|rated|
|rule|Species Clause: Limit one of each Pokémon
|rule|Item Clause: Limit 1 of each item
|clearpoke
|poke|p1|Miraidon, L50|
|poke|p1|Farigiraf, L50, M|
|poke|p1|Iron Hands, L50|
|poke|p1|Volcarona, L50, M|
|poke|p1|Groudon, L50|
|poke|p1|Walking Wake, L50|
|poke|p2|Groudon, L50|
|poke|p2|Calyrex-Shadow, L50|
|poke|p2|Sableye, L50, M|
|poke|p2|Chi-Yu, L50|
|poke|p2|Ogerpon-Cornerstone, L50, F|
|poke|p2|Walking Wake, L50|
|teampreview|4
|inactive|Battle timer is ON: inactive players will automatically lose when time's up. (requested by ApoVGC)
|inactive|BiggyBingus has 60 seconds left.
|inactive|ApoVGC has 60 seconds left.
|inactive|BiggyBingus has 30 seconds left.
|
|t:|1750848956
|start
|switch|p1a: Farigiraf|Farigiraf, L50, M|100/100
|switch|p1b: Miraidon|Miraidon, L50|100/100
|switch|p2a: Calyrex|Calyrex-Shadow, L50|100/100
|switch|p2b: Ogerpon|Ogerpon-Cornerstone, L50, F|100/100
|-ability|p2a: Calyrex|As One
|-ability|p2a: Calyrex|Unnerve
|-fieldstart|move: Electric Terrain|[from] ability: Hadron Engine|[of] p1b: Miraidon
|-enditem|p1a: Farigiraf|Electric Seed
|-boost|p1a: Farigiraf|def|1|[from] item: Electric Seed
|turn|1
|
|t:|1750848975
|move|p2a: Calyrex|Protect|p2a: Calyrex
|-singleturn|p2a: Calyrex|Protect
|move|p2b: Ogerpon|Ivy Cudgel|p1a: Farigiraf|[anim] Ivy Cudgel Rock
|-damage|p1a: Farigiraf|72/100
|move|p1b: Miraidon|Volt Switch|p2a: Calyrex
|-activate|p2a: Calyrex|move: Protect
|move|p1a: Farigiraf|Trick Room|p1a: Farigiraf
|-fieldstart|move: Trick Room|[of] p1a: Farigiraf
|
|upkeep
|turn|2
|
|t:|1750848994
|switch|p2a: Groudon|Groudon, L50|100/100
|-weather|SunnyDay|[from] ability: Drought|[of] p2a: Groudon
|move|p1a: Farigiraf|Foul Play|p2a: Groudon
|-damage|p2a: Groudon|77/100
|move|p1b: Miraidon|Volt Switch|p2a: Groudon
|-immune|p2a: Groudon
|move|p2b: Ogerpon|Ivy Cudgel|p1a: Farigiraf|[anim] Ivy Cudgel Rock
|-damage|p1a: Farigiraf|38/100
|
|-weather|SunnyDay|[upkeep]
|upkeep
|turn|3
|inactive|BiggyBingus has 30 seconds left.
|
|t:|1750849024
|move|p2b: Ogerpon|Spiky Shield|p2b: Ogerpon
|-singleturn|p2b: Ogerpon|move: Protect
|move|p1a: Farigiraf|Psychic|p2a: Groudon
|-damage|p2a: Groudon|51/100
|move|p2a: Groudon|Precipice Blades|p1b: Miraidon|[spread] p1a,p1b
|-supereffective|p1b: Miraidon
|-damage|p1a: Farigiraf|11/100
|-damage|p1b: Miraidon|13/100
|move|p1b: Miraidon|Volt Switch|p2b: Ogerpon
|-activate|p2b: Ogerpon|move: Protect
|
|-weather|SunnyDay|[upkeep]
|upkeep
|turn|4
|
|t:|1750849042
|move|p2b: Ogerpon|Follow Me|p2b: Ogerpon
|-singleturn|p2b: Ogerpon|move: Follow Me
|move|p1a: Farigiraf|Psychic|p2b: Ogerpon
|-damage|p2b: Ogerpon|62/100
|move|p2a: Groudon|Precipice Blades|p1b: Miraidon|[spread] p1a,p1b
|-supereffective|p1b: Miraidon
|-damage|p1a: Farigiraf|0 fnt
|-damage|p1b: Miraidon|0 fnt
|faint|p1a: Farigiraf
|faint|p1b: Miraidon
|
|-weather|SunnyDay|[upkeep]
|upkeep
|
|t:|1750849048
|switch|p1a: Iron Hands|Iron Hands, L50|100/100
|switch|p1b: Groudon|Groudon, L50|100/100
|-activate|p1a: Iron Hands|ability: Quark Drive
|-start|p1a: Iron Hands|quarkdriveatk
|turn|5
|
|t:|1750849061
|-terastallize|p1a: Iron Hands|Water
|move|p2a: Groudon|Protect|p2a: Groudon
|-singleturn|p2a: Groudon|Protect
|move|p2b: Ogerpon|Spiky Shield|p2b: Ogerpon
|-singleturn|p2b: Ogerpon|move: Protect
|move|p1a: Iron Hands|Low Kick|p2a: Groudon
|-activate|p2a: Groudon|move: Protect
|move|p1b: Groudon|Bulk Up|p1b: Groudon
|-boost|p1b: Groudon|atk|1
|-boost|p1b: Groudon|def|1
|
|-weather|SunnyDay|[upkeep]
|-fieldend|move: Trick Room
|-fieldend|move: Electric Terrain
|-end|p1a: Iron Hands|Quark Drive
|upkeep
|turn|6
|
|t:|1750849081
|move|p1b: Groudon|Protect|p1b: Groudon
|-singleturn|p1b: Groudon|Protect
|move|p2b: Ogerpon|Power Whip|p1a: Iron Hands
|-supereffective|p1a: Iron Hands
|-damage|p1a: Iron Hands|0 fnt
|faint|p1a: Iron Hands
|-end|p1a: Iron Hands|Quark Drive|[silent]
|move|p2a: Groudon|Swords Dance|p2a: Groudon
|-boost|p2a: Groudon|atk|2
|
|-weather|none
|upkeep
|turn|7
|-message|BiggyBingus forfeited.
|
|win|ApoVGC
|raw|BiggyBingus's rating: 1351 &rarr; <strong>1335</strong><br />(-16 for losing)
|raw|ApoVGC's rating: 1418 &rarr; <strong>1434</strong><br />(+16 for winning)
|l|☆BiggyBingus
|player|p1|
