|j|☆booghost23
|j|☆StarmanWilliam
|t:|1750769571
|gametype|doubles
|player|p1|booghost23|policeman-gen4|1231
|player|p2|StarmanWilliam|2|1344
|teamsize|p1|6
|teamsize|p2|6
|gen|9
|tier|[Gen 9] VGC 2025 Reg I
|rated|
|rule|Species Clause: Limit one of each Pokémon
|rule|Item Clause: Limit 1 of each item
|clearpoke
|poke|p1|Dusclops, L50, M|
|poke|p1|Groudon, L50|
|poke|p1|Charizard, L50, M|
|poke|p1|Arcanine, L50, M|
|poke|p1|Koraidon, L50|
|poke|p1|Golem, L50, M|
|poke|p2|Dialga-Origin, L50|
|poke|p2|Ursaluna, L50, F|
|poke|p2|Miraidon, L50|
|poke|p2|Flygon, L50, F|
|poke|p2|Ogerpon-Wellspring, L50, F|
|poke|p2|Incineroar, L50, M|
|teampreview|4
|inactive|Battle timer is ON: inactive players will automatically lose when time's up. (requested by StarmanWilliam)
|
|t:|1750769609
|start
|switch|p1a: Dusclops|Dusclops, L50, M, shiny|100/100
|switch|p1b: Rock ON|Golem, L50, M|100/100
|switch|p2a: Dialga|Dialga-Origin, L50|100/100
|switch|p2b: Incineroar|Incineroar, L50, M|100/100
|-ability|p2b: Incineroar|Intimidate|boost
|-unboost|p1a: Dusclops|atk|1
|-unboost|p1b: Rock ON|atk|1
|-item|p2a: Dialga|Adamant Crystal|[from] ability: Frisk|[of] p1a: Dusclops
|-item|p2b: Incineroar|Rocky Helmet|[from] ability: Frisk|[of] p1a: Dusclops
|turn|1
|inactive|booghost23 has 30 seconds left.
|inactive|StarmanWilliam has 30 seconds left.
|inactive|booghost23 has 20 seconds left.
|
|t:|1750769646
|move|p2a: Dialga|Dragon Pulse|p1a: Dusclops
|-damage|p1a: Dusclops|67/100
|move|p1b: Rock ON|Earthquake|p2a: Dialga|[spread] p1a,p2a,p2b
|-supereffective|p2a: Dialga
|-supereffective|p2b: Incineroar
|-damage|p1a: Dusclops|51/100
|-damage|p2a: Dialga|59/100
|-damage|p2b: Incineroar|56/100
|move|p2b: Incineroar|Will-O-Wisp|p1b: Rock ON
|-status|p1b: Rock ON|brn
|move|p1a: Dusclops|Will-O-Wisp|p2a: Dialga
|-status|p2a: Dialga|brn
|
|-damage|p2a: Dialga|53/100 brn|[from] brn
|-damage|p1b: Rock ON|95/100 brn|[from] brn
|upkeep
|turn|2
|inactive|booghost23 has 30 seconds left.
|
|t:|1750769675
|move|p1b: Rock ON|Stone Edge|p2b: Incineroar
|-supereffective|p2b: Incineroar
|-damage|p2b: Incineroar|27/100
|move|p2b: Incineroar|Parting Shot|p1b: Rock ON
|-unboost|p1b: Rock ON|atk|1
|-unboost|p1b: Rock ON|spa|1
|
|t:|1750769682
|switch|p2b: Ursaluna|Ursaluna, L50, F|100/100|[from] Parting Shot
|move|p1a: Dusclops|Shadow Ball|p2a: Dialga
|-damage|p2a: Dialga|38/100 brn
|move|p2a: Dialga|Trick Room|p2a: Dialga
|-fieldstart|move: Trick Room|[of] p2a: Dialga
|
|-damage|p1b: Rock ON|89/100 brn|[from] brn
|-damage|p2a: Dialga|33/100 brn|[from] brn
|-status|p2b: Ursaluna|brn|[from] item: Flame Orb
|upkeep
|turn|3
|
|t:|1750769699
|move|p1b: Rock ON|Wide Guard|p1b: Rock ON
|-singleturn|p1b: Rock ON|Wide Guard
|move|p2b: Ursaluna|Earthquake|p1a: Dusclops|[spread] 
|-activate|p1a: Dusclops|move: Wide Guard
|-activate|p1b: Rock ON|move: Wide Guard
|-activate|p2a: Dialga|ability: Telepathy
|move|p2a: Dialga|Dragon Pulse|p1b: Rock ON
|-damage|p1b: Rock ON|0 fnt
|faint|p1b: Rock ON
|move|p1a: Dusclops|Trick Room|p1a: Dusclops
|-fieldend|move: Trick Room
|
|-damage|p2a: Dialga|27/100 brn|[from] brn
|-damage|p2b: Ursaluna|95/100 brn|[from] brn
|upkeep
|
|t:|1750769719
|switch|p1b: The Don|Groudon, L50|100/100
|-weather|SunnyDay|[from] ability: Drought|[of] p1b: The Don
|turn|4
|c|☆StarmanWilliam|I like de team
|
|t:|1750769738
|move|p2a: Dialga|Protect|p2a: Dialga
|-singleturn|p2a: Dialga|Protect
|move|p1b: The Don|Precipice Blades|p2a: Dialga|[spread] p2b
|-activate|p2a: Dialga|move: Protect
|-damage|p2b: Ursaluna|58/100 brn
|move|p2b: Ursaluna|Facade|p1b: The Don
|-damage|p1b: The Don|0 fnt
|faint|p1b: The Don
|move|p1a: Dusclops|Trick Room|p1a: Dusclops
|-fieldstart|move: Trick Room|[of] p1a: Dusclops
|
|-weather|SunnyDay|[upkeep]
|-damage|p2b: Ursaluna|52/100 brn|[from] brn
|-damage|p2a: Dialga|21/100 brn|[from] brn
|upkeep
|
|t:|1750769750
|switch|p1b: VVulf|Arcanine, L50, M|100/100
|-ability|p1b: VVulf|Intimidate|boost
|-unboost|p2a: Dialga|atk|1
|-unboost|p2b: Ursaluna|atk|1
|turn|5
|
|t:|1750769760
|-terastallize|p1b: VVulf|Normal
|move|p1b: VVulf|Extreme Speed|p2b: Ursaluna
|-damage|p2b: Ursaluna|10/100 brn
|move|p2b: Ursaluna|Earthquake|p1a: Dusclops|[spread] p1a,p1b
|-activate|p2a: Dialga|ability: Telepathy
|-damage|p1a: Dusclops|24/100
|-damage|p1b: VVulf|47/100
|move|p2a: Dialga|Dragon Pulse|p1b: VVulf
|-damage|p1b: VVulf|0 fnt
|faint|p1b: VVulf
|move|p1a: Dusclops|Trick Room|p1a: Dusclops
|-fieldend|move: Trick Room
|
|-weather|SunnyDay|[upkeep]
|-damage|p2a: Dialga|15/100 brn|[from] brn
|-damage|p2b: Ursaluna|4/100 brn|[from] brn
|upkeep
|turn|6
|
|t:|1750769779
|move|p1a: Dusclops|Protect|p1a: Dusclops
|-singleturn|p1a: Dusclops|Protect
|move|p2a: Dialga|Dragon Pulse|p1a: Dusclops
|-activate|p1a: Dusclops|move: Protect
|move|p2b: Ursaluna|Headlong Rush|p1a: Dusclops
|-activate|p1a: Dusclops|move: Protect
|
|-weather|SunnyDay|[upkeep]
|-damage|p2a: Dialga|9/100 brn|[from] brn
|-damage|p2b: Ursaluna|0 fnt|[from] brn
|faint|p2b: Ursaluna
|upkeep
|
|t:|1750769783
|switch|p2b: Incineroar|Incineroar, L50, M|27/100
|-ability|p2b: Incineroar|Intimidate|boost
|-unboost|p1a: Dusclops|atk|1
|turn|7
|
|t:|1750769794
|move|p2a: Dialga|Dragon Pulse|p1a: Dusclops
|-damage|p1a: Dusclops|0 fnt
|faint|p1a: Dusclops
|
|win|StarmanWilliam
|raw|booghost23's rating: 1231 &rarr; <strong>1214</strong><br />(-17 for losing)
|raw|StarmanWilliam's rating: 1344 &rarr; <strong>1358</strong><br />(+14 for winning)
|l|☆booghost23
|player|p1|
|l|☆StarmanWilliam
|player|p2|
