|j|☆Dakimakura69
|j|☆lxlxlxlxlx
|t:|1750846292
|gametype|doubles
|player|p1|Dakimakura69|cynthia|1457
|player|p2|lxlxlxlxlx|170|1478
|teamsize|p1|6
|teamsize|p2|6
|gen|9
|tier|[Gen 9] VGC 2025 Reg I
|rated|
|rule|Species Clause: Limit one of each Pokémon
|rule|Item Clause: Limit 1 of each item
|clearpoke
|poke|p1|Lunala, L50|
|poke|p1|Koraidon, L50|
|poke|p1|Flutter Mane, L50|
|poke|p1|Indeedee-F, L50, F|
|poke|p1|Ogerpon-Cornerstone, L50, F|
|poke|p1|Chi-Yu, L50|
|poke|p2|Miraidon, L50|
|poke|p2|Ogerpon-Wellspring, L50, F|
|poke|p2|Ho-Oh, L50|
|poke|p2|Grimmsnarl, L50, M|
|poke|p2|Iron Treads, L50|
|poke|p2|Tornadus, L50, M|
|teampreview|4
Dakimakura69 rejected open team sheets.
|inactive|Battle timer is ON: inactive players will automatically lose when time's up. (requested by Dakimakura69)
|inactive|lxlxlxlxlx has 60 seconds left.
|
|t:|1750846359
|start
|switch|p1a: Lunala|Lunala, L50|100/100
|switch|p1b: Indeedee|Indeedee-F, L50, F|100/100
|switch|p2a: Tornadus|Tornadus, L50, M|100/100
|switch|p2b: Miraidon|Miraidon, L50|100/100
|-fieldstart|move: Electric Terrain|[from] ability: Hadron Engine|[of] p2b: Miraidon
|-fieldstart|move: Psychic Terrain|[from] ability: Psychic Surge|[of] p1b: Indeedee
|turn|1
|j| eran13aba
|inactive|lxlxlxlxlx has 30 seconds left.
|
|t:|1750846391
|switch|p2b: Ho-Oh|Ho-Oh, L50, shiny|100/100
|move|p2a: Tornadus|Bleakwind Storm|p1b: Indeedee|[spread] 
|-miss|p2a: Tornadus|p1a: Lunala
|-miss|p2a: Tornadus|p1b: Indeedee
|move|p1a: Lunala|Meteor Beam||[still]
|-prepare|p1a: Lunala|Meteor Beam
|-boost|p1a: Lunala|spa|1
|-enditem|p1a: Lunala|Power Herb
|-anim|p1a: Lunala|Meteor Beam|p2a: Tornadus
|-supereffective|p2a: Tornadus
|-enditem|p2a: Tornadus|Focus Sash
|-damage|p2a: Tornadus|1/100
|move|p1b: Indeedee|Trick Room|p1b: Indeedee
|-fieldstart|move: Trick Room|[of] p1b: Indeedee
|
|upkeep
|turn|2
|inactive|Dakimakura69 has 30 seconds left.
|inactive|lxlxlxlxlx has 30 seconds left.
|inactive|Dakimakura69 has 20 seconds left.
|inactive|lxlxlxlxlx has 20 seconds left.
|inactive|Dakimakura69 has 15 seconds left.
|inactive|lxlxlxlxlx has 15 seconds left.
|inactive|lxlxlxlxlx has 10 seconds left.
|inactive|lxlxlxlxlx has 5 seconds left.
|
|t:|1750846447
|switch|p2a: Miraidon|Miraidon, L50|100/100
|-fieldstart|move: Electric Terrain|[from] ability: Hadron Engine|[of] p2a: Miraidon
|move|p2b: Ho-Oh|Protect|p2b: Ho-Oh
|-singleturn|p2b: Ho-Oh|Protect
|move|p1b: Indeedee|Follow Me|p1b: Indeedee
|-singleturn|p1b: Indeedee|move: Follow Me
|move|p1a: Lunala|Expanding Force|p2b: Ho-Oh
|-activate|p2b: Ho-Oh|move: Protect
|
|upkeep
|turn|3
|inactive|Dakimakura69 has 30 seconds left.
|inactive|lxlxlxlxlx has 30 seconds left.
|inactive|Dakimakura69 has 20 seconds left.
|
|t:|1750846485
|move|p1b: Indeedee|Helping Hand|p1a: Lunala
|-singleturn|p1a: Lunala|Helping Hand|[of] p1b: Indeedee
|move|p2a: Miraidon|Protect|p2a: Miraidon
|-singleturn|p2a: Miraidon|Protect
|move|p2b: Ho-Oh|Sacred Fire|p1a: Lunala
|-damage|p1a: Lunala|77/100
|-status|p1a: Lunala|brn
|move|p1a: Lunala|Moongeist Beam|p2a: Miraidon
|-activate|p2a: Miraidon|move: Protect
|
|-damage|p1a: Lunala|71/100 brn|[from] brn
|upkeep
|turn|4
|
|t:|1750846509
|switch|p2a: Tornadus|Tornadus, L50, M|1/100
|move|p1b: Indeedee|Helping Hand|p1a: Lunala
|-singleturn|p1a: Lunala|Helping Hand|[of] p1b: Indeedee
|move|p2b: Ho-Oh|Sacred Fire|p1a: Lunala
|-damage|p1a: Lunala|20/100 brn
|move|p1a: Lunala|Moongeist Beam|p2a: Tornadus
|-damage|p2a: Tornadus|0 fnt
|faint|p2a: Tornadus
|
|-damage|p1a: Lunala|14/100 brn|[from] brn
|upkeep
|
|t:|1750846529
|switch|p2a: Miraidon|Miraidon, L50|100/100
|-activate|p2a: Miraidon|ability: Hadron Engine
|turn|5
|inactive|Dakimakura69 has 30 seconds left.
|
|t:|1750846559
|-terastallize|p2a: Miraidon|Electric
|move|p2b: Ho-Oh|Protect|p2b: Ho-Oh
|-singleturn|p2b: Ho-Oh|Protect
|move|p1b: Indeedee|Follow Me|p1b: Indeedee
|-singleturn|p1b: Indeedee|move: Follow Me
|move|p1a: Lunala|Moongeist Beam|p2b: Ho-Oh
|-activate|p2b: Ho-Oh|move: Protect
|move|p2a: Miraidon|Electro Drift|p1b: Indeedee
|-damage|p1b: Indeedee|0 fnt
|-damage|p2a: Miraidon|84/100|[from] item: Rocky Helmet|[of] p1b: Indeedee
|faint|p1b: Indeedee
|
|-damage|p1a: Lunala|8/100 brn|[from] brn
|-fieldend|move: Trick Room
|upkeep
|c|☆Dakimakura69|alright
|l| eran13aba
|inactive|Dakimakura69 has 30 seconds left.
|c|☆Dakimakura69|guess I keep losing the 50/50 protect mind game
|inactive|Dakimakura69 has 20 seconds left.
|inactive|Dakimakura69 has 15 seconds left.
|
|t:|1750846600
|switch|p1b: Ogerpon|Ogerpon-Cornerstone, L50, F|100/100
|turn|6
|
|t:|1750846619
|switch|p2b: Iron Treads|Iron Treads, L50, shiny|100/100
|-activate|p2b: Iron Treads|ability: Quark Drive
|-start|p2b: Iron Treads|quarkdrivespe
|move|p1a: Lunala|Protect|p1a: Lunala
|-singleturn|p1a: Lunala|Protect
|move|p2a: Miraidon|Dazzling Gleam|p1b: Ogerpon|[spread] p1b
|-activate|p1a: Lunala|move: Protect
|-damage|p1b: Ogerpon|66/100
|move|p1b: Ogerpon|Ivy Cudgel|p2b: Iron Treads|[anim] Ivy Cudgel Rock
|-resisted|p2b: Iron Treads
|-damage|p2b: Iron Treads|87/100
|
|-damage|p1a: Lunala|2/100 brn|[from] brn
|-fieldend|move: Electric Terrain
|-end|p2b: Iron Treads|Quark Drive
|upkeep
|turn|7
|inactive|Dakimakura69 has 30 seconds left.
|inactive|lxlxlxlxlx has 30 seconds left.
|inactive|lxlxlxlxlx has 20 seconds left.
|
|t:|1750846659
|move|p1b: Ogerpon|Spiky Shield|p1b: Ogerpon
|-singleturn|p1b: Ogerpon|move: Protect
|move|p2a: Miraidon|Dazzling Gleam|p1a: Lunala|[spread] p1a
|-activate|p1b: Ogerpon|move: Protect
|-damage|p1a: Lunala|0 fnt
|faint|p1a: Lunala
|move|p2b: Iron Treads|High Horsepower|p1b: Ogerpon
|-activate|p1b: Ogerpon|move: Protect
|-damage|p2b: Iron Treads|75/100|[from] Spiky Shield|[of] p1b: Ogerpon
|
|upkeep
|
|t:|1750846669
|switch|p1a: Koraidon|Koraidon, L50|100/100
|-weather|SunnyDay|[from] ability: Orichalcum Pulse|[of] p1a: Koraidon
|-activate|p1a: Koraidon|Orichalcum Pulse|[source]
|turn|8
|inactive|Dakimakura69 has 30 seconds left.
|inactive|lxlxlxlxlx has 30 seconds left.
|
|t:|1750846697
|-terastallize|p1a: Koraidon|Fire
|move|p2a: Miraidon|Draco Meteor|p1a: Koraidon
|-damage|p1a: Koraidon|38/100
|-unboost|p2a: Miraidon|spa|2
|move|p1a: Koraidon|Flame Charge|p2b: Iron Treads
|-supereffective|p2b: Iron Treads
|-damage|p2b: Iron Treads|0 fnt
|-boost|p1a: Koraidon|spe|1
|faint|p2b: Iron Treads
|-end|p2b: Iron Treads|Quark Drive|[silent]
|-damage|p1a: Koraidon|29/100|[from] item: Life Orb
|move|p1b: Ogerpon|Ivy Cudgel|p2a: Miraidon|[anim] Ivy Cudgel Rock
|-damage|p2a: Miraidon|28/100
|
|-weather|SunnyDay|[upkeep]
|upkeep
|-message|lxlxlxlxlx forfeited.
|
|win|Dakimakura69
|raw|Dakimakura69's rating: 1457 &rarr; <strong>1478</strong><br />(+21 for winning)
|raw|lxlxlxlxlx's rating: 1478 &rarr; <strong>1457</strong><br />(-21 for losing)
|l|☆lxlxlxlxlx
|player|p2|
|c|☆Dakimakura69|there we go
|l|☆Dakimakura69
|player|p1|
