|j|☆kotaku51
|j|☆UtterlyIncapable
|t:|1750842601
|gametype|doubles
|player|p1|kotaku51|2|1233
|player|p2|UtterlyIncapable|firebreather|1133
|teamsize|p1|6
|teamsize|p2|6
|gen|9
|tier|[Gen 9] VGC 2025 Reg I
|rated|
|rule|Species Clause: Limit one of each Pokémon
|rule|Item Clause: Limit 1 of each item
|clearpoke
|poke|p1|Ho-Oh, L50|
|poke|p1|Eternatus, L50|
|poke|p1|Quagsire, L50, M|
|poke|p1|Grimmsnarl, L50, M|
|poke|p1|Ting-Lu, L50|
|poke|p1|Rhydon, L50, M|
|poke|p2|Riolu, L50, M|
|poke|p2|Calyrex-Ice, L50|
|poke|p2|Koraidon, L50|
|poke|p2|Annihilape, L50, M|
|poke|p2|Clefairy, L50, M|
|poke|p2|Raging Bolt, L50|
|teampreview|4
|
|t:|1750842637
|start
|switch|p1a: Grimmsnarl|Grimmsnarl, L50, M|100/100
|switch|p1b: Eternatus|Eternatus, L50|100/100
|switch|p2a: Koraidon|Koraidon, L50|100/100
|switch|p2b: Riolu|Riolu, L50, M|100/100
|-weather|SunnyDay|[from] ability: Orichalcum Pulse|[of] p2a: Koraidon
|-activate|p2a: Koraidon|Orichalcum Pulse|[source]
|-ability|p1b: Eternatus|Pressure
|turn|1
|inactive|Battle timer is ON: inactive players will automatically lose when time's up. (requested by kotaku51)
|
|t:|1750842668
|-terastallize|p1b: Eternatus|Fairy
|move|p2a: Koraidon|Protect|p2a: Koraidon
|-singleturn|p2a: Koraidon|Protect
|move|p2b: Riolu|Coaching|p2a: Koraidon
|-boost|p2a: Koraidon|atk|1
|-boost|p2a: Koraidon|def|1
|move|p1a: Grimmsnarl|Reflect|p1a: Grimmsnarl
|-sidestart|p1: kotaku51|Reflect
|move|p1b: Eternatus|Fire Spin|p2b: Riolu
|-damage|p2b: Riolu|44/100
|-activate|p2b: Riolu|move: Fire Spin|[of] p1b: Eternatus
|
|-weather|SunnyDay|[upkeep]
|-damage|p2b: Riolu|32/100|[from] move: Fire Spin|[partiallytrapped]
|upkeep
|turn|2
|
|t:|1750842690
|-terastallize|p2a: Koraidon|Fire
|move|p1b: Eternatus|Protect|p1b: Eternatus
|-singleturn|p1b: Eternatus|Protect
|move|p2b: Riolu|Coaching|p2a: Koraidon
|-boost|p2a: Koraidon|atk|1
|-boost|p2a: Koraidon|def|1
|move|p2a: Koraidon|Flare Blitz|p1b: Eternatus
|-activate|p1b: Eternatus|move: Protect
|move|p1a: Grimmsnarl|Foul Play|p2a: Koraidon
|-damage|p2a: Koraidon|52/100
|
|-weather|SunnyDay|[upkeep]
|-damage|p2b: Riolu|20/100|[from] move: Fire Spin|[partiallytrapped]
|upkeep
|turn|3
|inactive|UtterlyIncapable has 30 seconds left.
|
|t:|1750842722
|switch|p1b: Quagsire|Quagsire, L50, M|100/100
|move|p2b: Riolu|Feint|p1a: Grimmsnarl
|-damage|p1a: Grimmsnarl|97/100
|move|p2a: Koraidon|Flare Blitz|p1a: Grimmsnarl
|-damage|p1a: Grimmsnarl|0 fnt
|faint|p1a: Grimmsnarl
|-damage|p2a: Koraidon|15/100|[from] Recoil
|-damage|p2a: Koraidon|6/100|[from] item: Life Orb
|
|-weather|SunnyDay|[upkeep]
|-end|p2b: Riolu|Fire Spin|[partiallytrapped]|[silent]
|upkeep
|
|t:|1750842738
|switch|p1a: Ho-Oh|Ho-Oh, L50|100/100
|turn|4
|inactive|kotaku51 has 30 seconds left.
|inactive|UtterlyIncapable has 30 seconds left.
|
|t:|1750842770
|move|p2b: Riolu|Feint|p1a: Ho-Oh
|-damage|p1a: Ho-Oh|97/100
|move|p2a: Koraidon|Flare Blitz|p1a: Ho-Oh
|-resisted|p1a: Ho-Oh
|-crit|p1a: Ho-Oh
|-damage|p1a: Ho-Oh|0 fnt
|-damage|p2a: Koraidon|0 fnt|[from] item: Rocky Helmet|[of] p1a: Ho-Oh
|faint|p1a: Ho-Oh
|faint|p2a: Koraidon
|move|p1b: Quagsire|Earth Power|p2b: Riolu
|-damage|p2b: Riolu|0 fnt
|faint|p2b: Riolu
|
|-weather|SunnyDay|[upkeep]
|upkeep
|
|t:|1750842781
|switch|p2a: Calyrex|Calyrex-Ice, L50|100/100
|switch|p2b: Annihilape|Annihilape, L50, M|100/100
|switch|p1a: Eternatus|Eternatus, L50, tera:Fairy|100/100
|-ability|p2a: Calyrex|As One
|-ability|p2a: Calyrex|Unnerve
|-ability|p1a: Eternatus|Pressure
|turn|5
|inactive|UtterlyIncapable has 30 seconds left.
|
|t:|1750842811
|move|p2b: Annihilape|Final Gambit|p1b: Quagsire
|-damage|p1b: Quagsire|0 fnt
|faint|p2b: Annihilape
|faint|p1b: Quagsire
|move|p1a: Eternatus|Cosmic Power|p1a: Eternatus
|-boost|p1a: Eternatus|def|1
|-boost|p1a: Eternatus|spd|1
|move|p2a: Calyrex|Trick Room|p2a: Calyrex
|-fieldstart|move: Trick Room|[of] p2a: Calyrex
|
|-weather|none
|upkeep
|turn|6
|
|t:|1750842824
|move|p2a: Calyrex|High Horsepower|p1a: Eternatus
|-damage|p1a: Eternatus|89/100
|move|p1a: Eternatus|Cosmic Power|p1a: Eternatus
|-boost|p1a: Eternatus|def|1
|-boost|p1a: Eternatus|spd|1
|
|upkeep
|turn|7
|
|t:|1750842832
|move|p2a: Calyrex|Glacial Lance|p1a: Eternatus
|-damage|p1a: Eternatus|72/100
|move|p1a: Eternatus|Cosmic Power|p1a: Eternatus
|-boost|p1a: Eternatus|def|1
|-boost|p1a: Eternatus|spd|1
|
|upkeep
|turn|8
|
|t:|1750842838
|move|p2a: Calyrex|Glacial Lance|p1a: Eternatus
|-damage|p1a: Eternatus|58/100
|move|p1a: Eternatus|Cosmic Power|p1a: Eternatus
|-boost|p1a: Eternatus|def|1
|-boost|p1a: Eternatus|spd|1
|
|-sideend|p1: kotaku51|Reflect
|upkeep
|turn|9
|
|t:|1750842845
|move|p2a: Calyrex|Glacial Lance|p1a: Eternatus
|-damage|p1a: Eternatus|40/100
|move|p1a: Eternatus|Recover|p1a: Eternatus
|-heal|p1a: Eternatus|90/100
|
|-fieldend|move: Trick Room
|upkeep
|turn|10
|
|t:|1750842855
|move|p1a: Eternatus|Cosmic Power|p1a: Eternatus
|-boost|p1a: Eternatus|def|1
|-boost|p1a: Eternatus|spd|1
|move|p2a: Calyrex|Glacial Lance|p1a: Eternatus
|-damage|p1a: Eternatus|74/100
|
|upkeep
|turn|11
|-message|UtterlyIncapable forfeited.
|
|win|kotaku51
|raw|kotaku51's rating: 1233 &rarr; <strong>1251</strong><br />(+18 for winning)
|raw|UtterlyIncapable's rating: 1133 &rarr; <strong>1115</strong><br />(-18 for losing)
|l|☆UtterlyIncapable
|player|p2|
|l|☆kotaku51
|player|p1|
