|j|☆anfora34
|j|☆Alexfind
|t:|1750717998
|gametype|doubles
|player|p1|anfora34|lucas|1371
|player|p2|Alexfind|2|1348
|teamsize|p1|6
|teamsize|p2|6
|gen|9
|tier|[Gen 9] VGC 2025 Reg I
|rated|
|rule|Species Clause: Limit one of each Pokémon
|rule|Item Clause: Limit 1 of each item
|clearpoke
|poke|p1|Indeedee-F, L50, F|
|poke|p1|Calyrex-Ice, L50|
|poke|p1|Torkoal, L50, F|
|poke|p1|Zamazenta-*, L50|
|poke|p1|Chien-Pao, L50|
|poke|p1|Ogerpon-Cornerstone, L50, F|
|poke|p2|Stonjourner, L50, F|
|poke|p2|Calyrex-Ice, L50|
|poke|p2|Ho-Oh, L50|
|poke|p2|Raichu, L50, M|
|poke|p2|Raging Bolt, L50|
|poke|p2|Ting-Lu, L50|
|teampreview|4
|
|t:|1750718023
|start
|switch|p1a: Indeedee|Indeedee-F, L50, F|100/100
|switch|p1b: Calyrex|Calyrex-Ice, L50|100/100
|switch|p2a: Calyrex|Calyrex-Ice, L50|100/100
|switch|p2b: Stonjourner|Stonjourner, L50, F|100/100
|-ability|p2a: Calyrex|As One
|-ability|p2a: Calyrex|Unnerve
|-ability|p1b: Calyrex|As One
|-ability|p1b: Calyrex|Unnerve
|-fieldstart|move: Psychic Terrain|[from] ability: Psychic Surge|[of] p1a: Indeedee
|turn|1
|inactive|Battle timer is ON: inactive players will automatically lose when time's up. (requested by Alexfind)
|
|t:|1750718040
|move|p1b: Calyrex|Protect|p1b: Calyrex
|-singleturn|p1b: Calyrex|Protect
|move|p1a: Indeedee|Reflect|p1a: Indeedee
|-sidestart|p1: anfora34|Reflect
|move|p2b: Stonjourner|Bulldoze|p1b: Calyrex|[spread] p2a,p1a
|-activate|p1b: Calyrex|move: Protect
|-damage|p2a: Calyrex|94/100
|-damage|p1a: Indeedee|89/100
|-unboost|p2a: Calyrex|spe|1
|-unboost|p1a: Indeedee|spe|1
|move|p2a: Calyrex|Curse|p2a: Calyrex
|-unboost|p2a: Calyrex|spe|1
|-boost|p2a: Calyrex|atk|1
|-boost|p2a: Calyrex|def|1
|
|-heal|p2a: Calyrex|99/100|[from] item: Leftovers
|upkeep
|turn|2
|inactive|anfora34 has 30 seconds left.
|inactive|Alexfind has 30 seconds left.
|
|t:|1750718072
|move|p2b: Stonjourner|Rock Slide|p1b: Calyrex|[spread] p1a,p1b
|-supereffective|p1b: Calyrex
|-damage|p1a: Indeedee|68/100
|-damage|p1b: Calyrex|86/100
|move|p1a: Indeedee|Psychic|p2b: Stonjourner
|-enditem|p2b: Stonjourner|Focus Sash
|-damage|p2b: Stonjourner|1/100
|move|p1b: Calyrex|High Horsepower|p2b: Stonjourner
|-supereffective|p2b: Stonjourner
|-damage|p2b: Stonjourner|0 fnt
|faint|p2b: Stonjourner
|-ability|p1b: Calyrex|Chilling Neigh|boost
|-boost|p1b: Calyrex|atk|1
|move|p2a: Calyrex|Leech Seed|p1b: Calyrex
|-start|p1b: Calyrex|move: Leech Seed
|
|-heal|p2a: Calyrex|100/100|[from] item: Leftovers
|-damage|p1b: Calyrex|74/100|[from] Leech Seed|[of] p2a: Calyrex
|upkeep
|
|t:|1750718091
|switch|p2b: Ho-Oh|Ho-Oh, L50|100/100
|turn|3
|
|t:|1750718102
|move|p2b: Ho-Oh|Protect|p2b: Ho-Oh
|-singleturn|p2b: Ho-Oh|Protect
|move|p1a: Indeedee|Psychic|p2b: Ho-Oh
|-activate|p2b: Ho-Oh|move: Protect
|move|p1b: Calyrex|Glacial Lance|p2b: Ho-Oh|[spread] p2a
|-activate|p2b: Ho-Oh|move: Protect
|-resisted|p2a: Calyrex
|-damage|p2a: Calyrex|82/100
|move|p2a: Calyrex|Curse|p2a: Calyrex
|-unboost|p2a: Calyrex|spe|1
|-boost|p2a: Calyrex|atk|1
|-boost|p2a: Calyrex|def|1
|
|-heal|p2a: Calyrex|88/100|[from] item: Leftovers
|-damage|p1b: Calyrex|62/100|[from] Leech Seed|[of] p2a: Calyrex
|-heal|p2a: Calyrex|100/100|[silent]
|upkeep
|turn|4
|inactive|Alexfind has 30 seconds left.
|
|t:|1750718130
|move|p2b: Ho-Oh|Sacred Fire|p1a: Indeedee
|-damage|p1a: Indeedee|16/100
|move|p1a: Indeedee|Psychic|p2b: Ho-Oh
|-damage|p2b: Ho-Oh|78/100
|move|p1b: Calyrex|Glacial Lance|p2a: Calyrex|[spread] p2a,p2b
|-resisted|p2a: Calyrex
|-damage|p2a: Calyrex|87/100
|-damage|p2b: Ho-Oh|0 fnt
|faint|p2b: Ho-Oh
|-ability|p1b: Calyrex|Chilling Neigh|boost
|-boost|p1b: Calyrex|atk|1
|move|p2a: Calyrex|Glacial Lance|p1b: Calyrex|[spread] p1a,p1b
|-resisted|p1b: Calyrex
|-damage|p1a: Indeedee|0 fnt
|-damage|p1b: Calyrex|43/100
|faint|p1a: Indeedee
|-ability|p2a: Calyrex|Chilling Neigh|boost
|-boost|p2a: Calyrex|atk|1
|
|-heal|p2a: Calyrex|93/100|[from] item: Leftovers
|-damage|p1b: Calyrex|31/100|[from] Leech Seed|[of] p2a: Calyrex
|-heal|p2a: Calyrex|100/100|[silent]
|upkeep
|
|t:|1750718146
|switch|p1a: Ogerpon|Ogerpon-Cornerstone, L50, F|100/100
|switch|p2b: Raging Bolt|Raging Bolt, L50|100/100
|turn|5
|
|t:|1750718155
|-terastallize|p2a: Calyrex|Fairy
|move|p2b: Raging Bolt|Protect|p2b: Raging Bolt
|-singleturn|p2b: Raging Bolt|Protect
|move|p1a: Ogerpon|Follow Me|p1a: Ogerpon
|-singleturn|p1a: Ogerpon|move: Follow Me
|move|p1b: Calyrex|Glacial Lance|p2a: Calyrex|[spread] p2a
|-activate|p2b: Raging Bolt|move: Protect
|-damage|p2a: Calyrex|67/100
|move|p2a: Calyrex|Glacial Lance|p1b: Calyrex|[spread] p1a,p1b
|-supereffective|p1a: Ogerpon
|-crit|p1a: Ogerpon
|-resisted|p1b: Calyrex
|-ability|p1a: Ogerpon|Sturdy
|-damage|p1a: Ogerpon|1/100
|-damage|p1b: Calyrex|6/100
|
|-heal|p2a: Calyrex|73/100|[from] item: Leftovers
|-damage|p1b: Calyrex|0 fnt|[from] Leech Seed|[of] p2a: Calyrex
|-heal|p2a: Calyrex|79/100|[silent]
|faint|p1b: Calyrex
|-sideend|p1: anfora34|Reflect
|-fieldend|move: Psychic Terrain
|upkeep
|
|t:|1750718159
|switch|p1b: Torkoal|Torkoal, L50, F|100/100
|-weather|SunnyDay|[from] ability: Drought|[of] p1b: Torkoal
|-activate|p2b: Raging Bolt|ability: Protosynthesis
|-start|p2b: Raging Bolt|protosynthesisspa
|turn|6
|inactive|Alexfind has 30 seconds left.
|inactive|Alexfind has 20 seconds left.
|
|t:|1750718195
|-terastallize|p1b: Torkoal|Fire
|move|p1a: Ogerpon|Follow Me|p1a: Ogerpon
|-singleturn|p1a: Ogerpon|move: Follow Me
|move|p2b: Raging Bolt|Thunderclap||[still]
|-fail|p2b: Raging Bolt
|move|p2a: Calyrex|Glacial Lance|p1b: Torkoal|[spread] p1a,p1b
|-supereffective|p1a: Ogerpon
|-resisted|p1b: Torkoal
|-damage|p1a: Ogerpon|0 fnt
|-damage|p1b: Torkoal|51/100
|faint|p1a: Ogerpon
|-ability|p2a: Calyrex|Chilling Neigh|boost
|-boost|p2a: Calyrex|atk|1
|move|p1b: Torkoal|Eruption|p2a: Calyrex|[spread] p2a,p2b
|-resisted|p2b: Raging Bolt
|-damage|p2a: Calyrex|35/100
|-damage|p2b: Raging Bolt|71/100
|
|-weather|SunnyDay|[upkeep]
|-heal|p2a: Calyrex|41/100|[from] item: Leftovers
|upkeep
|turn|7
|c|☆anfora34|ngl
|inactive|anfora34 has 30 seconds left.
|inactive|Alexfind has 30 seconds left.
|inactive|anfora34 has 20 seconds left.
|inactive|anfora34 has 15 seconds left.
|c|☆anfora34|i wasn't expectin you being  faster than me ahah
|
|t:|1750718237
|move|p2b: Raging Bolt|Thunderbolt|p1b: Torkoal
|-damage|p1b: Torkoal|0 fnt
|faint|p1b: Torkoal
|-damage|p2b: Raging Bolt|62/100|[from] item: Life Orb
|
|win|Alexfind
|raw|anfora34's rating: 1371 &rarr; <strong>1350</strong><br />(-21 for losing)
|raw|Alexfind's rating: 1348 &rarr; <strong>1369</strong><br />(+21 for winning)
|c|☆anfora34|gg
|l|☆anfora34
|player|p1|
|l|☆Alexfind
|player|p2|
