|j|☆robstopheruzi
|j|☆klanes1209
|t:|1750752201
|gametype|doubles
|player|p1|robstopheruzi|burglar|1256
|player|p2|klanes1209|170|1221
|teamsize|p1|6
|teamsize|p2|6
|gen|9
|tier|[Gen 9] VGC 2025 Reg I
|rated|
|rule|Species Clause: Limit one of each Pokémon
|rule|Item Clause: Limit 1 of each item
|clearpoke
|poke|p1|Tornadus, L50, M|
|poke|p1|Chien-Pao, L50|
|poke|p1|Kyogre, L50|
|poke|p1|Clodsire, L50, F|
|poke|p1|Roaring Moon, L50|
|poke|p1|Kingambit, L50, M|
|poke|p2|Calyrex-Shadow, L50|
|poke|p2|Zamazenta-*, L50|
|poke|p2|Chien-Pao, L50|
|poke|p2|Rillaboom, L50, F|
|poke|p2|Tornadus, L50, M|
|poke|p2|Smeargle, L50, F|
|teampreview|4
robstopheruzi has agreed to open team sheets.
|inactive|Battle timer is ON: inactive players will automatically lose when time's up. (requested by robstopheruzi)
|
|t:|1750752233
|start
|switch|p1a: Big Tail|Tornadus, L50, M, shiny|100/100
|switch|p1b: Big Teeth|Chien-Pao, L50|100/100
|switch|p2a: Smeargle|Smeargle, L50, F|100/100
|switch|p2b: Zamazenta|Zamazenta-Crowned, L50|100/100
|-ability|p1b: Big Teeth|Sword of Ruin
|-ability|p2b: Zamazenta|Dauntless Shield|boost
|-boost|p2b: Zamazenta|def|1
|turn|1
|inactive|klanes1209 has 30 seconds left.
|
|t:|1750752266
|-terastallize|p1b: Big Teeth|Ghost
|move|p2a: Smeargle|Fake Out|p1b: Big Teeth
|-immune|p1b: Big Teeth
|move|p1b: Big Teeth|Sacred Sword|p2a: Smeargle
|-supereffective|p2a: Smeargle
|-enditem|p2a: Smeargle|Focus Sash
|-damage|p2a: Smeargle|1/100
|move|p2b: Zamazenta|Heavy Slam|p1a: Big Tail
|-damage|p1a: Big Tail|37/100
|move|p1a: Big Tail|Bleakwind Storm|p2b: Zamazenta|[spread] p2a,p2b
|-damage|p2a: Smeargle|0 fnt
|-damage|p2b: Zamazenta|77/100
|faint|p2a: Smeargle
|
|upkeep
|inactive|klanes1209 has 30 seconds left.
|
|t:|1750752292
|switch|p2a: Calyrex|Calyrex-Shadow, L50|100/100
|-ability|p2a: Calyrex|As One
|-ability|p2a: Calyrex|Unnerve
|turn|2
|
|t:|1750752309
|-terastallize|p2a: Calyrex|Dark
|move|p1a: Big Tail|Tailwind|p1a: Big Tail
|-sidestart|p1: robstopheruzi|move: Tailwind
|move|p1b: Big Teeth|Sacred Sword|p2b: Zamazenta
|-supereffective|p2b: Zamazenta
|-damage|p2b: Zamazenta|32/100
|move|p2a: Calyrex|Nasty Plot|p2a: Calyrex
|-boost|p2a: Calyrex|spa|2
|move|p2b: Zamazenta|Heavy Slam|p1b: Big Teeth
|-damage|p1b: Big Teeth|34/100
|
|upkeep
|turn|3
|
|t:|1750752327
|move|p2b: Zamazenta|Protect|p2b: Zamazenta
|-singleturn|p2b: Zamazenta|Protect
|move|p1b: Big Teeth|Sacred Sword|p2a: Calyrex
|-supereffective|p2a: Calyrex
|-damage|p2a: Calyrex|8/100
|move|p1a: Big Tail|Bleakwind Storm|p2b: Zamazenta|[spread] 
|-activate|p2b: Zamazenta|move: Protect
|-miss|p1a: Big Tail|p2a: Calyrex
|move|p2a: Calyrex|Astral Barrage|p1a: Big Tail|[spread] p1a,p1b
|-supereffective|p1b: Big Teeth
|-damage|p1a: Big Tail|0 fnt
|-damage|p1b: Big Teeth|0 fnt
|faint|p1a: Big Tail
|faint|p1b: Big Teeth
|-ability|p2a: Calyrex|Grim Neigh|boost
|-boost|p2a: Calyrex|spa|2
|
|upkeep
|
|t:|1750752339
|switch|p1b: Big Hair|Kingambit, L50, M|100/100
|switch|p1a: Big Fish|Kyogre, L50|100/100
|-weather|RainDance|[from] ability: Drizzle|[of] p1a: Big Fish
|turn|4
|inactive|klanes1209 has 30 seconds left.
|
|t:|1750752368
|move|p2b: Zamazenta|Wide Guard|p2b: Zamazenta
|-singleturn|p2b: Zamazenta|Wide Guard
|move|p1b: Big Hair|Sucker Punch||[still]
|-fail|p1b: Big Hair
|move|p1a: Big Fish|Water Spout|p2a: Calyrex|[spread] 
|-activate|p2a: Calyrex|move: Wide Guard
|-activate|p2b: Zamazenta|move: Wide Guard
|move|p2a: Calyrex|Nasty Plot|p2a: Calyrex
|-boost|p2a: Calyrex|spa|2
|
|-weather|RainDance|[upkeep]
|upkeep
|turn|5
|inactive|robstopheruzi has 30 seconds left.
|
|t:|1750752394
|switch|p2b: Rillaboom|Rillaboom, L50, F|100/100
|-fieldstart|move: Grassy Terrain|[from] ability: Grassy Surge|[of] p2b: Rillaboom
|move|p2a: Calyrex|Protect|p2a: Calyrex
|-singleturn|p2a: Calyrex|Protect
|move|p1b: Big Hair|Sucker Punch||[still]
|-fail|p1b: Big Hair
|move|p1a: Big Fish|Thunder|p2b: Rillaboom
|-resisted|p2b: Rillaboom
|-damage|p2b: Rillaboom|83/100
|
|-weather|RainDance|[upkeep]
|-heal|p2a: Calyrex|14/100|[from] Grassy Terrain
|-heal|p2b: Rillaboom|89/100|[from] Grassy Terrain
|-sideend|p1: robstopheruzi|move: Tailwind
|upkeep
|turn|6
|
|t:|1750752411
|move|p1a: Big Fish|Protect|p1a: Big Fish
|-singleturn|p1a: Big Fish|Protect
|move|p2b: Rillaboom|Fake Out|p1b: Big Hair
|-resisted|p1b: Big Hair
|-crit|p1b: Big Hair
|-damage|p1b: Big Hair|93/100
|cant|p1b: Big Hair|flinch
|move|p2a: Calyrex|Astral Barrage|p1b: Big Hair|[spread] p1b
|-activate|p1a: Big Fish|move: Protect
|-resisted|p1b: Big Hair
|-damage|p1b: Big Hair|12/100
|
|-weather|RainDance|[upkeep]
|-heal|p2a: Calyrex|20/100|[from] Grassy Terrain
|-heal|p2b: Rillaboom|95/100|[from] Grassy Terrain
|-heal|p1b: Big Hair|18/100|[from] Grassy Terrain
|upkeep
|turn|7
|
|t:|1750752430
|move|p2a: Calyrex|Protect|p2a: Calyrex
|-singleturn|p2a: Calyrex|Protect
|move|p2b: Rillaboom|Grassy Glide|p1b: Big Hair
|-resisted|p1b: Big Hair
|-damage|p1b: Big Hair|3/100
|move|p1b: Big Hair|Sucker Punch||[still]
|-fail|p1b: Big Hair
|move|p1a: Big Fish|Water Spout|p2b: Rillaboom|[spread] p2b
|-activate|p2a: Calyrex|move: Protect
|-resisted|p2b: Rillaboom
|-damage|p2b: Rillaboom|49/100
|
|-weather|RainDance|[upkeep]
|-heal|p2a: Calyrex|26/100|[from] Grassy Terrain
|-heal|p2b: Rillaboom|55/100|[from] Grassy Terrain
|-heal|p1b: Big Hair|9/100|[from] Grassy Terrain
|upkeep
|turn|8
|inactive|klanes1209 has 30 seconds left.
|
|t:|1750752459
|move|p2b: Rillaboom|Grassy Glide|p1b: Big Hair
|-resisted|p1b: Big Hair
|-damage|p1b: Big Hair|0 fnt
|faint|p1b: Big Hair
|move|p2a: Calyrex|Astral Barrage|p1a: Big Fish
|-damage|p1a: Big Fish|0 fnt
|faint|p1a: Big Fish
|
|win|klanes1209
|raw|robstopheruzi's rating: 1256 &rarr; <strong>1228</strong><br />(-28 for losing)
|raw|klanes1209's rating: 1221 &rarr; <strong>1249</strong><br />(+28 for winning)
|l|☆robstopheruzi
|player|p1|
