|j|☆klajerino
|j|☆leguilleretsmogogo
|t:|1750776167
|gametype|doubles
|player|p1|klajerino|youngster-gen4dp|1111
|player|p2|leguilleretsmogogo|brendan-gen3|1109
|teamsize|p1|6
|teamsize|p2|6
|gen|9
|tier|[Gen 9] VGC 2025 Reg I
|rated|
|rule|Species Clause: Limit one of each Pokémon
|rule|Item Clause: Limit 1 of each item
|clearpoke
|poke|p1|Rillaboom, L50, F|
|poke|p1|Calyrex-Shadow, L50|
|poke|p1|Zamazenta-*, L50|
|poke|p1|Incineroar, L50, F|
|poke|p1|Raging Bolt, L50|
|poke|p1|Ogerpon-Hearthflame, L50, F|
|poke|p2|Charizard, L50, M|
|poke|p2|Krookodile, L50, M|
|poke|p2|Weezing, L50, F|
|poke|p2|Koraidon, L50|
|poke|p2|Whimsicott, L50, M|
|poke|p2|Walking Wake, L50|
|teampreview|4
|inactive|Battle timer is ON: inactive players will automatically lose when time's up. (requested by leguilleretsmogogo)
|inactive|leguilleretsmogogo has 60 seconds left.
|inactive|klajerino has 60 seconds left.
|
|t:|1750776207
|start
|switch|p1a: Calyrex|Calyrex-Shadow, L50|100/100
|switch|p1b: Incineroar|Incineroar, L50, F|100/100
|switch|p2a: Whimsicott|Whimsicott, L50, M|100/100
|switch|p2b: Killer Croc|Krookodile, L50, M|100/100
|-ability|p1a: Calyrex|As One
|-ability|p1a: Calyrex|Unnerve
|-ability|p1b: Incineroar|Intimidate|boost
|-unboost|p2a: Whimsicott|atk|1
|-unboost|p2b: Killer Croc|atk|1
|turn|1
|inactive|klajerino has 30 seconds left.
|
|t:|1750776233
|-terastallize|p2b: Killer Croc|Ghost
|move|p1b: Incineroar|Fake Out|p2b: Killer Croc
|-immune|p2b: Killer Croc
|move|p2a: Whimsicott|Tailwind|p2a: Whimsicott
|-sidestart|p2: leguilleretsmogogo|move: Tailwind
|move|p2b: Killer Croc|Knock Off|p1a: Calyrex
|-supereffective|p1a: Calyrex
|-damage|p1a: Calyrex|0 fnt
|-enditem|p1a: Calyrex|Life Orb|[from] move: Knock Off|[of] p2b: Killer Croc
|faint|p1a: Calyrex
|-ability|p2b: Killer Croc|Moxie|boost
|-boost|p2b: Killer Croc|atk|1
|
|upkeep
|
|t:|1750776245
|switch|p1a: Raging Bolt|Raging Bolt, L50|100/100
|-enditem|p1a: Raging Bolt|Booster Energy
|-activate|p1a: Raging Bolt|ability: Protosynthesis|[fromitem]
|-start|p1a: Raging Bolt|protosynthesisspa
|turn|2
|
|t:|1750776270
|move|p1a: Raging Bolt|Protect|p1a: Raging Bolt
|-singleturn|p1a: Raging Bolt|Protect
|move|p2b: Killer Croc|Knock Off|p1a: Raging Bolt
|-activate|p1a: Raging Bolt|move: Protect
|move|p2a: Whimsicott|Moonblast|p1a: Raging Bolt
|-activate|p1a: Raging Bolt|move: Protect
|move|p1b: Incineroar|Knock Off|p2b: Killer Croc
|-supereffective|p2b: Killer Croc
|-damage|p2b: Killer Croc|0 fnt
|-enditem|p2b: Killer Croc|Choice Band|[from] move: Knock Off|[of] p1b: Incineroar
|faint|p2b: Killer Croc
|
|upkeep
|
|t:|1750776283
|switch|p2b: Koraidon|Koraidon, L50|100/100
|-weather|SunnyDay|[from] ability: Orichalcum Pulse|[of] p2b: Koraidon
|-activate|p2b: Koraidon|Orichalcum Pulse|[source]
|turn|3
|
|t:|1750776301
|move|p1b: Incineroar|Helping Hand|p1a: Raging Bolt
|-singleturn|p1a: Raging Bolt|Helping Hand|[of] p1b: Incineroar
|move|p2b: Koraidon|Protect|p2b: Koraidon
|-singleturn|p2b: Koraidon|Protect
|move|p2a: Whimsicott|Encore|p1a: Raging Bolt
|-start|p1a: Raging Bolt|Encore
|move|p1a: Raging Bolt|Protect||[still]
|-fail|p1a: Raging Bolt
|
|-weather|SunnyDay|[upkeep]
|upkeep
|turn|4
|
|t:|1750776315
|move|p1a: Raging Bolt|Protect|p1a: Raging Bolt
|-singleturn|p1a: Raging Bolt|Protect
|move|p2b: Koraidon|Collision Course|p1b: Incineroar
|-supereffective|p1b: Incineroar
|-damage|p1b: Incineroar|0 fnt
|-damage|p2b: Koraidon|84/100|[from] item: Rocky Helmet|[of] p1b: Incineroar
|faint|p1b: Incineroar
|move|p2a: Whimsicott|Moonblast|p1a: Raging Bolt
|-activate|p1a: Raging Bolt|move: Protect
|
|-weather|SunnyDay|[upkeep]
|-sideend|p2: leguilleretsmogogo|move: Tailwind
|upkeep
|
|t:|1750776320
|switch|p1b: Zamazenta|Zamazenta-Crowned, L50|100/100
|-ability|p1b: Zamazenta|Dauntless Shield|boost
|-boost|p1b: Zamazenta|def|1
|turn|5
|
|t:|1750776335
|-terastallize|p1b: Zamazenta|Water
|move|p1a: Raging Bolt|Protect|p1a: Raging Bolt
|-singleturn|p1a: Raging Bolt|Protect
|move|p2a: Whimsicott|Tailwind|p2a: Whimsicott
|-sidestart|p2: leguilleretsmogogo|move: Tailwind
|move|p2b: Koraidon|Collision Course|p1b: Zamazenta
|-damage|p1b: Zamazenta|70/100
|move|p1b: Zamazenta|Body Press|p2b: Koraidon
|-damage|p2b: Koraidon|26/100
|
|-weather|SunnyDay|[upkeep]
|-end|p1a: Raging Bolt|Encore
|upkeep
|turn|6
|inactive|klajerino has 30 seconds left.
|inactive|leguilleretsmogogo has 30 seconds left.
|
|t:|1750776363
|move|p2a: Whimsicott|Encore|p1a: Raging Bolt
|-start|p1a: Raging Bolt|Encore
|move|p1a: Raging Bolt|Protect||[still]
|-fail|p1a: Raging Bolt
|move|p2b: Koraidon|Collision Course|p1b: Zamazenta
|-damage|p1b: Zamazenta|43/100
|move|p1b: Zamazenta|Body Press|p2a: Whimsicott
|-resisted|p2a: Whimsicott
|-damage|p2a: Whimsicott|75/100
|
|-weather|SunnyDay|[upkeep]
|upkeep
|turn|7
|
|t:|1750776378
|move|p1a: Raging Bolt|Protect|p1a: Raging Bolt
|-singleturn|p1a: Raging Bolt|Protect
|move|p2b: Koraidon|Collision Course|p1b: Zamazenta
|-damage|p1b: Zamazenta|14/100
|move|p2a: Whimsicott|Moonblast|p1b: Zamazenta
|-damage|p1b: Zamazenta|0 fnt
|faint|p1b: Zamazenta
|
|-weather|none
|upkeep
|turn|8
|
|t:|1750776396
|move|p1a: Raging Bolt|Protect||[still]
|-fail|p1a: Raging Bolt
|move|p2a: Whimsicott|Sunny Day|p2a: Whimsicott
|-weather|SunnyDay
|move|p2b: Koraidon|Collision Course|p1a: Raging Bolt
|-crit|p1a: Raging Bolt
|-damage|p1a: Raging Bolt|13/100
|
|-weather|SunnyDay|[upkeep]
|-end|p1a: Raging Bolt|Encore
|-sideend|p2: leguilleretsmogogo|move: Tailwind
|upkeep
|turn|9
|
|t:|1750776408
|move|p2b: Koraidon|Protect|p2b: Koraidon
|-singleturn|p2b: Koraidon|Protect
|move|p2a: Whimsicott|Encore|p1a: Raging Bolt
|-start|p1a: Raging Bolt|Encore
|move|p1a: Raging Bolt|Protect||[still]
|-fail|p1a: Raging Bolt
|
|-weather|SunnyDay|[upkeep]
|upkeep
|turn|10
|-message|klajerino forfeited.
|
|win|leguilleretsmogogo
|raw|klajerino's rating: 1111 &rarr; <strong>1086</strong><br />(-25 for losing)
|raw|leguilleretsmogogo's rating: 1109 &rarr; <strong>1134</strong><br />(+25 for winning)
|l|☆klajerino
|player|p1|
|l|☆leguilleretsmogogo
|player|p2|
