|j|☆Maaaaple
|j|☆ogBLANK
|t:|1750774991
|gametype|doubles
|player|p1|Maaaaple|170|1235
|player|p2|ogBLANK|unknown|1213
|teamsize|p1|6
|teamsize|p2|6
|gen|9
|tier|[Gen 9] VGC 2025 Reg I
|rated|
|rule|Species Clause: Limit one of each Pokémon
|rule|Item Clause: Limit 1 of each item
|clearpoke
|poke|p1|Whimsicott, L50, F|
|poke|p1|Calyrex-Shadow, L50|
|poke|p1|Miraidon, L50|
|poke|p1|Incineroar, L50, M|
|poke|p1|Iron Hands, L50|
|poke|p1|Chi-Yu, L50|
|poke|p2|Miraidon, L50|
|poke|p2|Thundurus-Therian, L50, M|
|poke|p2|Groudon, L50|
|poke|p2|Whimsicott, L50, F|
|poke|p2|Incineroar, L50, M|
|poke|p2|Farigiraf, L50, M|
|teampreview|4
|
|t:|1750775018
|start
|switch|p1a: Whimsicott|Whimsicott, L50, F, shiny|100/100
|switch|p1b: Miraidon|Miraidon, L50|100/100
|switch|p2a: Thundurus|Thundurus-Therian, L50, M|100/100
|switch|p2b: Farigiraf|Farigiraf, L50, M|100/100
|-fieldstart|move: Electric Terrain|[from] ability: Hadron Engine|[of] p1b: Miraidon
|-enditem|p2b: Farigiraf|Electric Seed
|-boost|p2b: Farigiraf|def|1|[from] item: Electric Seed
|turn|1
|inactive|Battle timer is ON: inactive players will automatically lose when time's up. (requested by ogBLANK)
|inactive|Maaaaple has 60 seconds left.
|
|t:|1750775053
|move|p2b: Farigiraf|Helping Hand|p2a: Thundurus
|-singleturn|p2a: Thundurus|Helping Hand|[of] p2b: Farigiraf
|move|p1a: Whimsicott|Tailwind|p1a: Whimsicott
|-sidestart|p1: Maaaaple|move: Tailwind
|move|p1b: Miraidon|Draco Meteor|p2a: Thundurus
|-damage|p2a: Thundurus|0 fnt
|-unboost|p1b: Miraidon|spa|2
|faint|p2a: Thundurus
|
|upkeep
|
|t:|1750775066
|switch|p2a: Miraidon|Miraidon, L50|100/100
|-activate|p2a: Miraidon|ability: Hadron Engine
|turn|2
|
|t:|1750775084
|switch|p1b: Incineroar|Incineroar, L50, M|100/100
|-ability|p1b: Incineroar|Intimidate|boost
|-unboost|p2a: Miraidon|atk|1
|-unboost|p2b: Farigiraf|atk|1
|switch|p2b: Groudon|Groudon, L50|100/100
|-weather|SunnyDay|[from] ability: Drought|[of] p2b: Groudon
|move|p1a: Whimsicott|Moonblast|p2a: Miraidon
|-supereffective|p2a: Miraidon
|-damage|p2a: Miraidon|67/100
|move|p2a: Miraidon|Electro Drift|p1b: Incineroar
|-damage|p1b: Incineroar|23/100
|-damage|p2a: Miraidon|51/100|[from] item: Rocky Helmet|[of] p1b: Incineroar
|
|-weather|SunnyDay|[upkeep]
|upkeep
|turn|3
|
|t:|1750775109
|-terastallize|p2a: Miraidon|Fire
|move|p1a: Whimsicott|Moonblast|p2a: Miraidon
|-resisted|p2a: Miraidon
|-damage|p2a: Miraidon|42/100
|-unboost|p2a: Miraidon|spa|1
|move|p1b: Incineroar|Knock Off|p2a: Miraidon
|-damage|p2a: Miraidon|2/100
|-enditem|p2a: Miraidon|Assault Vest|[from] move: Knock Off|[of] p1b: Incineroar
|move|p2a: Miraidon|Parabolic Charge|p1b: Incineroar|[spread] p1a,p1b
|-immune|p2b: Groudon
|-resisted|p1a: Whimsicott
|-damage|p1a: Whimsicott|78/100
|-heal|p2a: Miraidon|12/100|[from] drain|[of] p1a: Whimsicott
|-damage|p1b: Incineroar|0 fnt
|-heal|p2a: Miraidon|24/100|[from] drain|[of] p1b: Incineroar
|faint|p1b: Incineroar
|move|p2b: Groudon|Heat Crash|p1a: Whimsicott
|-supereffective|p1a: Whimsicott
|-crit|p1a: Whimsicott
|-damage|p1a: Whimsicott|0 fnt
|faint|p1a: Whimsicott
|
|-weather|SunnyDay|[upkeep]
|upkeep
|
|t:|1750775129
|switch|p1a: Calyrex|Calyrex-Shadow, L50|100/100
|switch|p1b: Miraidon|Miraidon, L50|100/100
|-ability|p1a: Calyrex|As One
|-ability|p1a: Calyrex|Unnerve
|-activate|p1b: Miraidon|ability: Hadron Engine
|turn|4
|
|t:|1750775141
|switch|p2a: Farigiraf|Farigiraf, L50, M|100/100
|-terastallize|p1b: Miraidon|Fairy
|move|p1a: Calyrex|Astral Barrage|p2b: Groudon|[spread] p2b
|-immune|p2a: Farigiraf
|-damage|p2b: Groudon|48/100
|move|p1b: Miraidon|Dazzling Gleam|p2a: Farigiraf|[spread] p2a,p2b
|-damage|p2a: Farigiraf|53/100
|-damage|p2b: Groudon|0 fnt
|faint|p2b: Groudon
|
|-weather|SunnyDay|[upkeep]
|-sideend|p1: Maaaaple|move: Tailwind
|upkeep
|
|t:|1750775164
|switch|p2b: Miraidon|Miraidon, L50, tera:Fire|24/100
|-activate|p2b: Miraidon|ability: Hadron Engine
|turn|5
|
|t:|1750775176
|move|p1a: Calyrex|Astral Barrage|p2a: Farigiraf|[spread] p2b
|-immune|p2a: Farigiraf
|-damage|p2b: Miraidon|0 fnt
|faint|p2b: Miraidon
|-ability|p1a: Calyrex|Grim Neigh|boost
|-boost|p1a: Calyrex|spa|1
|move|p1b: Miraidon|Dazzling Gleam|p2a: Farigiraf
|-damage|p2a: Farigiraf|0 fnt
|faint|p2a: Farigiraf
|
|win|Maaaaple
|raw|Maaaaple's rating: 1235 &rarr; <strong>1258</strong><br />(+23 for winning)
|raw|ogBLANK's rating: 1213 &rarr; <strong>1190</strong><br />(-23 for losing)
|l|☆Maaaaple
|player|p1|
