|j|☆antohneo
|j|☆Megaman087
|t:|1750739779
|gametype|doubles
|player|p1|antohneo|nobunaga-conquest|1326
|player|p2|Megaman087|lucas|1405
|teamsize|p1|6
|teamsize|p2|6
|gen|9
|tier|[Gen 9] VGC 2025 Reg I
|rated|
|rule|Species Clause: Limit one of each Pokémon
|rule|Item Clause: Limit 1 of each item
|clearpoke
|poke|p1|Koraidon, L50|
|poke|p1|Calyrex-Shadow, L50|
|poke|p1|Weezing-Galar, L50, M|
|poke|p1|Walking Wake, L50|
|poke|p1|Chi-Yu, L50|
|poke|p1|Brute Bonnet, L50|
|poke|p2|Eternatus, L50|
|poke|p2|Grimmsnarl, L50, M|
|poke|p2|Wo-Chien, L50|
|poke|p2|Qwilfish-Hisui, L50, M|
|poke|p2|Cresselia, L50, F|
|poke|p2|Dialga-Origin, L50|
|teampreview|4
|inactive|Battle timer is ON: inactive players will automatically lose when time's up. (requested by antohneo)
|
|t:|1750739803
|start
|switch|p1a: Koraidon|Koraidon, L50|100/100
|switch|p1b: Weezing|Weezing-Galar, L50, M|100/100
|switch|p2a: Grimmsnarl|Grimmsnarl, L50, M|100/100
|switch|p2b: Wo-Chien|Wo-Chien, L50|100/100
|-ability|p1b: Weezing|Neutralizing Gas
|-block|p1a: Koraidon|item: Ability Shield
|-weather|SunnyDay|[from] ability: Orichalcum Pulse|[of] p1a: Koraidon
|-activate|p1a: Koraidon|Orichalcum Pulse|[source]
|turn|1
|inactive|Megaman087 has 30 seconds left.
|inactive|Megaman087 has 20 seconds left.
|inactive|Megaman087 has 15 seconds left.
|
|t:|1750739844
|-terastallize|p2b: Wo-Chien|Poison
|move|p1a: Koraidon|Flare Blitz|p2a: Grimmsnarl
|-damage|p2a: Grimmsnarl|27/100
|-damage|p1a: Koraidon|72/100|[from] Recoil
|move|p2b: Wo-Chien|Ingrain|p2b: Wo-Chien
|-start|p2b: Wo-Chien|move: Ingrain
|move|p1b: Weezing|Strange Steam|p2a: Grimmsnarl
|-supereffective|p2a: Grimmsnarl
|-damage|p2a: Grimmsnarl|0 fnt
|faint|p2a: Grimmsnarl
|
|-weather|SunnyDay|[upkeep]
|upkeep
|inactive|Megaman087 has 30 seconds left.
|
|t:|1750739869
|switch|p2a: Eternatus|Eternatus, L50|100/100
|turn|2
|inactive|antohneo has 30 seconds left.
|
|t:|1750739902
|switch|p1a: Chi-Yu|Chi-Yu, L50|100/100
|move|p2a: Eternatus|Cosmic Power|p2a: Eternatus
|-boost|p2a: Eternatus|def|1
|-boost|p2a: Eternatus|spd|1
|move|p2b: Wo-Chien|Leech Seed|p1a: Chi-Yu
|-start|p1a: Chi-Yu|move: Leech Seed
|move|p1b: Weezing|Taunt|p2b: Wo-Chien
|-start|p2b: Wo-Chien|move: Taunt
|
|-weather|SunnyDay|[upkeep]
|-damage|p1a: Chi-Yu|88/100|[from] Leech Seed|[of] p2b: Wo-Chien
|upkeep
|turn|3
|inactive|antohneo has 30 seconds left.
|inactive|Megaman087 has 30 seconds left.
|
|t:|1750739935
|switch|p1a: Calyrex|Calyrex-Shadow, L50|100/100
|-ability|p1a: Calyrex|As One
|-ability|p1a: Calyrex|Unnerve
|-end|p1b: Weezing|ability: Neutralizing Gas
|-ability|p2a: Eternatus|Pressure
|-ability|p2b: Wo-Chien|Tablets of Ruin
|switch|p1b: Koraidon|Koraidon, L50|72/100
|-activate|p1b: Koraidon|ability: Orichalcum Pulse
|move|p2a: Eternatus|Cosmic Power|p2a: Eternatus
|-boost|p2a: Eternatus|def|1
|-boost|p2a: Eternatus|spd|1
|move|p2b: Wo-Chien|Pollen Puff|p1a: Calyrex
|-damage|p1a: Calyrex|81/100
|
|-weather|SunnyDay|[upkeep]
|upkeep
|turn|4
|l|☆Megaman087
|inactive|Megaman087 disconnected and has a minute to reconnect!
|player|p2|
|inactive|Megaman087 has 30 seconds left.
|j|☆Megaman087
|inactive|Megaman087 reconnected and has 25 seconds left.
|player|p2|Megaman087|lucas|
|inactive|Megaman087 has 20 seconds left.
|inactive|Megaman087 has 15 seconds left.
|
|t:|1750739975
|move|p1a: Calyrex|Encore|p2a: Eternatus
|-start|p2a: Eternatus|Encore
|move|p1b: Koraidon|Flare Blitz|p2b: Wo-Chien
|-damage|p2b: Wo-Chien|55/100
|-status|p2b: Wo-Chien|brn
|-damage|p1b: Koraidon|56/100|[from] Recoil
|move|p2a: Eternatus|Cosmic Power|p2a: Eternatus
|-boost|p2a: Eternatus|def|1
|-boost|p2a: Eternatus|spd|1
|move|p2b: Wo-Chien|Pollen Puff|p2a: Eternatus
|
|-weather|SunnyDay|[upkeep]
|-heal|p2b: Wo-Chien|61/100 brn|[from] item: Leftovers
|-heal|p2b: Wo-Chien|67/100 brn|[from] Ingrain
|-damage|p2b: Wo-Chien|61/100 brn|[from] brn
|upkeep
|turn|5
|
|t:|1750739994
|switch|p1a: Weezing|Weezing-Galar, L50, M|100/100
|-ability|p1a: Weezing|Neutralizing Gas
|-block|p1b: Koraidon|item: Ability Shield
|move|p1b: Koraidon|Flare Blitz|p2b: Wo-Chien
|-damage|p2b: Wo-Chien|6/100 brn
|-damage|p1b: Koraidon|36/100|[from] Recoil
|move|p2a: Eternatus|Cosmic Power|p2a: Eternatus
|-boost|p2a: Eternatus|def|1
|-boost|p2a: Eternatus|spd|1
|move|p2b: Wo-Chien|Pollen Puff|p1a: Weezing
|-resisted|p1a: Weezing
|-damage|p1a: Weezing|94/100
|
|-weather|none
|-heal|p2b: Wo-Chien|12/100 brn|[from] item: Leftovers
|-heal|p2b: Wo-Chien|19/100 brn|[from] Ingrain
|-damage|p2b: Wo-Chien|12/100 brn|[from] brn
|-end|p2b: Wo-Chien|move: Taunt
|upkeep
|turn|6
|inactive|Megaman087 has 30 seconds left.
|
|t:|1750740019
|-end|p1a: Weezing|ability: Neutralizing Gas
|-ability|p2a: Eternatus|Pressure
|-ability|p2b: Wo-Chien|Tablets of Ruin
|switch|p1a: Calyrex|Calyrex-Shadow, L50|81/100
|-ability|p1a: Calyrex|As One
|-ability|p1a: Calyrex|Unnerve
|move|p2b: Wo-Chien|Protect|p2b: Wo-Chien
|-singleturn|p2b: Wo-Chien|Protect
|move|p1b: Koraidon|Flare Blitz|p2b: Wo-Chien
|-activate|p2b: Wo-Chien|move: Protect
|move|p2a: Eternatus|Cosmic Power|p2a: Eternatus
|-boost|p2a: Eternatus|def|1
|-boost|p2a: Eternatus|spd|1
|
|-heal|p2b: Wo-Chien|19/100 brn|[from] item: Leftovers
|-heal|p2b: Wo-Chien|25/100 brn|[from] Ingrain
|-damage|p2b: Wo-Chien|19/100 brn|[from] brn
|-end|p2a: Eternatus|Encore
|upkeep
|turn|7
|
|t:|1750740034
|move|p1a: Calyrex|Encore|p2a: Eternatus
|-start|p2a: Eternatus|Encore
|move|p1b: Koraidon|Flare Blitz|p2b: Wo-Chien
|-damage|p2b: Wo-Chien|0 fnt
|faint|p2b: Wo-Chien
|-damage|p1b: Koraidon|29/100|[from] Recoil
|move|p2a: Eternatus|Cosmic Power|p2a: Eternatus
|-boost|p2a: Eternatus|def|1
|-boost|p2a: Eternatus|spd|1
|
|upkeep
|
|t:|1750740039
|switch|p2b: Dialga|Dialga-Origin, L50|100/100
|-ability|p2b: Dialga|Pressure
|turn|8
|
|t:|1750740060
|move|p1a: Calyrex|Protect|p1a: Calyrex
|-singleturn|p1a: Calyrex|Protect
|move|p1b: Koraidon|Close Combat|p2b: Dialga
|-supereffective|p2b: Dialga
|-damage|p2b: Dialga|12/100
|-unboost|p1b: Koraidon|def|1
|-unboost|p1b: Koraidon|spd|1
|move|p2a: Eternatus|Cosmic Power|p2a: Eternatus
|-boost|p2a: Eternatus|def|0
|-boost|p2a: Eternatus|spd|0
|move|p2b: Dialga|Psych Up|p2a: Eternatus
|-copyboost|p2b: Dialga|p2a: Eternatus|[from] move: Psych Up
|
|upkeep
|turn|9
|
|t:|1750740084
|switch|p1b: Chi-Yu|Chi-Yu, L50|88/100
|-ability|p1b: Chi-Yu|Beads of Ruin
|-terastallize|p1a: Calyrex|Ghost
|move|p2b: Dialga|Protect|p2b: Dialga
|-singleturn|p2b: Dialga|Protect
|move|p1a: Calyrex|Astral Barrage|p2b: Dialga|[spread] p2a
|-activate|p2b: Dialga|move: Protect
|-damage|p2a: Eternatus|86/100
|move|p2a: Eternatus|Cosmic Power|p2a: Eternatus
|-boost|p2a: Eternatus|def|0
|-boost|p2a: Eternatus|spd|0
|
|-end|p2a: Eternatus|Encore
|upkeep
|turn|10
|inactive|antohneo has 30 seconds left.
|inactive|Megaman087 has 30 seconds left.
|inactive|antohneo has 20 seconds left.
|
|t:|1750740122
|move|p1b: Chi-Yu|Ruination|p2a: Eternatus
|-damage|p2a: Eternatus|43/100
|move|p1a: Calyrex|Astral Barrage|p2b: Dialga|[spread] p2a,p2b
|-crit|p2a: Eternatus
|-damage|p2a: Eternatus|0 fnt
|-damage|p2b: Dialga|0 fnt
|faint|p2a: Eternatus
|faint|p2b: Dialga
|
|win|antohneo
|raw|antohneo's rating: 1326 &rarr; <strong>1350</strong><br />(+24 for winning)
|raw|Megaman087's rating: 1405 &rarr; <strong>1381</strong><br />(-24 for losing)
|l|☆Megaman087
|player|p2|
|l|☆antohneo
|player|p1|
