|j|☆Test-on-calls
|j|☆dax92
|t:|1750873165
|gametype|doubles
|player|p1|Test-on-calls|266|1439
|player|p2|dax92|blue|1415
|teamsize|p1|6
|teamsize|p2|6
|gen|9
|tier|[Gen 9] VGC 2025 Reg I
|rated|
|rule|Species Clause: Limit one of each Pokémon
|rule|Item Clause: Limit 1 of each item
|clearpoke
|poke|p1|Grimmsnarl, L50, M|
|poke|p1|Giratina-Origin, L50|
|poke|p1|Zamazenta-*, L50|
|poke|p1|Chien-Pao, L50|
|poke|p1|Annihilape, L50, F|
|poke|p1|Iron Valiant, L50|
|poke|p2|Tornadus, L50, M|
|poke|p2|Ceruledge, L50, M|
|poke|p2|Zacian-*, L50|
|poke|p2|Kyogre, L50|
|poke|p2|Incineroar, L50, M|
|poke|p2|Grimmsnarl, L50, M|
|teampreview|4
|j| coolio2001
|inactive|Battle timer is ON: inactive players will automatically lose when time's up. (requested by Test-on-calls)
|
|t:|1750873194
|start
|switch|p1a: Giratina|Giratina-Origin, L50, shiny|100/100
|switch|p1b: Chien-Pao|Chien-Pao, L50|100/100
|switch|p2a: Grimmsnarl|Grimmsnarl, L50, M|100/100
|switch|p2b: Ceruledge|Ceruledge, L50, M|100/100
|-ability|p1b: Chien-Pao|Sword of Ruin
|turn|1
|
|t:|1750873215
|move|p2b: Ceruledge|Protect|p2b: Ceruledge
|-singleturn|p2b: Ceruledge|Protect
|move|p1b: Chien-Pao|Sacred Sword|p2b: Ceruledge
|-activate|p2b: Ceruledge|move: Protect
|move|p1a: Giratina|Poltergeist|p2b: Ceruledge
|-activate|p2b: Ceruledge|move: Protect
|move|p2a: Grimmsnarl|Spirit Break|p1a: Giratina
|-supereffective|p1a: Giratina
|-damage|p1a: Giratina|39/100
|-unboost|p1a: Giratina|spa|1
|
|upkeep
|turn|2
|
|t:|1750873233
|move|p1a: Giratina|Protect|p1a: Giratina
|-singleturn|p1a: Giratina|Protect
|move|p1b: Chien-Pao|Sucker Punch|p2b: Ceruledge
|-supereffective|p2b: Ceruledge
|-damage|p2b: Ceruledge|0 fnt
|faint|p2b: Ceruledge
|move|p2a: Grimmsnarl|Reflect|p2a: Grimmsnarl
|-sidestart|p2: dax92|Reflect
|
|upkeep
|
|t:|1750873247
|switch|p2b: Kyogre|Kyogre, L50|100/100
|-weather|RainDance|[from] ability: Drizzle|[of] p2b: Kyogre
|turn|3
|
|t:|1750873271
|move|p2b: Kyogre|Protect|p2b: Kyogre
|-singleturn|p2b: Kyogre|Protect
|move|p1b: Chien-Pao|Sucker Punch||[still]
|-fail|p1b: Chien-Pao
|move|p1a: Giratina|Shadow Sneak|p2b: Kyogre
|-activate|p2b: Kyogre|move: Protect
|move|p2a: Grimmsnarl|Thunder Wave|p1b: Chien-Pao
|-hint|Since gen 7, Dark is immune to Prankster moves.
|-immune|p1b: Chien-Pao
|
|-weather|RainDance|[upkeep]
|upkeep
|turn|4
|
|t:|1750873291
|switch|p2b: Zacian|Zacian-Crowned, L50|100/100
|-ability|p2b: Zacian|Intrepid Sword|boost
|-boost|p2b: Zacian|atk|1
|move|p1a: Giratina|Protect|p1a: Giratina
|-singleturn|p1a: Giratina|Protect
|move|p1b: Chien-Pao|Ice Spinner|p2a: Grimmsnarl
|-damage|p2a: Grimmsnarl|61/100
|move|p2a: Grimmsnarl|Spirit Break|p1b: Chien-Pao
|-supereffective|p1b: Chien-Pao
|-damage|p1b: Chien-Pao|11/100
|-unboost|p1b: Chien-Pao|spa|1
|
|-weather|RainDance|[upkeep]
|upkeep
|turn|5
|
|t:|1750873312
|move|p1b: Chien-Pao|Protect|p1b: Chien-Pao
|-singleturn|p1b: Chien-Pao|Protect
|move|p2a: Grimmsnarl|Thunder Wave|p1a: Giratina
|-status|p1a: Giratina|par
|move|p2b: Zacian|Behemoth Blade|p1b: Chien-Pao
|-activate|p1b: Chien-Pao|move: Protect
|move|p1a: Giratina|Poltergeist|p2b: Zacian
|-activate|p2b: Zacian|move: Poltergeist|Rusted Sword
|-damage|p2b: Zacian|43/100
|
|-weather|RainDance|[upkeep]
|upkeep
|turn|6
|
|t:|1750873334
|move|p2b: Zacian|Behemoth Blade|p1a: Giratina
|-crit|p1a: Giratina
|-damage|p1a: Giratina|0 fnt
|faint|p1a: Giratina
|move|p1b: Chien-Pao|Ice Spinner|p2a: Grimmsnarl
|-damage|p2a: Grimmsnarl|27/100
|move|p2a: Grimmsnarl|Spirit Break|p1b: Chien-Pao
|-supereffective|p1b: Chien-Pao
|-damage|p1b: Chien-Pao|0 fnt
|faint|p1b: Chien-Pao
|
|-weather|RainDance|[upkeep]
|upkeep
|
|t:|1750873337
|switch|p1b: Zamazenta|Zamazenta-Crowned, L50, shiny|100/100
|switch|p1a: Annihilape|Annihilape, L50, F, shiny|100/100
|-ability|p1b: Zamazenta|Dauntless Shield|boost
|-boost|p1b: Zamazenta|def|1
|turn|7
|inactive|Test-on-calls has 30 seconds left.
|inactive|dax92 has 30 seconds left.
|inactive|Test-on-calls has 20 seconds left.
|
|t:|1750873375
|move|p2a: Grimmsnarl|Thunder Wave|p1a: Annihilape
|-status|p1a: Annihilape|par
|move|p2b: Zacian|Play Rough|p1a: Annihilape
|-supereffective|p1a: Annihilape
|-damage|p1a: Annihilape|0 fnt
|faint|p1a: Annihilape
|move|p1b: Zamazenta|Body Press|p2a: Grimmsnarl
|-damage|p2a: Grimmsnarl|0 fnt
|faint|p2a: Grimmsnarl
|
|-weather|none
|upkeep
|
|t:|1750873388
|switch|p2a: Kyogre|Kyogre, L50|100/100
|-weather|RainDance|[from] ability: Drizzle|[of] p2a: Kyogre
|turn|8
|l| coolio2001
|
|t:|1750873402
|move|p1b: Zamazenta|Protect|p1b: Zamazenta
|-singleturn|p1b: Zamazenta|Protect
|move|p2b: Zacian|Play Rough|p1b: Zamazenta
|-activate|p1b: Zamazenta|move: Protect
|move|p2a: Kyogre|Water Spout|p1b: Zamazenta
|-activate|p1b: Zamazenta|move: Protect
|
|-weather|RainDance|[upkeep]
|upkeep
|turn|9
|
|t:|1750873415
|move|p2a: Kyogre|Protect|p2a: Kyogre
|-singleturn|p2a: Kyogre|Protect
|move|p2b: Zacian|Play Rough|p1b: Zamazenta|[miss]
|-miss|p2b: Zacian|p1b: Zamazenta
|move|p1b: Zamazenta|Body Press|p2a: Kyogre
|-activate|p2a: Kyogre|move: Protect
|
|-weather|RainDance|[upkeep]
|-sideend|p2: dax92|Reflect
|upkeep
|turn|10
|
|t:|1750873433
|move|p2b: Zacian|Play Rough|p1b: Zamazenta
|-damage|p1b: Zamazenta|69/100
|move|p1b: Zamazenta|Body Press|p2a: Kyogre
|-damage|p2a: Kyogre|29/100
|move|p2a: Kyogre|Origin Pulse|p1b: Zamazenta
|-damage|p1b: Zamazenta|0 fnt
|faint|p1b: Zamazenta
|-damage|p2a: Kyogre|19/100|[from] item: Life Orb
|
|win|dax92
|raw|Test-on-calls's rating: 1439 &rarr; <strong>1418</strong><br />(-21 for losing)
|raw|dax92's rating: 1415 &rarr; <strong>1436</strong><br />(+21 for winning)
|l|☆Test-on-calls
|player|p1|
|l|☆dax92
|player|p2|
