|j|☆elpanapokes
|j|☆dkcrut
|t:|1750860977
|gametype|doubles
|player|p1|elpanapokes|1|1234
|player|p2|dkcrut|169|1132
|teamsize|p1|6
|teamsize|p2|6
|gen|9
|tier|[Gen 9] VGC 2025 Reg I
|rated|
|rule|Species Clause: Limit one of each Pokémon
|rule|Item Clause: Limit 1 of each item
|clearpoke
|poke|p1|Zacian-*, L50|
|poke|p1|Calyrex-Shadow, L50|
|poke|p1|Farigiraf, L50, M|
|poke|p1|Ogerpon-Hearthflame, L50, F|
|poke|p1|Rillaboom, L50, M|
|poke|p1|Pelipper, L50, F|
|poke|p2|Calyrex-Shadow, L50|
|poke|p2|Miraidon, L50|
|poke|p2|Thundurus, L50, M|
|poke|p2|Whimsicott, L50, M|
|poke|p2|Enamorus, L50, F|
|poke|p2|Chien-Pao, L50|
|teampreview|4
|inactive|Battle timer is ON: inactive players will automatically lose when time's up. (requested by dkcrut)
|inactive|elpanapokes has 60 seconds left.
|
|t:|1750861028
|start
|switch|p1a: Calyrex|Calyrex-Shadow, L50|100/100
|switch|p1b: Ogerpon|Ogerpon-Hearthflame, L50, F|100/100
|switch|p2a: Enamorus|Enamorus, L50, F|100/100
|switch|p2b: Thundurus|Thundurus, L50, M|100/100
|-ability|p1a: Calyrex|As One
|-ability|p1a: Calyrex|Unnerve
|-ability|p1b: Ogerpon|Mold Breaker
|turn|1
|inactive|dkcrut has 30 seconds left.
|inactive|dkcrut has 20 seconds left.
|
|t:|1750861065
|move|p2b: Thundurus|Eerie Impulse|p2a: Enamorus
|-boost|p2a: Enamorus|spa|2
|move|p1a: Calyrex|Astral Barrage|p2a: Enamorus|[spread] p2a,p2b
|-damage|p2a: Enamorus|58/100
|-damage|p2b: Thundurus|43/100
|move|p1b: Ogerpon|Leech Seed|p2b: Thundurus
|-start|p2b: Thundurus|move: Leech Seed
|move|p2a: Enamorus|Earth Power|p1b: Ogerpon
|-damage|p1b: Ogerpon|35/100
|
|-damage|p2b: Thundurus|31/100|[from] Leech Seed|[of] p1b: Ogerpon
|-heal|p1b: Ogerpon|46/100|[silent]
|upkeep
|turn|2
|inactive|dkcrut has 30 seconds left.
|
|t:|1750861090
|move|p2b: Thundurus|Scary Face|p2a: Enamorus
|-boost|p2a: Enamorus|spe|2
|move|p2a: Enamorus|Moonblast|p1a: Calyrex
|-enditem|p1a: Calyrex|Focus Sash
|-damage|p1a: Calyrex|1/100
|move|p1a: Calyrex|Astral Barrage|p2a: Enamorus|[spread] p2a,p2b
|-damage|p2a: Enamorus|17/100
|-damage|p2b: Thundurus|0 fnt
|faint|p2b: Thundurus
|-ability|p1a: Calyrex|Grim Neigh|boost
|-boost|p1a: Calyrex|spa|1
|move|p1b: Ogerpon|Ivy Cudgel|p2a: Enamorus|[anim] Ivy Cudgel Fire
|-damage|p2a: Enamorus|0 fnt
|faint|p2a: Enamorus
|
|upkeep
|
|t:|1750861109
|switch|p2b: Miraidon|Miraidon, L50|100/100
|switch|p2a: Calyrex|Calyrex-Shadow, L50|100/100
|-ability|p2a: Calyrex|As One
|-ability|p2a: Calyrex|Unnerve
|-fieldstart|move: Electric Terrain|[from] ability: Hadron Engine|[of] p2b: Miraidon
|turn|3
|
|t:|1750861134
|move|p1b: Ogerpon|Follow Me|p1b: Ogerpon
|-singleturn|p1b: Ogerpon|move: Follow Me
|move|p2b: Miraidon|Electro Drift|p1b: Ogerpon
|-resisted|p1b: Ogerpon
|-damage|p1b: Ogerpon|4/100
|move|p2a: Calyrex|Astral Barrage|p1b: Ogerpon|[spread] p1a,p1b
|-supereffective|p1a: Calyrex
|-damage|p1a: Calyrex|0 fnt
|-damage|p1b: Ogerpon|0 fnt
|faint|p1a: Calyrex
|faint|p1b: Ogerpon
|-ability|p2a: Calyrex|Grim Neigh|boost
|-boost|p2a: Calyrex|spa|2
|
|upkeep
|
|t:|1750861154
|switch|p1a: Rillaboom|Rillaboom, L50, M|100/100
|switch|p1b: Zacian|Zacian-Crowned, L50|100/100
|-ability|p1b: Zacian|Intrepid Sword|boost
|-boost|p1b: Zacian|atk|1
|-fieldstart|move: Grassy Terrain|[from] ability: Grassy Surge|[of] p1a: Rillaboom
|turn|4
|
|t:|1750861169
|-terastallize|p2b: Miraidon|Electric
|move|p2b: Miraidon|Electro Drift|p1b: Zacian
|-damage|p1b: Zacian|47/100
|move|p2a: Calyrex|Astral Barrage|p1b: Zacian|[spread] p1a,p1b
|-damage|p1a: Rillaboom|16/100
|-damage|p1b: Zacian|0 fnt
|faint|p1b: Zacian
|-ability|p2a: Calyrex|Grim Neigh|boost
|-boost|p2a: Calyrex|spa|1
|move|p1a: Rillaboom|Knock Off|p2a: Calyrex
|-supereffective|p2a: Calyrex
|-enditem|p2a: Calyrex|Focus Sash
|-damage|p2a: Calyrex|1/100
|
|-heal|p2a: Calyrex|7/100|[from] Grassy Terrain
|-heal|p1a: Rillaboom|22/100|[from] Grassy Terrain
|upkeep
|turn|5
|-message|elpanapokes forfeited.
|
|win|dkcrut
|raw|elpanapokes's rating: 1234 &rarr; <strong>1202</strong><br />(-32 for losing)
|raw|dkcrut's rating: 1132 &rarr; <strong>1164</strong><br />(+32 for winning)
|l|☆elpanapokes
|player|p1|
|l|☆dkcrut
|player|p2|
