|j|☆MilGOATs1984
|j|☆SaunaQueen
|t:|1750798405
|gametype|doubles
|player|p1|MilGOATs1984|170|1197
|player|p2|SaunaQueen|bellelba|1163
|teamsize|p1|6
|teamsize|p2|6
|gen|9
|tier|[Gen 9] VGC 2025 Reg I
|rated|
|rule|Species Clause: Limit one of each Pokémon
|rule|Item Clause: Limit 1 of each item
|clearpoke
|poke|p1|Incineroar, L50, F|
|poke|p1|Zacian-*, L50|
|poke|p1|Amoonguss, L50, F|
|poke|p1|Lunala, L50|
|poke|p1|Ursaluna, L50, F|
|poke|p1|Urshifu-*, L50, M|
|poke|p2|Miraidon, L50|
|poke|p2|Terapagos, L50, M|
|poke|p2|Incineroar, L50, F|
|poke|p2|Sinistcha, L50|
|poke|p2|Ogerpon-Hearthflame, L50, F|
|poke|p2|Urshifu-*, L50, M|
|teampreview|4
|inactive|Battle timer is ON: inactive players will automatically lose when time's up. (requested by SaunaQueen)
|inactive|MilGOATs1984 has 60 seconds left.
|
|t:|1750798455
|start
|switch|p1a: Urshifu|Urshifu-Rapid-Strike, L50, M|100/100
|switch|p1b: Amoonguss|Amoonguss, L50, F|100/100
|switch|p2a: Urshifu|Urshifu-Rapid-Strike, L50, M|100/100
|switch|p2b: Incineroar|Incineroar, L50, F|100/100
|-ability|p2b: Incineroar|Intimidate|boost
|-unboost|p1a: Urshifu|atk|1
|-unboost|p1b: Amoonguss|atk|1
|turn|1
|inactive|MilGOATs1984 has 30 seconds left.
|inactive|SaunaQueen has 30 seconds left.
|
|t:|1750798489
|switch|p1a: Lunala|Lunala, L50|100/100
|move|p1b: Amoonguss|Rage Powder|p1b: Amoonguss
|-singleturn|p1b: Amoonguss|move: Rage Powder
|move|p2a: Urshifu|U-turn|p1b: Amoonguss
|-damage|p1b: Amoonguss|62/100
|
|t:|1750798496
|switch|p2a: Miraidon|Miraidon, L50|100/100|[from] U-turn
|-fieldstart|move: Electric Terrain|[from] ability: Hadron Engine|[of] p2a: Miraidon
|move|p2b: Incineroar|Will-O-Wisp|p1b: Amoonguss
|-status|p1b: Amoonguss|brn
|
|-damage|p1b: Amoonguss|57/100 brn|[from] brn
|upkeep
|turn|2
|
|t:|1750798517
|move|p1b: Amoonguss|Rage Powder|p1b: Amoonguss
|-singleturn|p1b: Amoonguss|move: Rage Powder
|move|p2a: Miraidon|Snarl|p1a: Lunala|[spread] p1a,p1b
|-supereffective|p1a: Lunala
|-damage|p1a: Lunala|74/100
|-damage|p1b: Amoonguss|43/100 brn
|-unboost|p1a: Lunala|spa|1
|-unboost|p1b: Amoonguss|spa|1
|move|p2b: Incineroar|Parting Shot|p1b: Amoonguss
|-unboost|p1b: Amoonguss|atk|1
|-unboost|p1b: Amoonguss|spa|1
|
|t:|1750798527
|switch|p2b: Urshifu|Urshifu-Rapid-Strike, L50, M|100/100|[from] Parting Shot
|move|p1a: Lunala|Trick Room|p1a: Lunala
|-fieldstart|move: Trick Room|[of] p1a: Lunala
|
|-damage|p1b: Amoonguss|37/100 brn|[from] brn
|upkeep
|turn|3
|inactive|SaunaQueen has 30 seconds left.
|inactive|SaunaQueen has 20 seconds left.
|
|t:|1750798566
|move|p1b: Amoonguss|Rage Powder|p1b: Amoonguss
|-singleturn|p1b: Amoonguss|move: Rage Powder
|move|p1a: Lunala|Meteor Beam||[still]
|-prepare|p1a: Lunala|Meteor Beam
|-boost|p1a: Lunala|spa|1
|-enditem|p1a: Lunala|Power Herb
|-anim|p1a: Lunala|Meteor Beam|p2a: Miraidon
|-damage|p2a: Miraidon|74/100
|move|p2b: Urshifu|Surging Strikes|p1b: Amoonguss
|-resisted|p1b: Amoonguss
|-crit|p1b: Amoonguss
|-damage|p1b: Amoonguss|21/100 brn
|-resisted|p1b: Amoonguss
|-crit|p1b: Amoonguss
|-damage|p1b: Amoonguss|5/100 brn
|-resisted|p1b: Amoonguss
|-crit|p1b: Amoonguss
|-damage|p1b: Amoonguss|0 fnt
|faint|p1b: Amoonguss
|-hitcount|p1: Amoonguss|3
|move|p2a: Miraidon|Snarl|p1a: Lunala
|-supereffective|p1a: Lunala
|-crit|p1a: Lunala
|-damage|p1a: Lunala|0 fnt
|faint|p1a: Lunala
|
|upkeep
|
|t:|1750798580
|switch|p1b: Urshifu|Urshifu-Rapid-Strike, L50, M|100/100
|switch|p1a: Ursaluna|Ursaluna, L50, F|100/100
|turn|4
|inactive|MilGOATs1984 has 30 seconds left.
|
|t:|1750798614
|switch|p2a: Incineroar|Incineroar, L50, F|100/100
|-ability|p2a: Incineroar|Intimidate|boost
|-unboost|p1a: Ursaluna|atk|1
|-unboost|p1b: Urshifu|atk|1
|move|p1a: Ursaluna|Facade|p2b: Urshifu
|-damage|p2b: Urshifu|72/100
|move|p2b: Urshifu|Surging Strikes|p1a: Ursaluna
|-supereffective|p1a: Ursaluna
|-crit|p1a: Ursaluna
|-damage|p1a: Ursaluna|52/100
|-supereffective|p1a: Ursaluna
|-crit|p1a: Ursaluna
|-damage|p1a: Ursaluna|6/100
|-supereffective|p1a: Ursaluna
|-crit|p1a: Ursaluna
|-damage|p1a: Ursaluna|0 fnt
|faint|p1a: Ursaluna
|-hitcount|p1: Ursaluna|3
|move|p1b: Urshifu|Surging Strikes|p2b: Urshifu
|-resisted|p2b: Urshifu
|-crit|p2b: Urshifu
|-damage|p2b: Urshifu|61/100
|-resisted|p2b: Urshifu
|-crit|p2b: Urshifu
|-damage|p2b: Urshifu|50/100
|-resisted|p2b: Urshifu
|-crit|p2b: Urshifu
|-damage|p2b: Urshifu|40/100
|-hitcount|p2b: Urshifu|3
|
|upkeep
|turn|5
|-message|MilGOATs1984 forfeited.
|
|win|SaunaQueen
|raw|MilGOATs1984's rating: 1197 &rarr; <strong>1170</strong><br />(-27 for losing)
|raw|SaunaQueen's rating: 1163 &rarr; <strong>1190</strong><br />(+27 for winning)
|l|☆MilGOATs1984
|player|p1|
