|j|☆Prasoooon
|j|☆Carp Aliyah
|t:|1750869975
|gametype|doubles
|player|p1|Prasoooon|red|1658
|player|p2|Carp Aliyah|hilbert|1636
|teamsize|p1|6
|teamsize|p2|6
|gen|9
|tier|[Gen 9] VGC 2025 Reg I
|rated|
|rule|Species Clause: Limit one of each Pokémon
|rule|Item Clause: Limit 1 of each item
|clearpoke
|poke|p1|Calyrex-Shadow, L50|
|poke|p1|Koraidon, L50|
|poke|p1|Indeedee-F, L50, F|
|poke|p1|Ursaluna, L50, M|
|poke|p1|Smeargle, L50, M|
|poke|p1|Tornadus, L50, M|
|poke|p2|Miraidon, L50|
|poke|p2|Calyrex-Ice, L50|
|poke|p2|Incineroar, L50, M|
|poke|p2|Landorus, L50, M|
|poke|p2|Urshifu-*, L50, M|
|poke|p2|Farigiraf, L50, M|
|teampreview|4
|inactive|Battle timer is ON: inactive players will automatically lose when time's up. (requested by Prasoooon)
|inactive|Carp Aliyah has 60 seconds left.
|
|t:|1750870022
|start
|switch|p1a: Death|Calyrex-Shadow, L50|100/100
|switch|p1b: Van Gogh|Smeargle, L50, M|100/100
|switch|p2a: Calyrex|Calyrex-Ice, L50|100/100
|switch|p2b: Urshifu|Urshifu-Rapid-Strike, L50, M|100/100
|-ability|p1a: Death|As One
|-ability|p1a: Death|Unnerve
|-ability|p2a: Calyrex|As One
|-ability|p2a: Calyrex|Unnerve
|turn|1
|inactive|Carp Aliyah has 30 seconds left.
|
|t:|1750870048
|switch|p1a: Orange|Koraidon, L50|100/100
|-weather|SunnyDay|[from] ability: Orichalcum Pulse|[of] p1a: Orange
|-activate|p1a: Orange|Orichalcum Pulse|[source]
|-terastallize|p2a: Calyrex|Water
|move|p2b: Urshifu|Surging Strikes|p1b: Van Gogh
|-crit|p1b: Van Gogh
|-damage|p1b: Van Gogh|75/100
|-crit|p1b: Van Gogh
|-damage|p1b: Van Gogh|52/100
|-crit|p1b: Van Gogh
|-damage|p1b: Van Gogh|25/100
|-hitcount|p1b: Van Gogh|3
|move|p1b: Van Gogh|Spore|p2a: Calyrex
|-status|p2a: Calyrex|slp|[from] move: Spore
|cant|p2a: Calyrex|slp
|
|-weather|SunnyDay|[upkeep]
|-ability|p1b: Van Gogh|Moody|boost
|-boost|p1b: Van Gogh|spe|2
|-unboost|p1b: Van Gogh|atk|1
|upkeep
|turn|2
|
|t:|1750870070
|switch|p2b: Miraidon|Miraidon, L50|100/100
|-fieldstart|move: Electric Terrain|[from] ability: Hadron Engine|[of] p2b: Miraidon
|move|p1a: Orange|Collision Course|p2a: Calyrex
|-damage|p2a: Calyrex|48/100 slp
|move|p1b: Van Gogh|Decorate|p1a: Orange
|-boost|p1a: Orange|atk|2
|-boost|p1a: Orange|spa|2
|cant|p2a: Calyrex|slp
|
|-weather|SunnyDay|[upkeep]
|-heal|p2a: Calyrex|54/100 slp|[from] item: Leftovers
|-ability|p1b: Van Gogh|Moody|boost
|-boost|p1b: Van Gogh|atk|2
|-unboost|p1b: Van Gogh|spa|1
|upkeep
|turn|3
|
|t:|1750870089
|move|p1b: Van Gogh|Follow Me|p1b: Van Gogh
|-singleturn|p1b: Van Gogh|move: Follow Me
|move|p1a: Orange|Collision Course|p2a: Calyrex
|-crit|p2a: Calyrex
|-damage|p2a: Calyrex|0 fnt
|faint|p2a: Calyrex
|move|p2b: Miraidon|Dazzling Gleam|p1a: Orange|[spread] p1a,p1b
|-supereffective|p1a: Orange
|-damage|p1a: Orange|0 fnt
|-damage|p1b: Van Gogh|0 fnt
|faint|p1a: Orange
|faint|p1b: Van Gogh
|
|-weather|SunnyDay|[upkeep]
|upkeep
|
|t:|1750870108
|switch|p1a: Death|Calyrex-Shadow, L50|100/100
|switch|p1b: Guts|Ursaluna, L50, M|100/100
|switch|p2a: Landorus|Landorus, L50, M|100/100
|-ability|p1a: Death|As One
|-ability|p1a: Death|Unnerve
|turn|4
|inactive|Prasoooon has 30 seconds left.
|inactive|Prasoooon has 20 seconds left.
|inactive|Prasoooon has 15 seconds left.
|
|t:|1750870150
|move|p1a: Death|Protect|p1a: Death
|-singleturn|p1a: Death|Protect
|move|p2b: Miraidon|Dazzling Gleam|p1a: Death|[spread] p1b
|-activate|p1a: Death|move: Protect
|-damage|p1b: Guts|62/100
|move|p2a: Landorus|Sandsear Storm|p1a: Death|[spread] p1b
|-activate|p1a: Death|move: Protect
|-damage|p1b: Guts|11/100
|move|p1b: Guts|Headlong Rush|p2b: Miraidon
|-supereffective|p2b: Miraidon
|-crit|p2b: Miraidon
|-damage|p2b: Miraidon|0 fnt
|-unboost|p1b: Guts|def|1
|-unboost|p1b: Guts|spd|1
|faint|p2b: Miraidon
|
|-weather|SunnyDay|[upkeep]
|-status|p1b: Guts|brn|[from] item: Flame Orb
|upkeep
|
|t:|1750870164
|switch|p2b: Urshifu|Urshifu-Rapid-Strike, L50, M|100/100
|turn|5
|
|t:|1750870184
|move|p2b: Urshifu|Surging Strikes|p1b: Guts
|-supereffective|p1b: Guts
|-crit|p1b: Guts
|-damage|p1b: Guts|0 fnt
|faint|p1b: Guts
|-hitcount|p1: Guts|1
|move|p1a: Death|Astral Barrage|p2a: Landorus|[spread] p2a,p2b
|-damage|p2a: Landorus|22/100
|-damage|p2b: Urshifu|0 fnt
|faint|p2b: Urshifu
|-ability|p1a: Death|Grim Neigh|boost
|-boost|p1a: Death|spa|1
|-damage|p1a: Death|91/100|[from] item: Life Orb
|move|p2a: Landorus|Earth Power|p1a: Death
|-damage|p1a: Death|12/100
|
|-weather|none
|upkeep
|turn|6
|-message|Carp Aliyah forfeited.
|
|win|Prasoooon
|raw|Prasoooon's rating: 1658 &rarr; <strong>1677</strong><br />(+19 for winning)
|raw|Carp Aliyah's rating: 1636 &rarr; <strong>1617</strong><br />(-19 for losing)
|l|☆Carp Aliyah
|player|p2|
|l|☆Prasoooon
|player|p1|
