|j|☆CrazyyBoi
|j|☆habeebomarali123
|t:|1750872504
|gametype|doubles
|player|p1|CrazyyBoi|101|1124
|player|p2|habeebomarali123|veteran|1092
|teamsize|p1|6
|teamsize|p2|6
|gen|9
|tier|[Gen 9] VGC 2025 Reg I
|rated|
|rule|Species Clause: Limit one of each Pokémon
|rule|Item Clause: Limit 1 of each item
|clearpoke
|poke|p1|Froslass, L50, F|
|poke|p1|Tauros, L50, M|
|poke|p1|Clefairy, L50, M|
|poke|p1|Flamigo, L50, F|
|poke|p1|Incineroar, L50, F|
|poke|p1|Gholdengo, L50|
|poke|p2|Zekrom, L50|
|poke|p2|Incineroar, L50, F|
|poke|p2|Kyogre, L50|
|poke|p2|Farigiraf, L50, M|
|poke|p2|Tornadus, L50, M|
|poke|p2|Flutter Mane, L50|
|teampreview|4
habeebomarali123 rejected open team sheets.
|inactive|Battle timer is ON: inactive players will automatically lose when time's up. (requested by CrazyyBoi)
|
|t:|1750872549
|start
|switch|p1a: Naughty|Froslass, L50, F|100/100
|switch|p1b: Angry|Tauros, L50, M|100/100
|switch|p2a: Farigiraf|Farigiraf, L50, M|100/100
|switch|p2b: Kyogre|Kyogre, L50|100/100
|-weather|RainDance|[from] ability: Drizzle|[of] p2b: Kyogre
|turn|1
|
|t:|1750872562
|move|p1b: Angry|Protect|p1b: Angry
|-singleturn|p1b: Angry|Protect
|move|p2b: Kyogre|Protect|p2b: Kyogre
|-singleturn|p2b: Kyogre|Protect
|move|p1a: Naughty|Taunt|p2a: Farigiraf
|-start|p2a: Farigiraf|move: Taunt
|cant|p2a: Farigiraf|move: Taunt|Trick Room
|
|-weather|RainDance|[upkeep]
|upkeep
|turn|2
|
|t:|1750872574
|move|p1a: Naughty|Frost Breath|p1b: Angry
|-crit|p1b: Angry
|-damage|p1b: Angry|73/100
|-setboost|p1b: Angry|atk|6|[from] ability: Anger Point
|move|p1b: Angry|Trailblaze|p2b: Kyogre
|-supereffective|p2b: Kyogre
|-damage|p2b: Kyogre|6/100
|-boost|p1b: Angry|spe|1
|move|p2b: Kyogre|Calm Mind|p2b: Kyogre
|-boost|p2b: Kyogre|spa|1
|-boost|p2b: Kyogre|spd|1
|move|p2a: Farigiraf|Foul Play|p1b: Angry
|-damage|p1b: Angry|0 fnt
|faint|p1b: Angry
|
|-weather|RainDance|[upkeep]
|-heal|p2b: Kyogre|12/100|[from] item: Leftovers
|upkeep
|
|t:|1750872591
|switch|p1b: Copy|Flamigo, L50, F|100/100
|-copyboost|p1b: Copy|p1a: Naughty|[from] ability: Costar
|turn|3
|
|t:|1750872619
|switch|p2a: Incineroar|Incineroar, L50, F, shiny|100/100
|-ability|p2a: Incineroar|Intimidate|boost
|-unboost|p1a: Naughty|atk|1
|-unboost|p1b: Copy|atk|1
|move|p2b: Kyogre|Protect|p2b: Kyogre
|-singleturn|p2b: Kyogre|Protect
|move|p1a: Naughty|Icy Wind|p2b: Kyogre|[spread] p2a
|-activate|p2b: Kyogre|move: Protect
|-resisted|p2a: Incineroar
|-damage|p2a: Incineroar|98/100
|-unboost|p2a: Incineroar|spe|1
|move|p1b: Copy|Brave Bird|p2b: Kyogre
|-activate|p2b: Kyogre|move: Protect
|
|-weather|RainDance|[upkeep]
|-heal|p2b: Kyogre|17/100|[from] item: Leftovers
|upkeep
|turn|4
|inactive|CrazyyBoi has 30 seconds left.
|
|t:|1750872650
|move|p1b: Copy|Wide Guard|p1b: Copy
|-singleturn|p1b: Copy|Wide Guard
|move|p2a: Incineroar|Fake Out|p1b: Copy
|-damage|p1b: Copy|86/100
|move|p1a: Naughty|Taunt|p2a: Incineroar
|-start|p2a: Incineroar|move: Taunt
|move|p2b: Kyogre|Origin Pulse|p1a: Naughty|[spread] 
|-activate|p1a: Naughty|move: Wide Guard
|-activate|p1b: Copy|move: Wide Guard
|
|-weather|RainDance|[upkeep]
|-heal|p2b: Kyogre|23/100|[from] item: Leftovers
|upkeep
|turn|5
|
|t:|1750872665
|-terastallize|p2a: Incineroar|Bug
|move|p2b: Kyogre|Protect|p2b: Kyogre
|-singleturn|p2b: Kyogre|Protect
|move|p1a: Naughty|Icy Wind|p2a: Incineroar|[spread] p2a
|-activate|p2b: Kyogre|move: Protect
|-crit|p2a: Incineroar
|-damage|p2a: Incineroar|88/100
|-unboost|p2a: Incineroar|spe|1
|move|p1b: Copy|Close Combat|p2a: Incineroar
|-resisted|p2a: Incineroar
|-damage|p2a: Incineroar|76/100
|-unboost|p1b: Copy|def|1
|-unboost|p1b: Copy|spd|1
|move|p2a: Incineroar|Knock Off|p1a: Naughty
|-supereffective|p1a: Naughty
|-enditem|p1a: Naughty|Focus Sash
|-damage|p1a: Naughty|1/100
|
|-weather|none
|-heal|p2b: Kyogre|29/100|[from] item: Leftovers
|upkeep
|turn|6
|
|t:|1750872680
|move|p1a: Naughty|Icy Wind|p2b: Kyogre|[spread] p2a,p2b
|-resisted|p2b: Kyogre
|-damage|p2a: Incineroar|70/100
|-damage|p2b: Kyogre|27/100
|-unboost|p2a: Incineroar|spe|1
|-unboost|p2b: Kyogre|spe|1
|move|p1b: Copy|Brave Bird|p2b: Kyogre
|-damage|p2b: Kyogre|0 fnt
|faint|p2b: Kyogre
|-damage|p1b: Copy|76/100|[from] Recoil
|move|p2a: Incineroar|U-turn|p1a: Naughty
|-resisted|p1a: Naughty
|-damage|p1a: Naughty|0 fnt
|faint|p1a: Naughty
|
|t:|1750872693
|switch|p2a: Farigiraf|Farigiraf, L50, M|100/100|[from] U-turn
|
|upkeep
|
|t:|1750872698
|switch|p1a: Happy|Clefairy, L50, M|100/100
|switch|p2b: Incineroar|Incineroar, L50, F, shiny, tera:Bug|70/100
|-ability|p2b: Incineroar|Intimidate|boost
|-unboost|p1a: Happy|atk|1
|-unboost|p1b: Copy|atk|1
|turn|7
|
|t:|1750872709
|move|p1b: Copy|Protect|p1b: Copy
|-singleturn|p1b: Copy|Protect
|move|p1a: Happy|Protect|p1a: Happy
|-singleturn|p1a: Happy|Protect
|move|p2b: Incineroar|Snarl|p1b: Copy|[spread] 
|-activate|p1a: Happy|move: Protect
|-activate|p1b: Copy|move: Protect
|move|p2a: Farigiraf|Trick Room|p2a: Farigiraf
|-fieldstart|move: Trick Room|[of] p2a: Farigiraf
|
|upkeep
|turn|8
|
|t:|1750872728
|move|p1a: Happy|Follow Me|p1a: Happy
|-singleturn|p1a: Happy|move: Follow Me
|move|p2b: Incineroar|Snarl|p1b: Copy|[spread] p1a,p1b
|-resisted|p1a: Happy
|-resisted|p1b: Copy
|-damage|p1a: Happy|95/100
|-damage|p1b: Copy|69/100
|-unboost|p1a: Happy|spa|1
|-unboost|p1b: Copy|spa|1
|move|p2a: Farigiraf|Foul Play|p1a: Happy
|-resisted|p1a: Happy
|-damage|p1a: Happy|93/100
|move|p1b: Copy|Brave Bird|p2b: Incineroar
|-supereffective|p2b: Incineroar
|-damage|p2b: Incineroar|33/100
|-damage|p1b: Copy|57/100|[from] Recoil
|
|upkeep
|turn|9
|
|t:|1750872744
|switch|p2a: Zekrom|Zekrom, L50|100/100
|-ability|p2a: Zekrom|Teravolt
|move|p1a: Happy|Follow Me|p1a: Happy
|-singleturn|p1a: Happy|move: Follow Me
|move|p2b: Incineroar|U-turn|p1a: Happy
|-resisted|p1a: Happy
|-damage|p1a: Happy|78/100
|
|t:|1750872752
|switch|p2b: Farigiraf|Farigiraf, L50, M|100/100|[from] U-turn
|move|p1b: Copy|Brave Bird|p2b: Farigiraf
|-damage|p2b: Farigiraf|77/100
|-damage|p1b: Copy|47/100|[from] Recoil
|-enditem|p1b: Copy|Sitrus Berry|[eat]
|-heal|p1b: Copy|72/100|[from] item: Sitrus Berry
|
|upkeep
|turn|10
|-message|CrazyyBoi forfeited.
|
|win|habeebomarali123
|raw|CrazyyBoi's rating: 1124 &rarr; <strong>1097</strong><br />(-27 for losing)
|raw|habeebomarali123's rating: 1092 &rarr; <strong>1121</strong><br />(+29 for winning)
|l|☆CrazyyBoi
|player|p1|
|l|☆habeebomarali123
|player|p2|
