|j|☆akaMrEpic
|j|☆VioletsandViolence
|t:|1750865788
|gametype|doubles
|player|p1|akaMrEpic|swimmer-gen4|1189
|player|p2|VioletsandViolence|darach-caitlin|1289
|teamsize|p1|6
|teamsize|p2|6
|gen|9
|tier|[Gen 9] VGC 2025 Reg I
|rated|
|rule|Species Clause: Limit one of each Pokémon
|rule|Item Clause: Limit 1 of each item
|clearpoke
|poke|p1|Amoonguss, L50, F|
|poke|p1|Calyrex-Ice, L50|
|poke|p1|Kyogre, L50|
|poke|p1|Grimmsnarl, L50, M|
|poke|p1|Flutter Mane, L50|
|poke|p1|Basculegion, L50, M|
|poke|p2|Miraidon, L50|
|poke|p2|Kyogre, L50|
|poke|p2|Incineroar, L50, M|
|poke|p2|Whimsicott, L50, F|
|poke|p2|Landorus, L50, M|
|poke|p2|Kingambit, L50, M|
|teampreview|4
akaMrEpic has agreed to open team sheets.
|inactive|Battle timer is ON: inactive players will automatically lose when time's up. (requested by akaMrEpic)
VioletsandViolence has agreed to open team sheets.
|showteam|p1|Amoonguss||RockyHelmet|Regenerator|Spore,RagePowder,PollenPuff,Protect|||F|||50|,,,,,Dark]Calyrex-Ice||Leftovers|AsOneGlastrier|GlacialLance,LeechSeed,TrickRoom,Protect||||||50|,,,,,Fairy]Kyogre||MysticWater|Drizzle|WaterSpout,OriginPulse,HydroPump,Protect||||||50|,,,,,Grass]Grimmsnarl||LightClay|Prankster|SpiritBreak,SuckerPunch,Reflect,LightScreen|||M|||50|,,,,,Ghost]Flutter Mane||FocusSash|Protosynthesis|IcyWind,ShadowBall,Moonblast,Taunt||||||50|,,,,,Fairy]Basculegion||LifeOrb|SwiftSwim|WaveCrash,LastRespects,AquaJet,Protect|||M|||50|,,,,,Ghost
|showteam|p2|Miraidon||ChoiceSpecs|HadronEngine|Discharge,DracoMeteor,VoltSwitch,Thunder||||||50|,,,,,Electric]Kyogre||AssaultVest|Drizzle|OriginPulse,IceBeam,Thunder,IcyWind||||||50|,,,,,Grass]Incineroar||CovertCloak|Intimidate|FakeOut,KnockOff,FlareBlitz,PartingShot|||M|||50|,,,,,Bug]Whimsicott||FocusSash|Prankster|Encore,Protect,Moonblast,Tailwind|||F|||50|,,,,,Water]Landorus||LifeOrb|SheerForce|SandsearStorm,SludgeBomb,Protect,EarthPower|||M|||50|,,,,,Water]Kingambit||BlackGlasses|Defiant|SuckerPunch,KowtowCleave,IronHead,TeraBlast|||M|||50|,,,,,Fairy
|inactive|akaMrEpic has 60 seconds left.
|
|t:|1750865839
|start
|switch|p1a: Amoonguss|Amoonguss, L50, F|100/100
|switch|p1b: Calyrex|Calyrex-Ice, L50|100/100
|switch|p2a: Kingambit|Kingambit, L50, M|100/100
|switch|p2b: Incineroar|Incineroar, L50, M|100/100
|-ability|p1b: Calyrex|As One
|-ability|p1b: Calyrex|Unnerve
|-ability|p2b: Incineroar|Intimidate|boost
|-unboost|p1a: Amoonguss|atk|1
|-unboost|p1b: Calyrex|atk|1
|turn|1
|inactive|akaMrEpic has 30 seconds left.
|
|t:|1750865869
|switch|p1a: Kyogre|Kyogre, L50|100/100
|-weather|RainDance|[from] ability: Drizzle|[of] p1a: Kyogre
|move|p2b: Incineroar|Fake Out|p1a: Kyogre
|-damage|p1a: Kyogre|88/100
|move|p2a: Kingambit|Kowtow Cleave|p1b: Calyrex
|-supereffective|p1b: Calyrex
|-damage|p1b: Calyrex|40/100
|move|p1b: Calyrex|Leech Seed|p2a: Kingambit
|-start|p2a: Kingambit|move: Leech Seed
|
|-weather|RainDance|[upkeep]
|-heal|p1b: Calyrex|45/100|[from] item: Leftovers
|-damage|p2a: Kingambit|88/100|[from] Leech Seed|[of] p1b: Calyrex
|-heal|p1b: Calyrex|58/100|[silent]
|upkeep
|turn|2
|inactive|akaMrEpic has 30 seconds left.
|inactive|VioletsandViolence has 30 seconds left.
|inactive|VioletsandViolence has 20 seconds left.
|
|t:|1750865904
|move|p1b: Calyrex|Protect|p1b: Calyrex
|-singleturn|p1b: Calyrex|Protect
|move|p2a: Kingambit|Sucker Punch|p1a: Kyogre
|-damage|p1a: Kyogre|32/100
|move|p1a: Kyogre|Water Spout|p2a: Kingambit|[spread] p2a,p2b
|-supereffective|p2b: Incineroar
|-damage|p2a: Kingambit|47/100
|-damage|p2b: Incineroar|25/100
|move|p2b: Incineroar|Knock Off|p1b: Calyrex
|-activate|p1b: Calyrex|move: Protect
|
|-weather|RainDance|[upkeep]
|-heal|p1b: Calyrex|63/100|[from] item: Leftovers
|-damage|p2a: Kingambit|35/100|[from] Leech Seed|[of] p1b: Calyrex
|-heal|p1b: Calyrex|75/100|[silent]
|upkeep
|turn|3
|inactive|akaMrEpic has 30 seconds left.
|inactive|VioletsandViolence has 30 seconds left.
|inactive|VioletsandViolence has 20 seconds left.
|inactive|VioletsandViolence has 15 seconds left.
|inactive|VioletsandViolence has 10 seconds left.
|
|t:|1750865949
|switch|p1a: Amoonguss|Amoonguss, L50, F|100/100
|switch|p2b: Whimsicott|Whimsicott, L50, F|100/100
|move|p2a: Kingambit|Kowtow Cleave|p1b: Calyrex
|-supereffective|p1b: Calyrex
|-damage|p1b: Calyrex|11/100
|move|p1b: Calyrex|Trick Room|p1b: Calyrex
|-fieldstart|move: Trick Room|[of] p1b: Calyrex
|
|-weather|RainDance|[upkeep]
|-heal|p1b: Calyrex|16/100|[from] item: Leftovers
|-damage|p2a: Kingambit|23/100|[from] Leech Seed|[of] p1b: Calyrex
|-heal|p1b: Calyrex|29/100|[silent]
|upkeep
|turn|4
|inactive|akaMrEpic has 30 seconds left.
|inactive|akaMrEpic has 20 seconds left.
|inactive|akaMrEpic has 15 seconds left.
|inactive|akaMrEpic has 10 seconds left.
|
|t:|1750865995
|switch|p2a: Incineroar|Incineroar, L50, M|25/100
|-ability|p2a: Incineroar|Intimidate|boost
|-unboost|p1a: Amoonguss|atk|1
|-unboost|p1b: Calyrex|atk|1
|-terastallize|p1b: Calyrex|Fairy
|move|p2b: Whimsicott|Encore|p1b: Calyrex
|-start|p1b: Calyrex|Encore
|move|p1a: Amoonguss|Pollen Puff|p1b: Calyrex
|-heal|p1b: Calyrex|78/100
|move|p1b: Calyrex|Trick Room|p1b: Calyrex
|-fieldend|move: Trick Room
|
|-weather|RainDance|[upkeep]
|-heal|p1b: Calyrex|84/100|[from] item: Leftovers
|upkeep
|turn|5
|inactive|akaMrEpic has 30 seconds left.
|
|t:|1750866027
|switch|p1b: Basculegion|Basculegion, L50, M|100/100
|move|p2b: Whimsicott|Encore|p1a: Amoonguss
|-start|p1a: Amoonguss|Encore
|move|p2a: Incineroar|Knock Off|p1b: Basculegion
|-supereffective|p1b: Basculegion
|-damage|p1b: Basculegion|8/100
|-enditem|p1b: Basculegion|Life Orb|[from] move: Knock Off|[of] p2a: Incineroar
|move|p1a: Amoonguss|Pollen Puff|p2a: Incineroar
|-damage|p2a: Incineroar|8/100
|
|-weather|none
|upkeep
|turn|6
|inactive|VioletsandViolence has 30 seconds left.
|inactive|VioletsandViolence has 20 seconds left.
|
|t:|1750866066
|switch|p1a: Calyrex|Calyrex-Ice, L50, tera:Fairy|84/100
|-ability|p1a: Calyrex|As One
|-ability|p1a: Calyrex|Unnerve
|move|p1b: Basculegion|Aqua Jet|p2a: Incineroar
|-supereffective|p2a: Incineroar
|-damage|p2a: Incineroar|0 fnt
|faint|p2a: Incineroar
|move|p2b: Whimsicott|Moonblast|p1b: Basculegion
|-damage|p1b: Basculegion|0 fnt
|faint|p1b: Basculegion
|
|-heal|p1a: Calyrex|90/100|[from] item: Leftovers
|upkeep
|
|t:|1750866085
|switch|p1b: Amoonguss|Amoonguss, L50, F|100/100
|switch|p2a: Miraidon|Miraidon, L50|100/100
|-fieldstart|move: Electric Terrain|[from] ability: Hadron Engine|[of] p2a: Miraidon
|turn|7
|
|t:|1750866099
|-terastallize|p2a: Miraidon|Electric
|move|p2b: Whimsicott|Protect|p2b: Whimsicott
|-singleturn|p2b: Whimsicott|Protect
|move|p1b: Amoonguss|Rage Powder|p1b: Amoonguss
|-singleturn|p1b: Amoonguss|move: Rage Powder
|move|p2a: Miraidon|Discharge|p1a: Calyrex|[spread] p1a,p1b
|-activate|p2b: Whimsicott|move: Protect
|-resisted|p1b: Amoonguss
|-damage|p1a: Calyrex|22/100
|-damage|p1b: Amoonguss|59/100
|move|p1a: Calyrex|Glacial Lance|p2a: Miraidon|[spread] p2a
|-activate|p2b: Whimsicott|move: Protect
|-damage|p2a: Miraidon|49/100
|
|-heal|p1a: Calyrex|28/100|[from] item: Leftovers
|upkeep
|turn|8
|inactive|akaMrEpic has 30 seconds left.
|inactive|VioletsandViolence has 30 seconds left.
|c|☆akaMrEpic|cooked me
|inactive|akaMrEpic has 20 seconds left.
|inactive|VioletsandViolence has 20 seconds left.
|inactive|akaMrEpic has 15 seconds left.
|inactive|VioletsandViolence has 15 seconds left.
|inactive|akaMrEpic has 10 seconds left.
|inactive|akaMrEpic has 5 seconds left.
|c|☆akaMrEpic|whimsicott will encore trap me
|
|t:|1750866154
|move|p2b: Whimsicott|Encore|p1b: Amoonguss
|-start|p1b: Amoonguss|Encore
|move|p2a: Miraidon|Discharge|p1b: Amoonguss|[spread] p2b,p1a,p1b
|-resisted|p2b: Whimsicott
|-resisted|p1b: Amoonguss
|-damage|p2b: Whimsicott|26/100
|-damage|p1a: Calyrex|0 fnt
|-damage|p1b: Amoonguss|11/100
|faint|p1a: Calyrex
|move|p1b: Amoonguss|Rage Powder|p1b: Amoonguss
|-singleturn|p1b: Amoonguss|move: Rage Powder
|
|upkeep
|
|t:|1750866156
|switch|p1a: Kyogre|Kyogre, L50|32/100
|-weather|RainDance|[from] ability: Drizzle|[of] p1a: Kyogre
|turn|9
|-message|akaMrEpic forfeited.
|
|win|VioletsandViolence
|raw|akaMrEpic's rating: 1189 &rarr; <strong>1171</strong><br />(-18 for losing)
|raw|VioletsandViolence's rating: 1289 &rarr; <strong>1307</strong><br />(+18 for winning)
|l|☆akaMrEpic
|player|p1|
|c|☆VioletsandViolence|gg
