|j|☆dingdanglin
|j|☆mattun
|t:|1750776148
|gametype|doubles
|player|p1|dingdanglin|170|1260
|player|p2|mattun|265|1320
|teamsize|p1|6
|teamsize|p2|6
|gen|9
|tier|[Gen 9] VGC 2025 Reg I
|rated|
|rule|Species Clause: Limit one of each Pokémon
|rule|Item Clause: Limit 1 of each item
|clearpoke
|poke|p1|Calyrex-Ice, L50|
|poke|p1|Miraidon, L50|
|poke|p1|Urshifu-*, L50, M|
|poke|p1|Landorus, L50, M|
|poke|p1|Grimmsnarl, L50, M|
|poke|p1|Pelipper, L50, F|
|poke|p2|Lunala, L50|
|poke|p2|Zamazenta-*, L50|
|poke|p2|Tornadus, L50, M|
|poke|p2|Raging Bolt, L50|
|poke|p2|Dragonite, L50, M|
|poke|p2|Incineroar, L50, M|
|teampreview|4
|
|t:|1750776181
|start
|switch|p1a: Miraidon|Miraidon, L50|100/100
|switch|p1b: Grimmsnarl|Grimmsnarl, L50, M|100/100
|switch|p2a: Dragonite|Dragonite, L50, M|100/100
|switch|p2b: Incineroar|Incineroar, L50, M|100/100
|-fieldstart|move: Electric Terrain|[from] ability: Hadron Engine|[of] p1a: Miraidon
|-ability|p2b: Incineroar|Intimidate|boost
|-unboost|p1a: Miraidon|atk|1
|-unboost|p1b: Grimmsnarl|atk|1
|turn|1
|inactive|Battle timer is ON: inactive players will automatically lose when time's up. (requested by dingdanglin)
|inactive|dingdanglin has 60 seconds left.
|
|t:|1750776233
|-terastallize|p2a: Dragonite|Normal
|move|p2b: Incineroar|Fake Out|p1b: Grimmsnarl
|-damage|p1b: Grimmsnarl|89/100
|cant|p1b: Grimmsnarl|flinch
|move|p2a: Dragonite|Extreme Speed|p1b: Grimmsnarl
|-damage|p1b: Grimmsnarl|13/100
|move|p1a: Miraidon|Volt Switch|p2a: Dragonite
|-damage|p2a: Dragonite|0 fnt
|faint|p2a: Dragonite
|inactive|dingdanglin has 30 seconds left.
|
|t:|1750776268
|switch|p1a: Landorus|Landorus, L50, M|100/100|[from] Volt Switch
|
|upkeep
|
|t:|1750776274
|switch|p2a: Lunala|Lunala, L50|100/100
|turn|2
|inactive|dingdanglin has 30 seconds left.
|
|t:|1750776301
|move|p1b: Grimmsnarl|Light Screen|p1b: Grimmsnarl
|-sidestart|p1: dingdanglin|move: Light Screen
|move|p2a: Lunala|Meteor Beam||[still]
|-prepare|p2a: Lunala|Meteor Beam
|-boost|p2a: Lunala|spa|1
|-enditem|p2a: Lunala|Power Herb
|-anim|p2a: Lunala|Meteor Beam|p1a: Landorus
|-damage|p1a: Landorus|49/100
|move|p1a: Landorus|Sandsear Storm|p2b: Incineroar|[spread] p2a,p2b
|-supereffective|p2b: Incineroar
|-damage|p2a: Lunala|77/100
|-damage|p2b: Incineroar|0 fnt
|faint|p2b: Incineroar
|
|upkeep
|
|t:|1750776311
|switch|p2b: Zamazenta|Zamazenta-Crowned, L50|100/100
|-ability|p2b: Zamazenta|Dauntless Shield|boost
|-boost|p2b: Zamazenta|def|1
|turn|3
|
|t:|1750776336
|move|p1a: Landorus|Protect|p1a: Landorus
|-singleturn|p1a: Landorus|Protect
|move|p1b: Grimmsnarl|Taunt|p2b: Zamazenta
|-start|p2b: Zamazenta|move: Taunt
|cant|p2b: Zamazenta|move: Taunt|Iron Defense
|move|p2a: Lunala|Moongeist Beam|p1a: Landorus
|-activate|p1a: Landorus|move: Protect
|
|upkeep
|turn|4
|inactive|dingdanglin has 30 seconds left.
|
|t:|1750776368
|move|p1b: Grimmsnarl|Reflect|p1b: Grimmsnarl
|-sidestart|p1: dingdanglin|Reflect
|move|p2b: Zamazenta|Body Press|p1b: Grimmsnarl
|-damage|p1b: Grimmsnarl|0 fnt
|faint|p1b: Grimmsnarl
|move|p2a: Lunala|Moongeist Beam|p1a: Landorus
|-damage|p1a: Landorus|0 fnt
|faint|p1a: Landorus
|
|upkeep
|
|t:|1750776382
|switch|p1a: Calyrex|Calyrex-Ice, L50|100/100
|switch|p1b: Miraidon|Miraidon, L50|100/100
|-ability|p1a: Calyrex|As One
|-ability|p1a: Calyrex|Unnerve
|-activate|p1b: Miraidon|ability: Hadron Engine
|turn|5
|inactive|dingdanglin has 30 seconds left.
|
|t:|1750776416
|-terastallize|p1a: Calyrex|Fire
|move|p1b: Miraidon|Electro Drift|p2b: Zamazenta
|-damage|p2b: Zamazenta|8/100
|move|p2b: Zamazenta|Body Press|p1b: Miraidon
|-damage|p1b: Miraidon|58/100
|move|p2a: Lunala|Moonblast|p1b: Miraidon
|-supereffective|p1b: Miraidon
|-damage|p1b: Miraidon|0 fnt
|faint|p1b: Miraidon
|move|p1a: Calyrex|Leech Seed|p2b: Zamazenta
|-start|p2b: Zamazenta|move: Leech Seed
|
|-damage|p2b: Zamazenta|0 fnt|[from] Leech Seed|[of] p1a: Calyrex
|faint|p2b: Zamazenta
|-fieldend|move: Electric Terrain
|upkeep
|turn|6
|inactive|dingdanglin has 30 seconds left.
|
|t:|1750776448
|move|p2a: Lunala|Meteor Beam||[still]
|-prepare|p2a: Lunala|Meteor Beam
|-boost|p2a: Lunala|spa|1
|move|p1a: Calyrex|Leech Seed|p2a: Lunala
|-start|p2a: Lunala|move: Leech Seed
|
|-damage|p2a: Lunala|64/100|[from] Leech Seed|[of] p1a: Calyrex
|upkeep
|turn|7
|
|t:|1750776457
|move|p1a: Calyrex|Protect|p1a: Calyrex
|-singleturn|p1a: Calyrex|Protect
|move|p2a: Lunala|Meteor Beam|p1a: Calyrex|[from] lockedmove
|-activate|p1a: Calyrex|move: Protect
|
|-damage|p2a: Lunala|52/100|[from] Leech Seed|[of] p1a: Calyrex
|upkeep
|turn|8
|
|t:|1750776469
|move|p2a: Lunala|Moongeist Beam|p1a: Calyrex
|-damage|p1a: Calyrex|57/100
|move|p1a: Calyrex|Glacial Lance|p2a: Lunala
|-damage|p2a: Lunala|0 fnt
|faint|p2a: Lunala
|
|win|dingdanglin
|raw|dingdanglin's rating: 1260 &rarr; <strong>1289</strong><br />(+29 for winning)
|raw|mattun's rating: 1320 &rarr; <strong>1297</strong><br />(-23 for losing)
|l|☆mattun
|player|p2|
