|j|☆Moist Fastgamer
|j|☆HappyW
|t:|1750827253
|gametype|doubles
|player|p1|Moist Fastgamer|169|1322
|player|p2|HappyW|akari|1375
|teamsize|p1|6
|teamsize|p2|6
|gen|9
|tier|[Gen 9] VGC 2025 Reg I
|rated|
|rule|Species Clause: Limit one of each Pokémon
|rule|Item Clause: Limit 1 of each item
|clearpoke
|poke|p1|Calyrex-Shadow, L50|
|poke|p1|Urshifu-*, L50, M|
|poke|p1|Talonflame, L50, M|
|poke|p1|Incineroar, L50, F|
|poke|p1|Raging Bolt, L50|
|poke|p1|Zamazenta-*, L50|
|poke|p2|Zacian-*, L50|
|poke|p2|Miraidon, L50|
|poke|p2|Chien-Pao, L50|
|poke|p2|Ogerpon-Hearthflame, L50, F|
|poke|p2|Landorus, L50, M|
|poke|p2|Farigiraf, L50, F|
|teampreview|4
|inactive|Battle timer is ON: inactive players will automatically lose when time's up. (requested by HappyW)
|inactive|Moist Fastgamer has 60 seconds left.
|
|t:|1750827286
|start
|switch|p1a: Zamazenta|Zamazenta-Crowned, L50|100/100
|switch|p1b: Talonflame|Talonflame, L50, M|100/100
|switch|p2a: Miraidon|Miraidon, L50|100/100
|switch|p2b: Chien-Pao|Chien-Pao, L50|100/100
|-fieldstart|move: Electric Terrain|[from] ability: Hadron Engine|[of] p2a: Miraidon
|-ability|p2b: Chien-Pao|Sword of Ruin
|-ability|p1a: Zamazenta|Dauntless Shield|boost
|-boost|p1a: Zamazenta|def|1
|turn|1
|inactive|Moist Fastgamer has 30 seconds left.
|inactive|HappyW has 30 seconds left.
|inactive|Moist Fastgamer has 20 seconds left.
|inactive|HappyW has 20 seconds left.
|inactive|HappyW has 15 seconds left.
|
|t:|1750827328
|switch|p2b: Farigiraf|Farigiraf, L50, F, shiny|100/100
|-enditem|p2b: Farigiraf|Electric Seed
|-boost|p2b: Farigiraf|def|1|[from] item: Electric Seed
|-terastallize|p2a: Miraidon|Electric
|move|p1b: Talonflame|Tailwind|p1b: Talonflame
|-sidestart|p1: Moist Fastgamer|move: Tailwind
|move|p1a: Zamazenta|Body Press|p2a: Miraidon
|-damage|p2a: Miraidon|32/100
|move|p2a: Miraidon|Volt Switch|p1a: Zamazenta
|-damage|p1a: Zamazenta|28/100
|
|t:|1750827341
|switch|p2a: Zacian|Zacian-Crowned, L50, shiny|100/100|[from] Volt Switch
|-ability|p2a: Zacian|Intrepid Sword|boost
|-boost|p2a: Zacian|atk|1
|
|upkeep
|turn|2
|
|t:|1750827365
|move|p1a: Zamazenta|Protect|p1a: Zamazenta
|-singleturn|p1a: Zamazenta|Protect
|move|p2a: Zacian|Protect|p2a: Zacian
|-singleturn|p2a: Zacian|Protect
|move|p1b: Talonflame|Will-O-Wisp|p2a: Zacian
|-activate|p2a: Zacian|move: Protect
|move|p2b: Farigiraf|Trick Room|p2b: Farigiraf
|-fieldstart|move: Trick Room|[of] p2b: Farigiraf
|
|upkeep
|turn|3
|inactive|Moist Fastgamer has 30 seconds left.
|
|t:|1750827400
|switch|p2b: Miraidon|Miraidon, L50, tera:Electric|32/100
|-activate|p2b: Miraidon|ability: Hadron Engine
|move|p2a: Zacian|Sacred Sword|p1a: Zamazenta
|-supereffective|p1a: Zamazenta
|-crit|p1a: Zamazenta
|-damage|p1a: Zamazenta|0 fnt
|faint|p1a: Zamazenta
|move|p1b: Talonflame|Will-O-Wisp|p2a: Zacian
|-status|p2a: Zacian|brn
|
|-damage|p2a: Zacian|95/100 brn|[from] brn
|upkeep
|
|t:|1750827412
|switch|p1a: Raging Bolt|Raging Bolt, L50|100/100
|turn|4
|inactive|Moist Fastgamer has 30 seconds left.
|
|t:|1750827440
|-terastallize|p1a: Raging Bolt|Electric
|move|p1b: Talonflame|Brave Bird|p2b: Miraidon
|-resisted|p2b: Miraidon
|-damage|p2b: Miraidon|13/100
|-damage|p1b: Talonflame|93/100|[from] Recoil
|move|p1a: Raging Bolt|Thunderbolt|p2a: Zacian
|-damage|p2a: Zacian|22/100 brn
|move|p2a: Zacian|Play Rough|p1a: Raging Bolt
|-damage|p1a: Raging Bolt|70/100
|-unboost|p1a: Raging Bolt|atk|1
|move|p2b: Miraidon|Draco Meteor|p1a: Raging Bolt
|-damage|p1a: Raging Bolt|17/100
|-unboost|p2b: Miraidon|spa|2
|
|-damage|p2a: Zacian|16/100 brn|[from] brn
|-sideend|p1: Moist Fastgamer|move: Tailwind
|upkeep
|turn|5
|inactive|Moist Fastgamer has 30 seconds left.
|inactive|HappyW has 30 seconds left.
|
|t:|1750827469
|switch|p2b: Farigiraf|Farigiraf, L50, F, shiny|100/100
|move|p1a: Raging Bolt|Thunderclap||[still]
|cant|p2b: Farigiraf|ability: Armor Tail|Thunderclap|[of] p1a: Raging Bolt
|move|p1b: Talonflame|Brave Bird|p2a: Zacian
|-resisted|p2a: Zacian
|-damage|p2a: Zacian|0 fnt
|faint|p2a: Zacian
|-damage|p1b: Talonflame|87/100|[from] Recoil
|
|-fieldend|move: Electric Terrain
|upkeep
|
|t:|1750827488
|switch|p2a: Chien-Pao|Chien-Pao, L50|100/100
|-ability|p2a: Chien-Pao|Sword of Ruin
|turn|6
|inactive|Moist Fastgamer has 30 seconds left.
|inactive|HappyW has 30 seconds left.
|inactive|Moist Fastgamer has 20 seconds left.
|inactive|HappyW has 20 seconds left.
|inactive|Moist Fastgamer has 15 seconds left.
|inactive|Moist Fastgamer has 10 seconds left.
|inactive|HappyW has 15 seconds left.
|
|t:|1750827535
|move|p1a: Raging Bolt|Thunderclap||[still]
|cant|p2b: Farigiraf|ability: Armor Tail|Thunderclap|[of] p1a: Raging Bolt
|move|p2a: Chien-Pao|Sucker Punch||[still]
|-fail|p2a: Chien-Pao
|move|p2b: Farigiraf|Psychic|p1b: Talonflame
|-damage|p1b: Talonflame|33/100
|move|p1b: Talonflame|Brave Bird|p2b: Farigiraf
|-damage|p2b: Farigiraf|61/100
|-damage|p1b: Talonflame|14/100|[from] Recoil
|
|-fieldend|move: Trick Room
|upkeep
|turn|7
|
|t:|1750827559
|move|p1b: Talonflame|Brave Bird|p2a: Chien-Pao
|-damage|p2a: Chien-Pao|42/100
|-damage|p1b: Talonflame|0 fnt|[from] Recoil
|faint|p1b: Talonflame
|move|p2a: Chien-Pao|Icicle Crash|p1a: Raging Bolt
|-damage|p1a: Raging Bolt|0 fnt
|faint|p1a: Raging Bolt
|-end|p1a: Raging Bolt|Protosynthesis|[silent]
|move|p2b: Farigiraf|Psychic|p1: Raging Bolt|[notarget]
|-fail|p2b: Farigiraf
|
|upkeep
|
|t:|1750827562
|switch|p1b: Urshifu|Urshifu-Rapid-Strike, L50, M|100/100
|turn|8
|
|t:|1750827569
|move|p1b: Urshifu|Surging Strikes|p2b: Farigiraf
|-crit|p2b: Farigiraf
|-damage|p2b: Farigiraf|38/100
|-crit|p2b: Farigiraf
|-damage|p2b: Farigiraf|15/100
|-crit|p2b: Farigiraf
|-damage|p2b: Farigiraf|0 fnt
|faint|p2b: Farigiraf
|-hitcount|p2: Farigiraf|3
|move|p2a: Chien-Pao|Ruination|p1b: Urshifu
|-damage|p1b: Urshifu|51/100
|
|upkeep
|
|t:|1750827572
|switch|p2b: Miraidon|Miraidon, L50, tera:Electric|13/100
|-fieldstart|move: Electric Terrain|[from] ability: Hadron Engine|[of] p2b: Miraidon
|turn|9
|
|t:|1750827577
|move|p2a: Chien-Pao|Sucker Punch|p1b: Urshifu
|-resisted|p1b: Urshifu
|-damage|p1b: Urshifu|25/100
|move|p2b: Miraidon|Electro Drift|p1b: Urshifu
|-supereffective|p1b: Urshifu
|-crit|p1b: Urshifu
|-damage|p1b: Urshifu|0 fnt
|faint|p1b: Urshifu
|
|win|HappyW
|raw|Moist Fastgamer's rating: 1322 &rarr; <strong>1305</strong><br />(-17 for losing)
|raw|HappyW's rating: 1375 &rarr; <strong>1392</strong><br />(+17 for winning)
