|j|☆HardFreaQ
|j|☆21Kieran
|html|<table width="100%"><tr><td align="left">HardFreaQ</td><td align="right">21Kieran</tr><tr><td align="left"><i class="fa fa-circle-o"></i> <i class="fa fa-circle-o"></i> </td><td align="right"><i class="fa fa-circle-o"></i> <i class="fa fa-circle-o"></i> </tr></table>
|uhtml|bestof|<h2><strong>Game 1</strong> of <a href="/game-bestof3-gen9vgc2025regi-2391195829">a best-of-3</a></h2>
|t:|1750814866
|gametype|doubles
|player|p1|HardFreaQ|lucas|
|player|p2|21Kieran|hau-masters|
|teamsize|p1|6
|teamsize|p2|6
|gen|9
|tier|[Gen 9] VGC 2025 Reg I
|rated|Tournament battle
|rule|Species Clause: Limit one of each Pokémon
|rule|Item Clause: Limit 1 of each item
|raw|<div class="infobox"><details class="readmore" open><summary><strong>3 custom rules:</strong></summary> Force Open Team Sheets, !Open Team Sheets, Best of = 3</details></div>
|clearpoke
|poke|p1|Calyrex-Ice, L50|
|poke|p1|Miraidon, L50|
|poke|p1|Farigiraf, L50, F|
|poke|p1|Volcarona, L50, F|
|poke|p1|Iron Hands, L50|
|poke|p1|Grimmsnarl, L50, M|
|poke|p2|Terapagos, L50, M|
|poke|p2|Miraidon, L50|
|poke|p2|Urshifu-*, L50, F|
|poke|p2|Incineroar, L50, M|
|poke|p2|Sinistcha, L50|
|poke|p2|Landorus, L50, M|
|teampreview|4
|showteam|p1|Calyrex-Ice||ClearAmulet|AsOneGlastrier|GlacialLance,HighHorsepower,TrickRoom,Protect||||||50|,,,,,Fire]Miraidon||ChoiceSpecs|HadronEngine|ElectroDrift,VoltSwitch,DracoMeteor,DazzlingGleam||||||50|,,,,,Fairy]Farigiraf||MirrorHerb|ArmorTail|Psychic,ShadowBall,TrickRoom,HelpingHand|||F|||50|,,,,,Water]Volcarona||ElectricSeed|FlameBody|FieryDance,BugBuzz,QuiverDance,Protect|||F|||50|,,,,,Dragon]Iron Hands||AssaultVest|QuarkDrive|LowKick,DrainPunch,WildCharge,FakeOut||||||50|,,,,,Bug]Grimmsnarl||LightClay|Prankster|SpiritBreak,Reflect,LightScreen,PartingShot|||M|||50|,,,,,Steel
|showteam|p2|Terapagos||ElectricSeed|TeraShift|TeraStarstorm,EarthPower,CalmMind,Protect|||M|||50|,,,,,Stellar]Miraidon||AssaultVest|HadronEngine|ElectroDrift,VoltSwitch,DracoMeteor,Snarl||||||50|,,,,,Electric]Urshifu-Rapid-Strike||ChoiceScarf|UnseenFist|RainDance,SurgingStrikes,CloseCombat,Uturn|||F|||50|,,,,,Water]Incineroar||RockyHelmet|Intimidate|PartingShot,KnockOff,FlareBlitz,FakeOut|||M|||50|,,,,,Ghost]Sinistcha||FocusSash|Hospitality|Protect,LifeDew,ShadowBall,RagePowder||||||50|,,,,,Fire]Landorus||LifeOrb|SheerForce|EarthPower,SludgeBomb,Protect,SandsearStorm|||M|||50|,,,,,Poison
|inactive|Battle timer is ON: inactive players will automatically lose when time's up. (requested by HardFreaQ)
|inactive|HardFreaQ has 60 seconds left.
|
|t:|1750814919
|start
|switch|p1a: Volcarona|Volcarona, L50, F|100/100
|switch|p1b: Grimmsnarl|Grimmsnarl, L50, M, shiny|100/100
|switch|p2a: Terapagos|Terapagos, L50, M|100/100
|switch|p2b: Incineroar|Incineroar, L50, M, shiny|100/100
|-activate|p2a: Terapagos|ability: Tera Shift
|detailschange|p2a: Terapagos|Terapagos-Terastal, L50, M
|-heal|p2a: Terapagos|100/100|[silent]
|-ability|p2b: Incineroar|Intimidate|boost
|-unboost|p1a: Volcarona|atk|1
|-unboost|p1b: Grimmsnarl|atk|1
|turn|1
|
|t:|1750814941
|move|p2a: Terapagos|Protect|p2a: Terapagos
|-singleturn|p2a: Terapagos|Protect
|move|p1a: Volcarona|Quiver Dance|p1a: Volcarona
|-boost|p1a: Volcarona|spa|1
|-boost|p1a: Volcarona|spd|1
|-boost|p1a: Volcarona|spe|1
|move|p1b: Grimmsnarl|Spirit Break|p2a: Terapagos
|-activate|p2a: Terapagos|move: Protect
|move|p2b: Incineroar|Knock Off|p1a: Volcarona
|-damage|p1a: Volcarona|61/100
|-enditem|p1a: Volcarona|Electric Seed|[from] move: Knock Off|[of] p2b: Incineroar
|
|upkeep
|turn|2
|
|t:|1750814952
|move|p1b: Grimmsnarl|Reflect|p1b: Grimmsnarl
|-sidestart|p1: HardFreaQ|Reflect
|move|p1a: Volcarona|Quiver Dance|p1a: Volcarona
|-boost|p1a: Volcarona|spa|1
|-boost|p1a: Volcarona|spd|1
|-boost|p1a: Volcarona|spe|1
|move|p2a: Terapagos|Calm Mind|p2a: Terapagos
|-boost|p2a: Terapagos|spa|1
|-boost|p2a: Terapagos|spd|1
|move|p2b: Incineroar|Parting Shot|p1b: Grimmsnarl
|-unboost|p1b: Grimmsnarl|atk|1
|-unboost|p1b: Grimmsnarl|spa|1
|
|t:|1750814957
|switch|p2b: Miraidon|Miraidon, L50|100/100|[from] Parting Shot
|-fieldstart|move: Electric Terrain|[from] ability: Hadron Engine|[of] p2b: Miraidon
|-enditem|p2a: Terapagos|Electric Seed
|-boost|p2a: Terapagos|def|1|[from] item: Electric Seed
|
|upkeep
|turn|3
|
|t:|1750814963
|move|p1b: Grimmsnarl|Light Screen|p1b: Grimmsnarl
|-sidestart|p1: HardFreaQ|move: Light Screen
|move|p1a: Volcarona|Quiver Dance|p1a: Volcarona
|-boost|p1a: Volcarona|spa|1
|-boost|p1a: Volcarona|spd|1
|-boost|p1a: Volcarona|spe|1
|move|p2b: Miraidon|Electro Drift|p1a: Volcarona
|-damage|p1a: Volcarona|37/100
|move|p2a: Terapagos|Tera Starstorm|p1a: Volcarona
|-damage|p1a: Volcarona|20/100
|
|upkeep
|turn|4
|
|t:|1750814972
|-terastallize|p2a: Terapagos|Stellar
|detailschange|p2a: Terapagos|Terapagos-Stellar, L50, M, tera:Stellar
|-heal|p2a: Terapagos|100/100|[silent]
|-ability|p2a: Terapagos|Teraform Zero
|-fieldend|move: Electric Terrain
|move|p1a: Volcarona|Protect|p1a: Volcarona
|-singleturn|p1a: Volcarona|Protect
|move|p1b: Grimmsnarl|Parting Shot|p2b: Miraidon
|-unboost|p2b: Miraidon|atk|1
|-unboost|p2b: Miraidon|spa|1
|
|t:|1750814976
|switch|p1b: Iron Hands|Iron Hands, L50, shiny|100/100|[from] Parting Shot
|move|p2b: Miraidon|Volt Switch|p1a: Volcarona
|-activate|p1a: Volcarona|move: Protect
|move|p2a: Terapagos|Tera Starstorm|p1b: Iron Hands|[spread] p1b
|-activate|p1a: Volcarona|move: Protect
|-damage|p1b: Iron Hands|82/100
|
|upkeep
|turn|5
|
|t:|1750814982
|switch|p2b: Incineroar|Incineroar, L50, M, shiny|100/100
|-ability|p2b: Incineroar|Intimidate|boost
|-unboost|p1a: Volcarona|atk|1
|-unboost|p1b: Iron Hands|atk|1
|move|p1b: Iron Hands|Fake Out|p2b: Incineroar
|-damage|p2b: Incineroar|92/100
|-damage|p1b: Iron Hands|66/100|[from] item: Rocky Helmet|[of] p2b: Incineroar
|move|p1a: Volcarona|Fiery Dance|p2a: Terapagos
|-damage|p2a: Terapagos|63/100
|-boost|p1a: Volcarona|spa|1
|move|p2a: Terapagos|Tera Starstorm|p1a: Volcarona|[spread] p1a,p1b
|-damage|p1a: Volcarona|8/100
|-damage|p1b: Iron Hands|48/100
|
|upkeep
|turn|6
|
|t:|1750815005
|move|p1a: Volcarona|Protect|p1a: Volcarona
|-singleturn|p1a: Volcarona|Protect
|move|p2b: Incineroar|Fake Out|p1b: Iron Hands
|-damage|p1b: Iron Hands|43/100
|move|p2a: Terapagos|Tera Starstorm|p1a: Volcarona|[spread] p1b
|-activate|p1a: Volcarona|move: Protect
|-damage|p1b: Iron Hands|23/100
|cant|p1b: Iron Hands|flinch
|
|upkeep
|turn|7
|
|t:|1750815019
|-end|p1b: Iron Hands|Quark Drive|[silent]
|switch|p1b: Grimmsnarl|Grimmsnarl, L50, M, shiny|100/100
|move|p1a: Volcarona|Bug Buzz|p2a: Terapagos
|-damage|p2a: Terapagos|11/100
|move|p2a: Terapagos|Tera Starstorm|p1b: Grimmsnarl|[spread] p1a,p1b
|-damage|p1a: Volcarona|0 fnt
|-damage|p1b: Grimmsnarl|69/100
|faint|p1a: Volcarona
|move|p2b: Incineroar|Parting Shot|p1b: Grimmsnarl
|-unboost|p1b: Grimmsnarl|atk|1
|-unboost|p1b: Grimmsnarl|spa|1
|
|t:|1750815027
|switch|p2b: Sinistcha|Sinistcha, L50|100/100|[from] Parting Shot
|-heal|p2a: Terapagos|36/100|[from] ability: Hospitality|[of] p2b: Sinistcha
|
|upkeep
|
|t:|1750815029
|switch|p1a: Calyrex|Calyrex-Ice, L50|100/100
|-ability|p1a: Calyrex|As One
|-ability|p1a: Calyrex|Unnerve
|turn|8
|
|t:|1750815041
|move|p1b: Grimmsnarl|Parting Shot|p2a: Terapagos
|-unboost|p2a: Terapagos|atk|1
|-unboost|p2a: Terapagos|spa|1
|
|t:|1750815044
|switch|p1b: Iron Hands|Iron Hands, L50, shiny|23/100|[from] Parting Shot
|move|p2a: Terapagos|Tera Starstorm|p1b: Iron Hands|[spread] p1a,p1b
|-damage|p1a: Calyrex|86/100
|-damage|p1b: Iron Hands|12/100
|move|p2b: Sinistcha|Life Dew||[still]|[spread] p2a,p2b
|-heal|p2a: Terapagos|60/100
|-fail|p2b: Sinistcha|heal
|move|p1a: Calyrex|Glacial Lance|p2b: Sinistcha|[spread] p2a,p2b
|-supereffective|p2b: Sinistcha
|-damage|p2a: Terapagos|40/100
|-enditem|p2b: Sinistcha|Focus Sash
|-damage|p2b: Sinistcha|1/100
|
|upkeep
|turn|9
|
|t:|1750815060
|switch|p2b: Incineroar|Incineroar, L50, M, shiny|92/100
|-ability|p2b: Incineroar|Intimidate|boost
|-fail|p1a: Calyrex|unboost|[from] item: Clear Amulet|[of] p1a: Calyrex
|-unboost|p1b: Iron Hands|atk|1
|move|p1b: Iron Hands|Fake Out|p2a: Terapagos
|-damage|p2a: Terapagos|36/100
|cant|p2a: Terapagos|flinch
|move|p1a: Calyrex|Trick Room|p1a: Calyrex
|-fieldstart|move: Trick Room|[of] p1a: Calyrex
|
|-sideend|p1: HardFreaQ|Reflect
|upkeep
|turn|10
|
|t:|1750815076
|move|p2b: Incineroar|Fake Out|p1a: Calyrex
|-damage|p1a: Calyrex|80/100
|cant|p1a: Calyrex|flinch
|move|p1b: Iron Hands|Low Kick|p2a: Terapagos
|-supereffective|p2a: Terapagos
|-damage|p2a: Terapagos|15/100
|move|p2a: Terapagos|Calm Mind|p2a: Terapagos
|-boost|p2a: Terapagos|spa|1
|-boost|p2a: Terapagos|spd|1
|
|-sideend|p1: HardFreaQ|move: Light Screen
|upkeep
|turn|11
|j| imgoldshark07
|
|t:|1750815088
|switch|p2b: Sinistcha|Sinistcha, L50|1/100
|-heal|p2a: Terapagos|39/100|[from] ability: Hospitality|[of] p2b: Sinistcha
|-terastallize|p1a: Calyrex|Fire
|move|p1a: Calyrex|Glacial Lance|p2b: Sinistcha|[spread] p2a,p2b
|-supereffective|p2b: Sinistcha
|-damage|p2a: Terapagos|19/100
|-damage|p2b: Sinistcha|0 fnt
|faint|p2b: Sinistcha
|-ability|p1a: Calyrex|Chilling Neigh|boost
|-boost|p1a: Calyrex|atk|1
|move|p1b: Iron Hands|Low Kick|p2a: Terapagos
|-supereffective|p2a: Terapagos
|-damage|p2a: Terapagos|0 fnt
|faint|p2a: Terapagos
|detailschange|p2: Terapagos|Terapagos, L50, M|[silent]
|
|upkeep
|
|t:|1750815097
|switch|p2a: Incineroar|Incineroar, L50, M, shiny|92/100
|switch|p2b: Miraidon|Miraidon, L50|100/100
|-ability|p2a: Incineroar|Intimidate|boost
|-fail|p1a: Calyrex|unboost|[from] item: Clear Amulet|[of] p1a: Calyrex
|-unboost|p1b: Iron Hands|atk|1
|-fieldstart|move: Electric Terrain|[from] ability: Hadron Engine|[of] p2b: Miraidon
|-activate|p1b: Iron Hands|ability: Quark Drive
|-start|p1b: Iron Hands|quarkdrivedef
|turn|12
|
|t:|1750815103
|-end|p1b: Iron Hands|Quark Drive|[silent]
|switch|p1b: Grimmsnarl|Grimmsnarl, L50, M, shiny|69/100
|move|p1a: Calyrex|Protect|p1a: Calyrex
|-singleturn|p1a: Calyrex|Protect
|move|p2a: Incineroar|Fake Out|p1a: Calyrex
|-activate|p1a: Calyrex|move: Protect
|move|p2b: Miraidon|Electro Drift|p1b: Grimmsnarl
|-damage|p1b: Grimmsnarl|0 fnt
|faint|p1b: Grimmsnarl
|
|upkeep
|
|t:|1750815106
|switch|p1b: Iron Hands|Iron Hands, L50, shiny|12/100
|-activate|p1b: Iron Hands|ability: Quark Drive
|-start|p1b: Iron Hands|quarkdriveatk
|turn|13
|
|t:|1750815112
|move|p1b: Iron Hands|Fake Out|p2a: Incineroar
|-damage|p2a: Incineroar|77/100
|-damage|p1b: Iron Hands|0 fnt|[from] item: Rocky Helmet|[of] p2a: Incineroar
|faint|p1b: Iron Hands
|-end|p1b: Iron Hands|Quark Drive|[silent]
|move|p1a: Calyrex|Glacial Lance|p2b: Miraidon|[spread] p2a,p2b
|-resisted|p2a: Incineroar
|-supereffective|p2b: Miraidon
|-damage|p2a: Incineroar|45/100
|-damage|p2b: Miraidon|0 fnt
|faint|p2b: Miraidon
|-ability|p1a: Calyrex|Chilling Neigh|boost
|-boost|p1a: Calyrex|atk|1
|cant|p2a: Incineroar|flinch
|
|-fieldend|move: Trick Room
|upkeep
|turn|14
|
|t:|1750815115
|move|p2a: Incineroar|Knock Off|p1a: Calyrex
|-crit|p1a: Calyrex
|-damage|p1a: Calyrex|43/100
|-enditem|p1a: Calyrex|Clear Amulet|[from] move: Knock Off|[of] p2a: Incineroar
|move|p1a: Calyrex|High Horsepower|p2a: Incineroar
|-supereffective|p2a: Incineroar
|-damage|p2a: Incineroar|0 fnt
|-damage|p1a: Calyrex|27/100|[from] item: Rocky Helmet|[of] p2a: Incineroar
|faint|p2a: Incineroar
|
|win|HardFreaQ
