|j|☆Fidgettoysforkids
|j|☆dragoonlong
|t:|1750738803
|gametype|doubles
|player|p1|Fidgettoysforkids|pokemonrangerf-gen4|1197
|player|p2|dragoonlong|1|1267
|teamsize|p1|6
|teamsize|p2|6
|gen|9
|tier|[Gen 9] VGC 2025 Reg I
|rated|
|rule|Species Clause: Limit one of each Pokémon
|rule|Item Clause: Limit 1 of each item
|clearpoke
|poke|p1|Koraidon, L50|
|poke|p1|Flutter Mane, L50|
|poke|p1|Zamazenta-*, L50|
|poke|p1|Amoonguss, L50, M|
|poke|p1|Incineroar, L50, F|
|poke|p1|Gouging Fire, L50|
|poke|p2|Grimmsnarl, L50, M|
|poke|p2|Miraidon, L50|
|poke|p2|Incineroar, L50, F|
|poke|p2|Ditto, L50|
|poke|p2|Pawmot, L50, F|
|poke|p2|Ho-Oh, L50|
|teampreview|4
|inactive|Battle timer is ON: inactive players will automatically lose when time's up. (requested by dragoonlong)
|
|t:|1750738822
|start
|switch|p1a: Incineroar|Incineroar, L50, F|100/100
|switch|p1b: Gouging Fire|Gouging Fire, L50|100/100
|switch|p2a: Ditto|Ditto, L50|100/100
|switch|p2b: Ho-Oh|Ho-Oh, L50|100/100
|-transform|p2a: Ditto|p1b: Gouging Fire|[from] ability: Imposter
|-ability|p1a: Incineroar|Intimidate|boost
|-unboost|p2a: Ditto|atk|1
|-unboost|p2b: Ho-Oh|atk|1
|turn|1
|inactive|dragoonlong has 30 seconds left.
|
|t:|1750738854
|move|p1a: Incineroar|Fake Out|p2b: Ho-Oh
|-damage|p2b: Ho-Oh|92/100
|-damage|p1a: Incineroar|84/100|[from] item: Rocky Helmet|[of] p2b: Ho-Oh
|cant|p2b: Ho-Oh|flinch
|move|p1b: Gouging Fire|Dragon Claw|p2a: Ditto
|-supereffective|p2a: Ditto
|-damage|p2a: Ditto|18/100
|move|p2a: Ditto|Roar|p1b: Gouging Fire
|-end|p1b: Gouging Fire|Protosynthesis|[silent]
|drag|p1b: Koraidon|Koraidon, L50|100/100
|-weather|SunnyDay|[from] ability: Orichalcum Pulse|[of] p1b: Koraidon
|-activate|p1b: Koraidon|Orichalcum Pulse|[source]
|
|-weather|SunnyDay|[upkeep]
|upkeep
|turn|2
|
|t:|1750738879
|-end|p2a: Ditto|Protosynthesis|[silent]
|switch|p2a: Incineroar|Incineroar, L50, F|100/100
|-ability|p2a: Incineroar|Intimidate|boost
|-unboost|p1a: Incineroar|atk|1
|-unboost|p1b: Koraidon|atk|1
|move|p1b: Koraidon|Protect|p1b: Koraidon
|-singleturn|p1b: Koraidon|Protect
|move|p2b: Ho-Oh|Brave Bird|p1b: Koraidon
|-activate|p1b: Koraidon|move: Protect
|move|p1a: Incineroar|Knock Off|p2a: Incineroar
|-resisted|p2a: Incineroar
|-damage|p2a: Incineroar|88/100
|-enditem|p2a: Incineroar|Safety Goggles|[from] move: Knock Off|[of] p1a: Incineroar
|
|-weather|SunnyDay|[upkeep]
|upkeep
|turn|3
|inactive|Fidgettoysforkids has 30 seconds left.
|
|t:|1750738912
|-terastallize|p1b: Koraidon|Fire
|move|p2a: Incineroar|Fake Out|p1b: Koraidon
|-damage|p1b: Koraidon|91/100
|cant|p1b: Koraidon|flinch
|move|p2b: Ho-Oh|Tailwind|p2b: Ho-Oh
|-sidestart|p2: dragoonlong|move: Tailwind
|move|p1a: Incineroar|Knock Off|p2b: Ho-Oh
|-damage|p2b: Ho-Oh|71/100
|-damage|p1a: Incineroar|68/100|[from] item: Rocky Helmet|[of] p2b: Ho-Oh
|-enditem|p2b: Ho-Oh|Rocky Helmet|[from] move: Knock Off|[of] p1a: Incineroar
|
|-weather|SunnyDay|[upkeep]
|upkeep
|turn|4
|
|t:|1750738931
|switch|p2b: Ditto|Ditto, L50|18/100
|-transform|p2b: Ditto|p1a: Incineroar|[from] ability: Imposter
|-ability|p2b: Ditto|Intimidate|boost
|-unboost|p1a: Incineroar|atk|1
|-unboost|p1b: Koraidon|atk|1
|switch|p1b: Flutter Mane|Flutter Mane, L50|100/100
|-activate|p1b: Flutter Mane|ability: Protosynthesis
|-start|p1b: Flutter Mane|protosynthesisspe
|move|p2a: Incineroar|Knock Off|p1a: Incineroar
|-resisted|p1a: Incineroar
|-damage|p1a: Incineroar|50/100
|-enditem|p1a: Incineroar|Assault Vest|[from] move: Knock Off|[of] p2a: Incineroar
|move|p1a: Incineroar|Flare Blitz|p2b: Ditto
|-resisted|p2b: Ditto
|-damage|p2b: Ditto|0 fnt
|faint|p2b: Ditto
|-damage|p1a: Incineroar|45/100|[from] Recoil
|
|-weather|SunnyDay|[upkeep]
|upkeep
|
|t:|1750738953
|switch|p2b: Miraidon|Miraidon, L50|100/100
|-fieldstart|move: Electric Terrain|[from] ability: Hadron Engine|[of] p2b: Miraidon
|turn|5
|
|t:|1750738971
|move|p1b: Flutter Mane|Protect|p1b: Flutter Mane
|-singleturn|p1b: Flutter Mane|Protect
|move|p2b: Miraidon|Volt Switch|p1a: Incineroar
|-damage|p1a: Incineroar|0 fnt
|faint|p1a: Incineroar
|
|t:|1750738976
|switch|p2b: Ho-Oh|Ho-Oh, L50|100/100|[from] Volt Switch
|move|p2a: Incineroar|Knock Off|p1b: Flutter Mane
|-activate|p1b: Flutter Mane|move: Protect
|
|-weather|none
|-end|p1b: Flutter Mane|Protosynthesis
|upkeep
|
|t:|1750738985
|switch|p1a: Koraidon|Koraidon, L50, tera:Fire|91/100
|-weather|SunnyDay|[from] ability: Orichalcum Pulse|[of] p1a: Koraidon
|-activate|p1b: Flutter Mane|ability: Protosynthesis
|-start|p1b: Flutter Mane|protosynthesisspe
|-activate|p1a: Koraidon|Orichalcum Pulse|[source]
|turn|6
|
|t:|1750739004
|move|p1a: Koraidon|Protect|p1a: Koraidon
|-singleturn|p1a: Koraidon|Protect
|move|p1b: Flutter Mane|Thunderbolt|p2b: Ho-Oh
|-supereffective|p2b: Ho-Oh
|-damage|p2b: Ho-Oh|50/100
|-status|p2b: Ho-Oh|par
|move|p2a: Incineroar|Knock Off|p1b: Flutter Mane
|-damage|p1b: Flutter Mane|13/100
|-enditem|p1b: Flutter Mane|Focus Sash|[from] move: Knock Off|[of] p2a: Incineroar
|move|p2b: Ho-Oh|Brave Bird|p1b: Flutter Mane
|-damage|p1b: Flutter Mane|0 fnt
|faint|p1b: Flutter Mane
|-end|p1b: Flutter Mane|Protosynthesis|[silent]
|-damage|p2b: Ho-Oh|47/100 par|[from] Recoil
|
|-weather|SunnyDay|[upkeep]
|-sideend|p2: dragoonlong|move: Tailwind
|upkeep
|
|t:|1750739020
|switch|p1b: Gouging Fire|Gouging Fire, L50|100/100
|-activate|p1b: Gouging Fire|ability: Protosynthesis
|-start|p1b: Gouging Fire|protosynthesisatk
|turn|7
|
|t:|1750739035
|switch|p2a: Miraidon|Miraidon, L50|100/100
|-activate|p2a: Miraidon|ability: Hadron Engine
|move|p2b: Ho-Oh|Protect|p2b: Ho-Oh
|-singleturn|p2b: Ho-Oh|Protect
|move|p1a: Koraidon|Flare Blitz|p2b: Ho-Oh
|-activate|p2b: Ho-Oh|move: Protect
|move|p1b: Gouging Fire|Dragon Claw|p2b: Ho-Oh
|-activate|p2b: Ho-Oh|move: Protect
|
|-weather|SunnyDay|[upkeep]
|upkeep
|turn|8
|
|t:|1750739057
|switch|p2b: Incineroar|Incineroar, L50, F|88/100
|-ability|p2b: Incineroar|Intimidate|boost
|-unboost|p1a: Koraidon|atk|1
|-unboost|p1b: Gouging Fire|atk|1
|-terastallize|p2a: Miraidon|Electric
|move|p1a: Koraidon|Close Combat|p2a: Miraidon
|-damage|p2a: Miraidon|36/100
|-unboost|p1a: Koraidon|def|1
|-unboost|p1a: Koraidon|spd|1
|-damage|p1a: Koraidon|81/100|[from] item: Life Orb
|move|p2a: Miraidon|Draco Meteor|p1b: Gouging Fire
|-supereffective|p1b: Gouging Fire
|-damage|p1b: Gouging Fire|0 fnt
|-unboost|p2a: Miraidon|spa|2
|faint|p1b: Gouging Fire
|-end|p1b: Gouging Fire|Protosynthesis|[silent]
|
|-weather|SunnyDay|[upkeep]
|upkeep
|turn|9
|inactive|Fidgettoysforkids has 30 seconds left.
|
|t:|1750739087
|move|p2b: Incineroar|Fake Out|p1a: Koraidon
|-damage|p1a: Koraidon|68/100
|cant|p1a: Koraidon|flinch
|move|p2a: Miraidon|Volt Switch|p1a: Koraidon
|-damage|p1a: Koraidon|0 fnt
|faint|p1a: Koraidon
|
|win|dragoonlong
|raw|Fidgettoysforkids's rating: 1197 &rarr; <strong>1177</strong><br />(-20 for losing)
|raw|dragoonlong's rating: 1267 &rarr; <strong>1287</strong><br />(+20 for winning)
|l|☆Fidgettoysforkids
|player|p1|
|l|☆dragoonlong
|player|p2|
