|j|☆darkdozo
|j|☆Lewlo
|t:|1750876462
|gametype|doubles
|player|p1|darkdozo|giovanni-gen1rb|
|player|p2|Lewlo|gardenia|
|teamsize|p1|6
|teamsize|p2|6
|gen|9
|tier|[Gen 9] VGC 2025 Reg I
|rated|Tournament battle
|rule|Species Clause: Limit one of each Pokémon
|rule|Item Clause: Limit 1 of each item
|raw|<div class="infobox"><details class="readmore" open><summary><strong>2 custom rules:</strong></summary> Force Open Team Sheets, !Open Team Sheets</details></div>
|clearpoke
|poke|p1|Sneasler, L50, M|
|poke|p1|Dondozo, L50, F|
|poke|p1|Tatsugiri-Droopy, L50, F|
|poke|p1|Miraidon, L50|
|poke|p1|Calyrex-Shadow, L50|
|poke|p1|Urshifu-*, L50, F|
|poke|p2|Kyogre, L50|
|poke|p2|Zamazenta-*, L50|
|poke|p2|Chien-Pao, L50|
|poke|p2|Landorus, L50, M|
|poke|p2|Roaring Moon, L50|
|poke|p2|Amoonguss, L50, M|
|teampreview|4
|showteam|p1|Sneasler||ElectricSeed|Unburden|CloseCombat,PoisonJab,ToxicSpikes,Protect|||M|||50|,,,,,Dark]Dondozo||Leftovers|Unaware|Earthquake,OrderUp,BodyPress,Protect|||F|||50|,,,,,Electric]Tatsugiri-Droopy||FocusSash|Commander|DracoMeteor,Surf,HelpingHand,Protect|||F|||50|,,,,,Water]Miraidon||ChoiceScarf|HadronEngine|Snarl,ElectroDrift,DazzlingGleam,DracoMeteor||||||50|,,,,,Fairy]Calyrex-Shadow||LifeOrb|AsOneSpectrier|AstralBarrage,DrainingKiss,Psychic,Protect||||||50|,,,,,Fairy]Urshifu-Rapid-Strike||ChoiceBand|UnseenFist|SurgingStrikes,CloseCombat,Uturn,AquaJet|||F|||50|,,,,,Water
|showteam|p2|Kyogre||AssaultVest|Drizzle|IceBeam,HydroPump,OriginPulse,WaterSpout||||||50|,,,,,Grass]Zamazenta-Crowned||RustedShield|DauntlessShield|behemothbash,BodyPress,WideGuard,Protect||||||50|,,,,,Dragon]Chien-Pao||FocusSash|SwordofRuin|IceSpinner,SuckerPunch,Crunch,Protect||||||50|,,,,,Ghost]Landorus||LifeOrb|SheerForce|EarthPower,SandsearStorm,SludgeBomb,Protect|||M|||50|,,,,,Water]Roaring Moon||BoosterEnergy|Protosynthesis|Acrobatics,KnockOff,Tailwind,Protect||||||50|,,,,,Flying]Amoonguss||RockyHelmet|Regenerator|RagePowder,PollenPuff,Spore,ClearSmog|||M|||50|,,,,,Water
|inactive|Battle timer is ON: inactive players will automatically lose when time's up. (requested by darkdozo)
|inactive|Lewlo also wants the timer to be on.
|c|☆Lewlo|glhf
|j| FBISurveillanceMan
|j| Hy3llo
|c|☆darkdozo|pesk mushroom
|c|☆darkdozo|i need to play real vgc
|j| Ducktile
|c|☆darkdozo|i have been clicking same 4 button for last 5 matches
|inactive|darkdozo has 60 seconds left.
|inactive|Lewlo has 60 seconds left.
|
|t:|1750876508
|start
|switch|p1a: Miraidon|Miraidon, L50|100/100
|switch|p1b: Calyrex|Calyrex-Shadow, L50|100/100
|switch|p2a: Landorus|Landorus, L50, M|100/100
|switch|p2b: Kyogre|Kyogre, L50|100/100
|-ability|p1b: Calyrex|As One
|-ability|p1b: Calyrex|Unnerve
|-fieldstart|move: Electric Terrain|[from] ability: Hadron Engine|[of] p1a: Miraidon
|-weather|RainDance|[from] ability: Drizzle|[of] p2b: Kyogre
|turn|1
|
|t:|1750876522
|-terastallize|p2b: Kyogre|Grass
|move|p1a: Miraidon|Draco Meteor|p2a: Landorus
|-damage|p2a: Landorus|0 fnt
|-unboost|p1a: Miraidon|spa|2
|faint|p2a: Landorus
|move|p1b: Calyrex|Astral Barrage|p2b: Kyogre
|-damage|p2b: Kyogre|61/100
|-damage|p1b: Calyrex|91/100|[from] item: Life Orb
|move|p2b: Kyogre|Origin Pulse|p1a: Miraidon|[spread] p1a,p1b
|-resisted|p1a: Miraidon
|-damage|p1a: Miraidon|71/100
|-damage|p1b: Calyrex|14/100
|
|-weather|RainDance|[upkeep]
|upkeep
|j| Stegozard
|
|t:|1750876544
|switch|p2a: Zamazenta|Zamazenta-Crowned, L50|100/100
|-ability|p2a: Zamazenta|Dauntless Shield|boost
|-boost|p2a: Zamazenta|def|1
|turn|2
|
|t:|1750876553
|move|p1a: Miraidon|Draco Meteor|p2b: Kyogre
|-damage|p2b: Kyogre|40/100
|-unboost|p1a: Miraidon|spa|2
|move|p1b: Calyrex|Psychic|p2a: Zamazenta
|-damage|p2a: Zamazenta|45/100
|-damage|p1b: Calyrex|4/100|[from] item: Life Orb
|move|p2a: Zamazenta|Body Press|p1a: Miraidon
|-crit|p1a: Miraidon
|-damage|p1a: Miraidon|0 fnt
|faint|p1a: Miraidon
|move|p2b: Kyogre|Origin Pulse|p1b: Calyrex
|-damage|p1b: Calyrex|0 fnt
|faint|p1b: Calyrex
|
|-weather|RainDance|[upkeep]
|upkeep
|
|t:|1750876563
|switch|p1b: Sneasler|Sneasler, L50, M, shiny|100/100
|switch|p1a: Urshifu|Urshifu-Rapid-Strike, L50, F|100/100
|-enditem|p1b: Sneasler|Electric Seed
|-boost|p1b: Sneasler|def|1|[from] item: Electric Seed
|turn|3
|
|t:|1750876582
|switch|p2b: Amoonguss|Amoonguss, L50, M|100/100
|-terastallize|p1a: Urshifu|Water
|move|p1b: Sneasler|Poison Jab|p2b: Amoonguss
|-damage|p2b: Amoonguss|53/100
|-damage|p1b: Sneasler|84/100|[from] item: Rocky Helmet|[of] p2b: Amoonguss
|move|p2a: Zamazenta|Body Press|p1a: Urshifu
|-damage|p1a: Urshifu|24/100
|move|p1a: Urshifu|Surging Strikes|p2a: Zamazenta
|-crit|p2a: Zamazenta
|-damage|p2a: Zamazenta|5/100
|-crit|p2a: Zamazenta
|-damage|p2a: Zamazenta|0 fnt
|faint|p2a: Zamazenta
|-hitcount|p2: Zamazenta|2
|
|-weather|RainDance|[upkeep]
|upkeep
|j| NicoDullblade
|
|t:|1750876598
|switch|p2a: Kyogre|Kyogre, L50, tera:Grass|40/100
|turn|4
|
|t:|1750876616
|move|p1b: Sneasler|Protect|p1b: Sneasler
|-singleturn|p1b: Sneasler|Protect
|move|p2b: Amoonguss|Rage Powder|p2b: Amoonguss
|-singleturn|p2b: Amoonguss|move: Rage Powder
|move|p1a: Urshifu|Surging Strikes|p2b: Amoonguss
|-resisted|p2b: Amoonguss
|-crit|p2b: Amoonguss
|-damage|p2b: Amoonguss|21/100
|-damage|p1a: Urshifu|7/100|[from] item: Rocky Helmet|[of] p2b: Amoonguss
|-resisted|p2b: Amoonguss
|-crit|p2b: Amoonguss
|-damage|p2b: Amoonguss|0 fnt
|-damage|p1a: Urshifu|0 fnt|[from] item: Rocky Helmet|[of] p2b: Amoonguss
|faint|p2b: Amoonguss
|faint|p1a: Urshifu
|-hitcount|p2: Amoonguss|2
|move|p2a: Kyogre|Origin Pulse|p1b: Sneasler
|-activate|p1b: Sneasler|move: Protect
|
|-weather|RainDance|[upkeep]
|upkeep
|turn|5
|l| NicoDullblade
|
|t:|1750876636
|move|p1b: Sneasler|Poison Jab|p2a: Kyogre
|-supereffective|p2a: Kyogre
|-crit|p2a: Kyogre
|-damage|p2a: Kyogre|0 fnt
|faint|p2a: Kyogre
|
|win|darkdozo
|n|☆darkdozo|darkdozo
|n|☆Lewlo|lewlo
|n| FBISurveillanceMan|fbisurveillanceman
|n| Hy3llo|hy3llo
|n| Ducktile|ducktile
|n| Stegozard|stegozard
|c|☆Lewlo|ggs
|c|☆darkdozo|ggs man
|l| Ducktile
