|j|☆anubisjr
|j|☆Zakmancho
|t:|1750797120
|gametype|doubles
|player|p1|anubisjr|265|1661
|player|p2|Zakmancho|2|1658
|teamsize|p1|6
|teamsize|p2|6
|gen|9
|tier|[Gen 9] VGC 2025 Reg I
|rated|
|rule|Species Clause: Limit one of each Pokémon
|rule|Item Clause: Limit 1 of each item
|clearpoke
|poke|p1|Calyrex-Shadow, L50|
|poke|p1|Miraidon, L50|
|poke|p1|Whimsicott, L50, F|
|poke|p1|Iron Treads, L50|
|poke|p1|Urshifu-*, L50, F|
|poke|p1|Iron Hands, L50|
|poke|p2|Calyrex-Ice, L50|
|poke|p2|Miraidon, L50|
|poke|p2|Grimmsnarl, L50, M|
|poke|p2|Urshifu-*, L50, F|
|poke|p2|Incineroar, L50, M|
|poke|p2|Landorus, L50, M|
|teampreview|4
|inactive|Battle timer is ON: inactive players will automatically lose when time's up. (requested by Zakmancho)
|
|t:|1750797140
|start
|switch|p1a: Miraidon|Miraidon, L50|100/100
|switch|p1b: Calyrex|Calyrex-Shadow, L50|100/100
|switch|p2a: Grimmsnarl|Grimmsnarl, L50, M|100/100
|switch|p2b: Landorus|Landorus, L50, M|100/100
|-ability|p1b: Calyrex|As One
|-ability|p1b: Calyrex|Unnerve
|-fieldstart|move: Electric Terrain|[from] ability: Hadron Engine|[of] p1a: Miraidon
|turn|1
|inactive|anubisjr has 30 seconds left.
|inactive|anubisjr has 20 seconds left.
|inactive|anubisjr has 15 seconds left.
|
|t:|1750797182
|-terastallize|p1a: Miraidon|Fairy
|move|p2a: Grimmsnarl|Light Screen|p2a: Grimmsnarl
|-sidestart|p2: Zakmancho|move: Light Screen
|move|p1b: Calyrex|Astral Barrage|p2a: Grimmsnarl|[spread] p2a,p2b
|-resisted|p2a: Grimmsnarl
|-damage|p2a: Grimmsnarl|77/100
|-damage|p2b: Landorus|53/100
|-damage|p1b: Calyrex|91/100|[from] item: Life Orb
|move|p1a: Miraidon|Electro Drift|p2a: Grimmsnarl
|-crit|p2a: Grimmsnarl
|-damage|p2a: Grimmsnarl|0 fnt
|faint|p2a: Grimmsnarl
|move|p2b: Landorus|Earth Power|p1b: Calyrex
|-damage|p1b: Calyrex|17/100
|
|upkeep
|
|t:|1750797202
|switch|p2a: Miraidon|Miraidon, L50|100/100
|-activate|p2a: Miraidon|ability: Hadron Engine
|turn|2
|
|t:|1750797223
|switch|p1a: Iron Treads|Iron Treads, L50|100/100
|-activate|p1a: Iron Treads|ability: Quark Drive
|-start|p1a: Iron Treads|quarkdrivespe
|move|p1b: Calyrex|Protect|p1b: Calyrex
|-singleturn|p1b: Calyrex|Protect
|move|p2a: Miraidon|Volt Switch|p1b: Calyrex
|-activate|p1b: Calyrex|move: Protect
|move|p2b: Landorus|Earth Power|p1a: Iron Treads
|-supereffective|p1a: Iron Treads
|-damage|p1a: Iron Treads|0 fnt
|faint|p1a: Iron Treads
|-end|p1a: Iron Treads|Quark Drive|[silent]
|
|upkeep
|
|t:|1750797240
|switch|p1a: Miraidon|Miraidon, L50, tera:Fairy|100/100
|-activate|p1a: Miraidon|ability: Hadron Engine
|turn|3
|
|t:|1750797253
|switch|p1b: Urshifu|Urshifu, L50, F|100/100
|-terastallize|p2a: Miraidon|Electric
|move|p1a: Miraidon|Dazzling Gleam|p2a: Miraidon|[spread] p2a,p2b
|-damage|p2a: Miraidon|70/100
|-damage|p2b: Landorus|15/100
|move|p2a: Miraidon|Volt Switch|p1b: Urshifu
|-enditem|p1b: Urshifu|Focus Sash
|-damage|p1b: Urshifu|1/100
|
|t:|1750797265
|switch|p2a: Calyrex|Calyrex-Ice, L50|100/100|[from] Volt Switch
|-ability|p2a: Calyrex|As One
|-ability|p2a: Calyrex|Unnerve
|move|p2b: Landorus|Sludge Bomb|p1a: Miraidon
|-supereffective|p1a: Miraidon
|-damage|p1a: Miraidon|16/100
|
|upkeep
|turn|4
|inactive|Zakmancho has 30 seconds left.
|inactive|Zakmancho has 20 seconds left.
|inactive|Zakmancho has 15 seconds left.
|
|t:|1750797306
|move|p1a: Miraidon|Dazzling Gleam|p2b: Landorus|[spread] p2a,p2b
|-crit|p2b: Landorus
|-damage|p2a: Calyrex|75/100
|-damage|p2b: Landorus|0 fnt
|faint|p2b: Landorus
|move|p1b: Urshifu|Wicked Blow|p2a: Calyrex
|-supereffective|p2a: Calyrex
|-crit|p2a: Calyrex
|-damage|p2a: Calyrex|0 fnt
|faint|p2a: Calyrex
|
|upkeep
|
|t:|1750797309
|switch|p2b: Miraidon|Miraidon, L50, tera:Electric|70/100
|-activate|p2b: Miraidon|ability: Hadron Engine
|turn|5
|
|t:|1750797322
|move|p1b: Urshifu|Sucker Punch|p2b: Miraidon
|-damage|p2b: Miraidon|36/100
|move|p1a: Miraidon|Dazzling Gleam|p2b: Miraidon
|-damage|p2b: Miraidon|0 fnt
|faint|p2b: Miraidon
|
|win|anubisjr
|raw|anubisjr's rating: 1661 &rarr; <strong>1681</strong><br />(+20 for winning)
|raw|Zakmancho's rating: 1658 &rarr; <strong>1638</strong><br />(-20 for losing)
|l|☆Zakmancho
|player|p2|
|l|☆anubisjr
|player|p1|
