|j|☆KuzonVGC
|j|☆DoggoTaco
|t:|1750882628
|gametype|doubles
|player|p1|KuzonVGC|101|1051
|player|p2|DoggoTaco|unknownf|1075
|teamsize|p1|6
|teamsize|p2|6
|gen|9
|tier|[Gen 9] VGC 2025 Reg I
|rated|
|rule|Species Clause: Limit one of each Pokémon
|rule|Item Clause: Limit 1 of each item
|clearpoke
|poke|p1|Incineroar, L50, M|
|poke|p1|Rillaboom, L50, M|
|poke|p1|Revavroom, L50, F|
|poke|p1|Tyranitar, L50, M|
|poke|p1|Flutter Mane, L50|
|poke|p1|Dondozo, L50, M|
|poke|p2|Koraidon, L50|
|poke|p2|Urshifu-*, L50, F|
|poke|p2|Eternatus, L50|
|poke|p2|Amoonguss, L50, M|
|poke|p2|Whimsicott, L50, F|
|poke|p2|Incineroar, L50, M|
|teampreview|4
KuzonVGC has agreed to open team sheets.
DoggoTaco rejected open team sheets.
|inactive|Battle timer is ON: inactive players will automatically lose when time's up. (requested by DoggoTaco)
|
|t:|1750882667
|start
|switch|p1a: Flutter Mane|Flutter Mane, L50|100/100
|switch|p1b: Dondozo|Dondozo, L50, M|100/100
|switch|p2a: Whimsicott|Whimsicott, L50, F, shiny|100/100
|switch|p2b: Emo Pikachu|Urshifu, L50, F|100/100
|-enditem|p1a: Flutter Mane|Booster Energy
|-activate|p1a: Flutter Mane|ability: Protosynthesis|[fromitem]
|-start|p1a: Flutter Mane|protosynthesisspe
|turn|1
|
|t:|1750882682
|move|p1a: Flutter Mane|Protect|p1a: Flutter Mane
|-singleturn|p1a: Flutter Mane|Protect
|move|p2b: Emo Pikachu|Protect|p2b: Emo Pikachu
|-singleturn|p2b: Emo Pikachu|Protect
|move|p2a: Whimsicott|Tailwind|p2a: Whimsicott
|-sidestart|p2: DoggoTaco|move: Tailwind
|move|p1b: Dondozo|Yawn|p2b: Emo Pikachu
|-activate|p2b: Emo Pikachu|move: Protect
|
|upkeep
|turn|2
|
|t:|1750882703
|move|p2a: Whimsicott|Dazzling Gleam|p1a: Flutter Mane|[spread] p1a,p1b
|-damage|p1a: Flutter Mane|81/100
|-damage|p1b: Dondozo|79/100
|move|p2b: Emo Pikachu|Wicked Blow|p1a: Flutter Mane
|-crit|p1a: Flutter Mane
|-damage|p1a: Flutter Mane|0 fnt
|faint|p1a: Flutter Mane
|-end|p1a: Flutter Mane|Protosynthesis|[silent]
|move|p1b: Dondozo|Yawn|p2b: Emo Pikachu
|-start|p2b: Emo Pikachu|move: Yawn|[of] p1b: Dondozo
|
|upkeep
|
|t:|1750882714
|switch|p1a: Revavroom|Revavroom, L50, F|100/100
|turn|3
|
|t:|1750882723
|switch|p2b: Incineroar|Incineroar, L50, M|100/100
|-ability|p2b: Incineroar|Intimidate|boost
|-unboost|p1a: Revavroom|atk|1
|-unboost|p1b: Dondozo|atk|1
|move|p2a: Whimsicott|Dazzling Gleam|p1b: Dondozo|[spread] p1a,p1b
|-resisted|p1a: Revavroom
|-damage|p1a: Revavroom|92/100
|-damage|p1b: Dondozo|61/100
|move|p1a: Revavroom|Iron Head|p2a: Whimsicott
|-supereffective|p2a: Whimsicott
|-damage|p2a: Whimsicott|32/100
|move|p1b: Dondozo|Rock Slide|p2b: Incineroar|[spread] p2a,p2b
|-supereffective|p2b: Incineroar
|-damage|p2a: Whimsicott|14/100
|-damage|p2b: Incineroar|70/100
|-damage|p1b: Dondozo|51/100|[from] item: Life Orb
|
|upkeep
|turn|4
|
|t:|1750882747
|switch|p1b: Tyranitar|Tyranitar, L50, M|100/100
|-weather|Sandstorm|[from] ability: Sand Stream|[of] p1b: Tyranitar
|move|p1a: Revavroom|Protect|p1a: Revavroom
|-singleturn|p1a: Revavroom|Protect
|move|p2b: Incineroar|Fake Out|p1b: Tyranitar
|-resisted|p1b: Tyranitar
|-damage|p1b: Tyranitar|94/100
|-enditem|p1b: Tyranitar|Eject Button
|
|t:|1750882756
|switch|p1b: Dondozo|Dondozo, L50, M|51/100
|move|p2a: Whimsicott|Endeavor|p1a: Revavroom
|-activate|p1a: Revavroom|move: Protect
|
|-weather|Sandstorm|[upkeep]
|-damage|p2a: Whimsicott|8/100|[from] Sandstorm
|-damage|p1b: Dondozo|45/100|[from] Sandstorm
|-sideend|p2: DoggoTaco|move: Tailwind
|upkeep
|turn|5
|l|☆DoggoTaco
|inactive|DoggoTaco disconnected and has a minute to reconnect!
|player|p2|
|inactive|KuzonVGC has 30 seconds left.
|inactive|DoggoTaco has 30 seconds left.
|inactive|DoggoTaco has 20 seconds left.
|inactive|DoggoTaco has 15 seconds left.
|inactive|DoggoTaco has 10 seconds left.
|inactive|DoggoTaco has 5 seconds left.
|-message|DoggoTaco lost due to inactivity.
|
|win|KuzonVGC
|raw|KuzonVGC's rating: 1051 &rarr; <strong>1086</strong><br />(+35 for winning)
|raw|DoggoTaco's rating: 1075 &rarr; <strong>1052</strong><br />(-23 for losing)
