|j|☆rei_arthur_rei
|j|☆Dyh123
|t:|1750859666
|gametype|doubles
|player|p1|rei_arthur_rei|169|1526
|player|p2|Dyh123|rosa|1670
|teamsize|p1|6
|teamsize|p2|6
|gen|9
|tier|[Gen 9] VGC 2025 Reg I
|rated|
|rule|Species Clause: Limit one of each Pokémon
|rule|Item Clause: Limit 1 of each item
|clearpoke
|poke|p1|Ho-Oh, L50|
|poke|p1|Groudon, L50|
|poke|p1|Okidogi, L50, M|
|poke|p1|Ogerpon-Cornerstone, L50, F|
|poke|p1|Flutter Mane, L50|
|poke|p1|Grimmsnarl, L50, M|
|poke|p2|Lunala, L50|
|poke|p2|Miraidon, L50|
|poke|p2|Incineroar, L50, M|
|poke|p2|Ursaluna, L50, M|
|poke|p2|Grimmsnarl, L50, M|
|poke|p2|Urshifu-*, L50, M|
|teampreview|4
|
|t:|1750859685
|start
|switch|p1a: Dogão|Okidogi, L50, M|100/100
|switch|p1b: Duende verde|Grimmsnarl, L50, M|100/100
|switch|p2a: Lunala|Lunala, L50, shiny|100/100
|switch|p2b: Grimmsnarl|Grimmsnarl, L50, M, shiny|100/100
|turn|1
|inactive|Battle timer is ON: inactive players will automatically lose when time's up. (requested by rei_arthur_rei)
|
|t:|1750859708
|switch|p2a: Ursaluna|Ursaluna, L50, M, shiny|100/100
|move|p2b: Grimmsnarl|Reflect|p2b: Grimmsnarl
|-sidestart|p2: Dyh123|Reflect
|move|p1b: Duende verde|Light Screen|p1b: Duende verde
|-sidestart|p1: rei_arthur_rei|move: Light Screen
|move|p1a: Dogão|Knock Off|p2a: Ursaluna
|-damage|p2a: Ursaluna|87/100
|-enditem|p2a: Ursaluna|Flame Orb|[from] move: Knock Off|[of] p1a: Dogão
|
|upkeep
|turn|2
|
|t:|1750859732
|move|p1b: Duende verde|Reflect|p1b: Duende verde
|-sidestart|p1: rei_arthur_rei|Reflect
|move|p1a: Dogão|Knock Off|p2a: Ursaluna
|-damage|p2a: Ursaluna|77/100
|move|p2b: Grimmsnarl|Spirit Break|p1b: Duende verde
|-supereffective|p1b: Duende verde
|-damage|p1b: Duende verde|56/100
|-unboost|p1b: Duende verde|spa|1
|move|p2a: Ursaluna|Headlong Rush|p1a: Dogão
|-supereffective|p1a: Dogão
|-damage|p1a: Dogão|28/100
|-unboost|p2a: Ursaluna|def|1
|-unboost|p2a: Ursaluna|spd|1
|
|upkeep
|turn|3
|inactive|Dyh123 has 30 seconds left.
|
|t:|1750859758
|switch|p2a: Miraidon|Miraidon, L50|100/100
|-fieldstart|move: Electric Terrain|[from] ability: Hadron Engine|[of] p2a: Miraidon
|move|p1a: Dogão|Close Combat|p2a: Miraidon
|-damage|p2a: Miraidon|65/100
|-unboost|p1a: Dogão|def|1
|-unboost|p1a: Dogão|spd|1
|move|p2b: Grimmsnarl|Spirit Break|p1b: Duende verde
|-supereffective|p1b: Duende verde
|-damage|p1b: Duende verde|17/100
|-unboost|p1b: Duende verde|spa|1
|move|p1b: Duende verde|Spirit Break|p2b: Grimmsnarl
|-supereffective|p2b: Grimmsnarl
|-damage|p2b: Grimmsnarl|58/100
|
|upkeep
|turn|4
|
|t:|1750859779
|move|p2b: Grimmsnarl|Light Screen|p2b: Grimmsnarl
|-sidestart|p2: Dyh123|move: Light Screen
|move|p1b: Duende verde|Thunder Wave|p2a: Miraidon
|-immune|p2a: Miraidon
|move|p2a: Miraidon|Parabolic Charge|p1b: Duende verde|[spread] p2b,p1a,p1b
|-damage|p2b: Grimmsnarl|20/100
|-heal|p2a: Miraidon|85/100|[from] drain|[of] p2b: Grimmsnarl
|-damage|p1a: Dogão|0 fnt
|-heal|p2a: Miraidon|98/100|[from] drain|[of] p1a: Dogão
|-damage|p1b: Duende verde|0 fnt
|-heal|p2a: Miraidon|100/100|[from] drain|[of] p1b: Duende verde
|faint|p1a: Dogão
|faint|p1b: Duende verde
|
|upkeep
|
|t:|1750859794
|switch|p1a: Gasparzinho|Flutter Mane, L50|100/100
|switch|p1b: Godzilla|Groudon, L50|100/100
|-weather|SunnyDay|[from] ability: Drought|[of] p1b: Godzilla
|-activate|p1a: Gasparzinho|ability: Protosynthesis
|-start|p1a: Gasparzinho|protosynthesisspe
|turn|5
|inactive|rei_arthur_rei has 30 seconds left.
|inactive|Dyh123 has 30 seconds left.
|inactive|Dyh123 has 20 seconds left.
|inactive|Dyh123 has 15 seconds left.
|
|t:|1750859834
|-terastallize|p1a: Gasparzinho|Fairy
|move|p2b: Grimmsnarl|Parting Shot|p1a: Gasparzinho
|-unboost|p1a: Gasparzinho|atk|1
|-unboost|p1a: Gasparzinho|spa|1
|
|t:|1750859839
|switch|p2b: Ursaluna|Ursaluna, L50, M, shiny|77/100|[from] Parting Shot
|move|p1a: Gasparzinho|Moonblast|p2a: Miraidon
|-supereffective|p2a: Miraidon
|-damage|p2a: Miraidon|44/100
|move|p2a: Miraidon|Parabolic Charge|p1a: Gasparzinho|[spread] p1a
|-immune|p2b: Ursaluna
|-immune|p1b: Godzilla
|-damage|p1a: Gasparzinho|64/100
|-heal|p2a: Miraidon|57/100|[from] drain|[of] p1a: Gasparzinho
|move|p1b: Godzilla|Precipice Blades|p2a: Miraidon|[spread] p2a,p2b
|-supereffective|p2a: Miraidon
|-damage|p2a: Miraidon|0 fnt
|-damage|p2b: Ursaluna|41/100
|faint|p2a: Miraidon
|
|-weather|SunnyDay|[upkeep]
|-sideend|p2: Dyh123|Reflect
|upkeep
|
|t:|1750859858
|switch|p2a: Lunala|Lunala, L50, shiny|100/100
|turn|6
|
|t:|1750859870
|-terastallize|p2a: Lunala|Fairy
|move|p1a: Gasparzinho|Moonblast|p2b: Ursaluna
|-damage|p2b: Ursaluna|3/100
|-unboost|p2b: Ursaluna|spa|1
|move|p2a: Lunala|Moongeist Beam|p1a: Gasparzinho
|-damage|p1a: Gasparzinho|29/100
|move|p1b: Godzilla|Precipice Blades|p2a: Lunala|[spread] p2a
|-miss|p1b: Godzilla|p2b: Ursaluna
|-damage|p2a: Lunala|69/100
|move|p2b: Ursaluna|Headlong Rush|p1a: Gasparzinho
|-damage|p1a: Gasparzinho|0 fnt
|-unboost|p2b: Ursaluna|def|1
|-unboost|p2b: Ursaluna|spd|1
|faint|p1a: Gasparzinho
|-end|p1a: Gasparzinho|Protosynthesis|[silent]
|
|-weather|SunnyDay|[upkeep]
|-heal|p2a: Lunala|75/100|[from] item: Leftovers
|upkeep
|turn|7
|inactive|Dyh123 has 30 seconds left.
|
|t:|1750859900
|move|p2a: Lunala|Wide Guard|p2a: Lunala
|-singleturn|p2a: Lunala|Wide Guard
|move|p1b: Godzilla|Precipice Blades|p2b: Ursaluna|[spread] 
|-activate|p2a: Lunala|move: Wide Guard
|-activate|p2b: Ursaluna|move: Wide Guard
|move|p2b: Ursaluna|Headlong Rush|p1b: Godzilla
|-damage|p1b: Godzilla|70/100
|-unboost|p2b: Ursaluna|def|1
|-unboost|p2b: Ursaluna|spd|1
|
|-weather|SunnyDay|[upkeep]
|-heal|p2a: Lunala|82/100|[from] item: Leftovers
|-fieldend|move: Electric Terrain
|upkeep
|turn|8
|-message|rei_arthur_rei forfeited.
|
|win|Dyh123
|raw|rei_arthur_rei's rating: 1526 &rarr; <strong>1514</strong><br />(-12 for losing)
|raw|Dyh123's rating: 1670 &rarr; <strong>1682</strong><br />(+12 for winning)
|l|☆rei_arthur_rei
|player|p1|
|l|☆Dyh123
|player|p2|
