|j|☆Gamertag1001
|j|☆ssoya0302vgc
|t:|1750753284
|gametype|doubles
|player|p1|Gamertag1001|kieran-champion|1407
|player|p2|ssoya0302vgc|misty|1327
|teamsize|p1|6
|teamsize|p2|6
|gen|9
|tier|[Gen 9] VGC 2025 Reg I
|rated|
|rule|Species Clause: Limit one of each Pokémon
|rule|Item Clause: Limit 1 of each item
|clearpoke
|poke|p1|Zacian-*, L50|
|poke|p1|Miraidon, L50|
|poke|p1|Grimmsnarl, L50, M|
|poke|p1|Ogerpon-Wellspring, L50, F|
|poke|p1|Volcarona, L50, F|
|poke|p1|Iron Hands, L50|
|poke|p2|Groudon, L50|
|poke|p2|Charizard, L50, M|
|poke|p2|Leavanny, L50, F|
|poke|p2|Miraidon, L50|
|poke|p2|Iron Treads, L50|
|poke|p2|Farigiraf, L50, F|
|teampreview|4
|inactive|Battle timer is ON: inactive players will automatically lose when time's up. (requested by ssoya0302vgc)
|inactive|Gamertag1001 also wants the timer to be on.
|inactive|ssoya0302vgc has 60 seconds left.
|inactive|ssoya0302vgc has 30 seconds left.
|inactive|ssoya0302vgc has 20 seconds left.
|inactive|ssoya0302vgc has 15 seconds left.
|inactive|ssoya0302vgc has 10 seconds left.
|inactive|ssoya0302vgc has 5 seconds left.
|
|t:|1750753373
|start
|switch|p1a: Iron Hands|Iron Hands, L50|100/100
|switch|p1b: Miraidon|Miraidon, L50|100/100
|switch|p2a: Groudon|Groudon, L50|100/100
|switch|p2b: Leavanny|Leavanny, L50, F|100/100
|-fieldstart|move: Electric Terrain|[from] ability: Hadron Engine|[of] p1b: Miraidon
|-activate|p1a: Iron Hands|ability: Quark Drive
|-start|p1a: Iron Hands|quarkdriveatk
|-weather|SunnyDay|[from] ability: Drought|[of] p2a: Groudon
|turn|1
|
|t:|1750753395
|switch|p2b: Iron Treads|Iron Treads, L50|100/100
|-activate|p2b: Iron Treads|ability: Quark Drive
|-start|p2b: Iron Treads|quarkdrivespe
|move|p2a: Groudon|Protect|p2a: Groudon
|-singleturn|p2a: Groudon|Protect
|move|p1a: Iron Hands|Fake Out|p2a: Groudon
|-activate|p2a: Groudon|move: Protect
|move|p1b: Miraidon|Volt Switch|p2b: Iron Treads
|-immune|p2b: Iron Treads
|
|-weather|SunnyDay|[upkeep]
|upkeep
|turn|2
|inactive|ssoya0302vgc has 30 seconds left.
|inactive|ssoya0302vgc has 20 seconds left.
|inactive|ssoya0302vgc has 15 seconds left.
|
|t:|1750753438
|switch|p1b: Grimmsnarl|Grimmsnarl, L50, M|100/100
|move|p2b: Iron Treads|Rock Slide|p1a: Iron Hands|[spread] p1a,p1b
|-resisted|p1a: Iron Hands
|-damage|p1a: Iron Hands|92/100
|-damage|p1b: Grimmsnarl|78/100
|move|p2a: Groudon|Precipice Blades|p1a: Iron Hands|[spread] p1a,p1b
|-supereffective|p1a: Iron Hands
|-damage|p1a: Iron Hands|9/100
|-damage|p1b: Grimmsnarl|19/100
|move|p1a: Iron Hands|Low Kick|p2a: Groudon
|-damage|p2a: Groudon|35/100
|
|-weather|SunnyDay|[upkeep]
|upkeep
|turn|3
|inactive|Gamertag1001 has 30 seconds left.
|inactive|ssoya0302vgc has 30 seconds left.
|
|t:|1750753469
|move|p1b: Grimmsnarl|Reflect|p1b: Grimmsnarl
|-sidestart|p1: Gamertag1001|Reflect
|move|p2b: Iron Treads|Rock Slide|p1b: Grimmsnarl|[spread] p1a,p1b
|-resisted|p1a: Iron Hands
|-damage|p1a: Iron Hands|2/100
|-damage|p1b: Grimmsnarl|3/100
|move|p2a: Groudon|High Horsepower|p1a: Iron Hands
|-supereffective|p1a: Iron Hands
|-crit|p1a: Iron Hands
|-damage|p1a: Iron Hands|0 fnt
|faint|p1a: Iron Hands
|-end|p1a: Iron Hands|Quark Drive|[silent]
|
|-weather|SunnyDay|[upkeep]
|upkeep
|
|t:|1750753479
|switch|p1a: Zacian|Zacian-Crowned, L50|100/100
|-ability|p1a: Zacian|Intrepid Sword|boost
|-boost|p1a: Zacian|atk|1
|turn|4
|
|t:|1750753491
|-end|p2b: Iron Treads|Quark Drive|[silent]
|switch|p2b: Leavanny|Leavanny, L50, F|100/100
|move|p2a: Groudon|Protect|p2a: Groudon
|-singleturn|p2a: Groudon|Protect
|move|p1a: Zacian|Behemoth Blade|p2a: Groudon
|-activate|p2a: Groudon|move: Protect
|move|p1b: Grimmsnarl|Spirit Break|p2b: Leavanny
|-damage|p2b: Leavanny|60/100
|-unboost|p2b: Leavanny|spa|1
|
|-weather|SunnyDay|[upkeep]
|upkeep
|turn|5
|inactive|Gamertag1001 has 30 seconds left.
|
|t:|1750753516
|move|p1b: Grimmsnarl|Thunder Wave|p2b: Leavanny
|-status|p2b: Leavanny|par
|move|p1a: Zacian|Behemoth Blade|p2a: Groudon
|-damage|p2a: Groudon|0 fnt
|faint|p2a: Groudon
|move|p2b: Leavanny|Electroweb|p1b: Grimmsnarl|[spread] p1a,p1b
|-damage|p1a: Zacian|95/100
|-damage|p1b: Grimmsnarl|0 fnt
|-unboost|p1a: Zacian|spe|1
|faint|p1b: Grimmsnarl
|
|-weather|none
|-fieldend|move: Electric Terrain
|upkeep
|
|t:|1750753528
|switch|p2a: Iron Treads|Iron Treads, L50|100/100
|switch|p1b: Miraidon|Miraidon, L50|100/100
|-fieldstart|move: Electric Terrain|[from] ability: Hadron Engine|[of] p1b: Miraidon
|-activate|p2a: Iron Treads|ability: Quark Drive
|-start|p2a: Iron Treads|quarkdrivespe
|turn|6
|
|t:|1750753543
|-terastallize|p1b: Miraidon|Fairy
|move|p2a: Iron Treads|Earthquake|p1a: Zacian|[spread] p2b,p1a,p1b
|-resisted|p2b: Leavanny
|-crit|p2b: Leavanny
|-supereffective|p1a: Zacian
|-damage|p2b: Leavanny|32/100 par
|-damage|p1a: Zacian|35/100
|-damage|p1b: Miraidon|65/100
|move|p1b: Miraidon|Dazzling Gleam|p2a: Iron Treads|[spread] p2a,p2b
|-resisted|p2a: Iron Treads
|-damage|p2a: Iron Treads|49/100
|-damage|p2b: Leavanny|0 fnt
|faint|p2b: Leavanny
|move|p1a: Zacian|Behemoth Blade|p2a: Iron Treads
|-resisted|p2a: Iron Treads
|-damage|p2a: Iron Treads|9/100
|
|upkeep
|
|t:|1750753556
|switch|p2b: Charizard|Charizard, L50, M, shiny|100/100
|turn|7
|inactive|ssoya0302vgc has 30 seconds left.
|
|t:|1750753584
|-terastallize|p2a: Iron Treads|Ground
|move|p2a: Iron Treads|Earthquake|p1b: Miraidon|[spread] p1a,p1b
|-immune|p2b: Charizard
|-supereffective|p1a: Zacian
|-damage|p1a: Zacian|0 fnt
|-damage|p1b: Miraidon|18/100
|faint|p1a: Zacian
|move|p1b: Miraidon|Dazzling Gleam|p2a: Iron Treads|[spread] p2a,p2b
|-resisted|p2b: Charizard
|-damage|p2a: Iron Treads|0 fnt
|-damage|p2b: Charizard|57/100
|faint|p2a: Iron Treads
|-end|p2a: Iron Treads|Quark Drive|[silent]
|move|p2b: Charizard|Heat Wave|p1b: Miraidon
|-damage|p1b: Miraidon|0 fnt
|faint|p1b: Miraidon
|-damage|p2b: Charizard|47/100|[from] item: Life Orb
|
|win|ssoya0302vgc
|raw|Gamertag1001's rating: 1407 &rarr; <strong>1382</strong><br />(-25 for losing)
|raw|ssoya0302vgc's rating: 1327 &rarr; <strong>1352</strong><br />(+25 for winning)
|l|☆Gamertag1001
|player|p1|
|l|☆ssoya0302vgc
|player|p2|
