|j|☆rocktron11
|j|☆SherLP999
|t:|1750771084
|gametype|doubles
|player|p1|rocktron11|266|1156
|player|p2|SherLP999|scientist-gen4|1158
|teamsize|p1|6
|teamsize|p2|6
|gen|9
|tier|[Gen 9] VGC 2025 Reg I
|rated|
|rule|Species Clause: Limit one of each Pokémon
|rule|Item Clause: Limit 1 of each item
|clearpoke
|poke|p1|Calyrex-Shadow, L50|
|poke|p1|Tornadus, L50, M|
|poke|p1|Archaludon, L50, M|
|poke|p1|Koraidon, L50|
|poke|p1|Urshifu-*, L50, F|
|poke|p1|Incineroar, L50, M|
|poke|p2|Annihilape, L50, M|
|poke|p2|Ambipom, L50, F|
|poke|p2|Raichu, L50, F|
|poke|p2|Skarmory, L50, F|
|poke|p2|Calyrex-Shadow, L50|
|poke|p2|Eternatus, L50|
|teampreview|4
|
|t:|1750771111
|start
|switch|p1a: Tornadus|Tornadus, L50, M|100/100
|switch|p1b: Calyrex|Calyrex-Shadow, L50|100/100
|switch|p2a: Annihilape|Annihilape, L50, M|100/100
|switch|p2b: Ambipom|Ambipom, L50, F|100/100
|-ability|p1b: Calyrex|As One
|-ability|p1b: Calyrex|Unnerve
|turn|1
|
|t:|1750771157
|move|p2b: Ambipom|Fake Out|p1a: Tornadus
|-damage|p1a: Tornadus|56/100
|move|p1a: Tornadus|Tailwind|p1a: Tornadus
|-sidestart|p1: rocktron11|move: Tailwind
|move|p1b: Calyrex|Draining Kiss|p2a: Annihilape
|-supereffective|p2a: Annihilape
|-damage|p2a: Annihilape|65/100
|move|p2a: Annihilape|Phantom Force||[still]
|-prepare|p2a: Annihilape|Phantom Force
|
|upkeep
|turn|2
|
|t:|1750771182
|move|p1b: Calyrex|Protect|p1b: Calyrex
|-singleturn|p1b: Calyrex|Protect
|move|p1a: Tornadus|Bleakwind Storm|p2a: Annihilape|[spread] p2b
|-miss|p1a: Tornadus|p2a: Annihilape
|-damage|p2b: Ambipom|33/100
|move|p2b: Ambipom|Acrobatics|p1a: Tornadus
|-damage|p1a: Tornadus|15/100
|move|p2a: Annihilape|Phantom Force|p1b: Calyrex|[from] lockedmove
|-activate|p1b: Calyrex|move: Phantom Force|[broken]
|-supereffective|p1b: Calyrex
|-enditem|p1b: Calyrex|Focus Sash
|-damage|p1b: Calyrex|1/100
|
|upkeep
|turn|3
|
|t:|1750771234
|move|p1b: Calyrex|Astral Barrage|p2a: Annihilape|[spread] p2a
|-immune|p2b: Ambipom
|-supereffective|p2a: Annihilape
|-damage|p2a: Annihilape|0 fnt
|faint|p2a: Annihilape
|-ability|p1b: Calyrex|Grim Neigh|boost
|-boost|p1b: Calyrex|spa|1
|move|p1a: Tornadus|Bleakwind Storm|p2b: Ambipom
|-damage|p2b: Ambipom|0 fnt
|faint|p2b: Ambipom
|
|upkeep
|
|t:|1750771246
|switch|p2b: Eternatus|Eternatus, L50|100/100
|switch|p2a: Calyrex|Calyrex-Shadow, L50|100/100
|-ability|p2a: Calyrex|As One
|-ability|p2a: Calyrex|Unnerve
|-ability|p2b: Eternatus|Pressure
|turn|4
|
|t:|1750771277
|-terastallize|p2a: Calyrex|Grass
|move|p1a: Tornadus|Taunt|p2b: Eternatus
|-start|p2b: Eternatus|move: Taunt
|move|p1b: Calyrex|Astral Barrage|p2b: Eternatus|[spread] p2a,p2b
|-damage|p2a: Calyrex|20/100
|-damage|p2b: Eternatus|46/100
|move|p2a: Calyrex|Astral Barrage|p1a: Tornadus|[spread] p1a,p1b
|-supereffective|p1b: Calyrex
|-damage|p1a: Tornadus|0 fnt
|-damage|p1b: Calyrex|0 fnt
|faint|p1a: Tornadus
|faint|p1b: Calyrex
|-ability|p2a: Calyrex|Grim Neigh|boost
|-boost|p2a: Calyrex|spa|2
|move|p2b: Eternatus|Flamethrower|p1: Tornadus|[notarget]
|-fail|p2b: Eternatus
|
|-sideend|p1: rocktron11|move: Tailwind
|upkeep
|
|t:|1750771297
|switch|p1b: Koraidon|Koraidon, L50|100/100
|switch|p1a: Urshifu|Urshifu-Rapid-Strike, L50, F|100/100
|-weather|SunnyDay|[from] ability: Orichalcum Pulse|[of] p1b: Koraidon
|-activate|p1b: Koraidon|Orichalcum Pulse|[source]
|turn|5
|
|t:|1750771320
|move|p1a: Urshifu|Close Combat|p2a: Calyrex
|-damage|p2a: Calyrex|0 fnt
|-unboost|p1a: Urshifu|def|1
|-unboost|p1a: Urshifu|spd|1
|faint|p2a: Calyrex
|move|p1b: Koraidon|Flare Blitz|p2b: Eternatus
|-resisted|p2b: Eternatus
|-damage|p2b: Eternatus|1/100
|-damage|p1b: Koraidon|80/100|[from] Recoil
|-damage|p1b: Koraidon|70/100|[from] item: Life Orb
|move|p2b: Eternatus|Flamethrower|p1a: Urshifu
|-resisted|p1a: Urshifu
|-damage|p1a: Urshifu|52/100
|
|-weather|SunnyDay|[upkeep]
|upkeep
|turn|6
|
|t:|1750771340
|move|p1a: Urshifu|Close Combat|p2b: Eternatus
|-resisted|p2b: Eternatus
|-damage|p2b: Eternatus|0 fnt
|-unboost|p1a: Urshifu|def|1
|-unboost|p1a: Urshifu|spd|1
|faint|p2b: Eternatus
|
|win|rocktron11
|raw|rocktron11's rating: 1156 &rarr; <strong>1181</strong><br />(+25 for winning)
|raw|SherLP999's rating: 1158 &rarr; <strong>1133</strong><br />(-25 for losing)
|c|☆SherLP999|gg
|c|☆rocktron11|gg
|l|☆rocktron11
|player|p1|
|l|☆SherLP999
|player|p2|
