|j|☆Sceptilean
|j|☆bart34
|t:|1750767716
|gametype|doubles
|player|p1|Sceptilean|steven|1175
|player|p2|bart34|red|1286
|teamsize|p1|6
|teamsize|p2|6
|gen|9
|tier|[Gen 9] VGC 2025 Reg I
|rated|
|rule|Species Clause: Limit one of each Pokémon
|rule|Item Clause: Limit 1 of each item
|clearpoke
|poke|p1|Espathra, L50, M|
|poke|p1|Indeedee-F, L50, F|
|poke|p1|Calyrex-Shadow, L50|
|poke|p1|Chi-Yu, L50|
|poke|p1|Rillaboom, L50, M|
|poke|p1|Kyogre, L50|
|poke|p2|Incineroar, L50, M|
|poke|p2|Miraidon, L50|
|poke|p2|Koraidon, L50|
|poke|p2|Volcarona, L50, F|
|poke|p2|Grimmsnarl, L50, M|
|poke|p2|Flutter Mane, L50|
|teampreview|4
|inactive|Battle timer is ON: inactive players will automatically lose when time's up. (requested by Sceptilean)
|inactive|Sceptilean has 60 seconds left.
|inactive|bart34 has 60 seconds left.
|
|t:|1750767751
|start
|switch|p1a: Indeedee|Indeedee-F, L50, F|100/100
|switch|p1b: Espathra|Espathra, L50, M|100/100
|switch|p2a: Miraidon|Miraidon, L50|100/100
|switch|p2b: Grimmsnarl|Grimmsnarl, L50, M|100/100
|-fieldstart|move: Electric Terrain|[from] ability: Hadron Engine|[of] p2a: Miraidon
|-fieldstart|move: Psychic Terrain|[from] ability: Psychic Surge|[of] p1a: Indeedee
|-enditem|p1a: Indeedee|Psychic Seed
|-boost|p1a: Indeedee|spd|1|[from] item: Psychic Seed
|turn|1
|
|t:|1750767770
|move|p1b: Espathra|Protect|p1b: Espathra
|-singleturn|p1b: Espathra|Protect
|move|p2b: Grimmsnarl|Light Screen|p2b: Grimmsnarl
|-sidestart|p2: bart34|move: Light Screen
|move|p2a: Miraidon|Volt Switch|p1b: Espathra
|-activate|p1b: Espathra|move: Protect
|move|p1a: Indeedee|Calm Mind|p1a: Indeedee
|-boost|p1a: Indeedee|spa|1
|-boost|p1a: Indeedee|spd|1
|
|-ability|p1b: Espathra|Speed Boost|boost
|-boost|p1b: Espathra|spe|1
|upkeep
|turn|2
|inactive|bart34 has 30 seconds left.
|
|t:|1750767801
|switch|p2b: Koraidon|Koraidon, L50|100/100
|-weather|SunnyDay|[from] ability: Orichalcum Pulse|[of] p2b: Koraidon
|-activate|p2b: Koraidon|Orichalcum Pulse|[source]
|move|p1b: Espathra|Lumina Crash|p2a: Miraidon
|-damage|p2a: Miraidon|76/100
|-unboost|p2a: Miraidon|spd|2
|move|p2a: Miraidon|Volt Switch|p1a: Indeedee
|-damage|p1a: Indeedee|70/100
|
|t:|1750767811
|switch|p2a: Flutter Mane|Flutter Mane, L50|100/100|[from] Volt Switch
|-activate|p2a: Flutter Mane|ability: Protosynthesis
|-start|p2a: Flutter Mane|protosynthesisspe
|move|p1a: Indeedee|Calm Mind|p1a: Indeedee
|-boost|p1a: Indeedee|spa|1
|-boost|p1a: Indeedee|spd|1
|
|-weather|SunnyDay|[upkeep]
|-ability|p1b: Espathra|Speed Boost|boost
|-boost|p1b: Espathra|spe|1
|upkeep
|turn|3
|inactive|bart34 has 30 seconds left.
|inactive|bart34 has 20 seconds left.
|
|t:|1750767850
|-end|p2a: Flutter Mane|Protosynthesis|[silent]
|switch|p2a: Miraidon|Miraidon, L50|76/100
|-fieldstart|move: Electric Terrain|[from] ability: Hadron Engine|[of] p2a: Miraidon
|-terastallize|p2b: Koraidon|Fire
|move|p1a: Indeedee|Follow Me|p1a: Indeedee
|-singleturn|p1a: Indeedee|move: Follow Me
|move|p1b: Espathra|Lumina Crash|p2b: Koraidon
|-damage|p2b: Koraidon|74/100
|move|p2b: Koraidon|Flame Charge|p1a: Indeedee
|-damage|p1a: Indeedee|7/100
|-boost|p2b: Koraidon|spe|1
|
|-weather|SunnyDay|[upkeep]
|-ability|p1b: Espathra|Speed Boost|boost
|-boost|p1b: Espathra|spe|1
|upkeep
|turn|4
|
|t:|1750767870
|move|p1b: Espathra|Protect|p1b: Espathra
|-singleturn|p1b: Espathra|Protect
|move|p2b: Koraidon|Flame Charge|p1a: Indeedee
|-damage|p1a: Indeedee|0 fnt
|-boost|p2b: Koraidon|spe|1
|faint|p1a: Indeedee
|move|p2a: Miraidon|Electro Drift|p1b: Espathra
|-activate|p1b: Espathra|move: Protect
|
|-weather|SunnyDay|[upkeep]
|-ability|p1b: Espathra|Speed Boost|boost
|-boost|p1b: Espathra|spe|1
|upkeep
|inactive|Sceptilean has 30 seconds left.
|inactive|Sceptilean has 20 seconds left.
|inactive|Sceptilean has 15 seconds left.
|inactive|Sceptilean has 10 seconds left.
|inactive|Sceptilean has 5 seconds left.
|
|t:|1750767925
|switch|p1a: Calyrex|Calyrex-Shadow, L50|100/100
|-ability|p1a: Calyrex|As One
|-ability|p1a: Calyrex|Unnerve
|turn|5
|inactive|Sceptilean has 30 seconds left.
|
|t:|1750767953
|-terastallize|p1a: Calyrex|Grass
|move|p1b: Espathra|Lumina Crash|p2b: Koraidon
|-damage|p2b: Koraidon|45/100
|move|p2b: Koraidon|Flame Charge|p1a: Calyrex
|-supereffective|p1a: Calyrex
|-damage|p1a: Calyrex|0 fnt
|-boost|p2b: Koraidon|spe|1
|faint|p1a: Calyrex
|move|p2a: Miraidon|Electro Drift|p1b: Espathra
|-enditem|p1b: Espathra|Focus Sash
|-damage|p1b: Espathra|1/100
|
|-weather|SunnyDay|[upkeep]
|-sideend|p2: bart34|move: Light Screen
|-ability|p1b: Espathra|Speed Boost|boost
|-boost|p1b: Espathra|spe|1
|upkeep
|
|t:|1750767960
|switch|p1a: Kyogre|Kyogre, L50|100/100
|-weather|RainDance|[from] ability: Drizzle|[of] p1a: Kyogre
|turn|6
|
|t:|1750767974
|switch|p2b: Grimmsnarl|Grimmsnarl, L50, M|100/100
|move|p1b: Espathra|Lumina Crash|p2a: Miraidon
|-damage|p2a: Miraidon|47/100
|-unboost|p2a: Miraidon|spd|2
|move|p2a: Miraidon|Electro Drift|p1a: Kyogre
|-supereffective|p1a: Kyogre
|-damage|p1a: Kyogre|0 fnt
|faint|p1a: Kyogre
|
|-weather|RainDance|[upkeep]
|-ability|p1b: Espathra|Speed Boost|boost
|-boost|p1b: Espathra|spe|1
|upkeep
|turn|7
|-message|Sceptilean forfeited.
|
|win|bart34
|raw|Sceptilean's rating: 1175 &rarr; <strong>1158</strong><br />(-17 for losing)
|raw|bart34's rating: 1286 &rarr; <strong>1303</strong><br />(+17 for winning)
|l|☆Sceptilean
|player|p1|
|l|☆bart34
|player|p2|
