|j|☆StupidSexyPnut
|j|☆JammyPhantom
|t:|1750731399
|gametype|doubles
|player|p1|StupidSexyPnut|170|1055
|player|p2|JammyPhantom|1|1053
|teamsize|p1|6
|teamsize|p2|6
|gen|9
|tier|[Gen 9] VGC 2025 Reg I
|rated|
|rule|Species Clause: Limit one of each Pokémon
|rule|Item Clause: Limit 1 of each item
|clearpoke
|poke|p1|Groudon, L50|
|poke|p1|Venusaur, L50, M|
|poke|p1|Walking Wake, L50|
|poke|p1|Tornadus, L50, M|
|poke|p1|Salamence, L50, M|
|poke|p1|Weezing-Galar, L50, F|
|poke|p2|Koraidon, L50|
|poke|p2|Flutter Mane, L50|
|poke|p2|Scream Tail, L50|
|poke|p2|Gothitelle, L50, M|
|poke|p2|Incineroar, L50, F|
|poke|p2|Amoonguss, L50, M|
|teampreview|4
|
|t:|1750731435
|start
|switch|p1a: Salamence|Salamence, L50, M|100/100
|switch|p1b: Weezing|Weezing-Galar, L50, F|100/100
|switch|p2a: Koraidon|Koraidon, L50|100/100
|switch|p2b: Flutter Mane|Flutter Mane, L50|100/100
|-ability|p1b: Weezing|Neutralizing Gas
|turn|1
|inactive|Battle timer is ON: inactive players will automatically lose when time's up. (requested by StupidSexyPnut)
|
|t:|1750731467
|-terastallize|p1a: Salamence|Steel
|move|p2a: Koraidon|Flare Blitz|p1b: Weezing
|-damage|p1b: Weezing|43/100
|-damage|p2a: Koraidon|85/100|[from] Recoil
|-damage|p2a: Koraidon|75/100|[from] item: Life Orb
|move|p2b: Flutter Mane|Moonblast|p1a: Salamence
|-resisted|p1a: Salamence
|-damage|p1a: Salamence|69/100
|move|p1a: Salamence|Iron Head|p2b: Flutter Mane
|-supereffective|p2b: Flutter Mane
|-enditem|p2b: Flutter Mane|Focus Sash
|-damage|p2b: Flutter Mane|1/100
|move|p1b: Weezing|Dazzling Gleam|p2a: Koraidon|[spread] p2a,p2b
|-supereffective|p2a: Koraidon
|-damage|p2a: Koraidon|0 fnt
|-damage|p2b: Flutter Mane|0 fnt
|faint|p2a: Koraidon
|faint|p2b: Flutter Mane
|-end|p2b: Flutter Mane|Protosynthesis|[silent]
|
|-heal|p1b: Weezing|49/100|[from] item: Black Sludge
|upkeep
|
|t:|1750731472
|switch|p2a: Incineroar|Incineroar, L50, F|100/100
|switch|p2b: Amoonguss|Amoonguss, L50, M|100/100
|turn|2
|
|t:|1750731494
|move|p1a: Salamence|Protect|p1a: Salamence
|-singleturn|p1a: Salamence|Protect
|move|p1b: Weezing|Protect|p1b: Weezing
|-singleturn|p1b: Weezing|Protect
|move|p2a: Incineroar|Fake Out|p1a: Salamence
|-activate|p1a: Salamence|move: Protect
|move|p2b: Amoonguss|Rage Powder|p2b: Amoonguss
|-singleturn|p2b: Amoonguss|move: Rage Powder
|
|-heal|p1b: Weezing|54/100|[from] item: Black Sludge
|upkeep
|turn|3
|
|t:|1750731509
|switch|p1a: Walking Wake|Walking Wake, L50|100/100
|-terastallize|p2a: Incineroar|Bug
|move|p2b: Amoonguss|Rage Powder|p2b: Amoonguss
|-singleturn|p2b: Amoonguss|move: Rage Powder
|move|p2a: Incineroar|Flare Blitz|p1a: Walking Wake
|-resisted|p1a: Walking Wake
|-damage|p1a: Walking Wake|86/100
|-damage|p2a: Incineroar|96/100|[from] Recoil
|move|p1b: Weezing|Taunt|p2b: Amoonguss
|-start|p2b: Amoonguss|move: Taunt
|-enditem|p2b: Amoonguss|Mental Herb
|-end|p2b: Amoonguss|move: Taunt
|
|-heal|p1b: Weezing|60/100|[from] item: Black Sludge
|upkeep
|turn|4
|
|t:|1750731537
|move|p1a: Walking Wake|Flamethrower|p2a: Incineroar
|-supereffective|p2a: Incineroar
|-damage|p2a: Incineroar|23/100
|move|p2a: Incineroar|Flare Blitz|p1b: Weezing
|-damage|p1b: Weezing|5/100
|-damage|p2a: Incineroar|8/100|[from] Recoil
|move|p1b: Weezing|Taunt|p2b: Amoonguss
|-start|p2b: Amoonguss|move: Taunt
|cant|p2b: Amoonguss|move: Taunt|Spore
|
|-heal|p1b: Weezing|10/100|[from] item: Black Sludge
|upkeep
|turn|5
|
|t:|1750731552
|move|p2a: Incineroar|Protect|p2a: Incineroar
|-singleturn|p2a: Incineroar|Protect
|move|p1a: Walking Wake|Flamethrower|p2b: Amoonguss
|-supereffective|p2b: Amoonguss
|-damage|p2b: Amoonguss|41/100
|move|p1b: Weezing|Dazzling Gleam|p2b: Amoonguss|[spread] p2b
|-activate|p2a: Incineroar|move: Protect
|-resisted|p2b: Amoonguss
|-damage|p2b: Amoonguss|33/100
|move|p2b: Amoonguss|Pollen Puff|p1b: Weezing
|-resisted|p1b: Weezing
|-damage|p1b: Weezing|4/100
|
|-heal|p1b: Weezing|10/100|[from] item: Black Sludge
|upkeep
|turn|6
|
|t:|1750731573
|move|p1a: Walking Wake|Flamethrower|p2a: Incineroar
|-supereffective|p2a: Incineroar
|-damage|p2a: Incineroar|0 fnt
|faint|p2a: Incineroar
|move|p1b: Weezing|Dazzling Gleam|p2b: Amoonguss
|-resisted|p2b: Amoonguss
|-damage|p2b: Amoonguss|23/100
|move|p2b: Amoonguss|Pollen Puff|p1b: Weezing
|-resisted|p1b: Weezing
|-damage|p1b: Weezing|4/100
|
|-heal|p1b: Weezing|10/100|[from] item: Black Sludge
|-end|p2b: Amoonguss|move: Taunt
|upkeep
|turn|7
|
|t:|1750731582
|move|p1a: Walking Wake|Flamethrower|p2b: Amoonguss
|-supereffective|p2b: Amoonguss
|-damage|p2b: Amoonguss|0 fnt
|faint|p2b: Amoonguss
|
|win|StupidSexyPnut
|raw|StupidSexyPnut's rating: 1055 &rarr; <strong>1087</strong><br />(+32 for winning)
|raw|JammyPhantom's rating: 1053 &rarr; <strong>1035</strong><br />(-18 for losing)
|l|☆JammyPhantom
|player|p2|
|l|☆StupidSexyPnut
|player|p1|
