|j|☆jesuscaig
|j|☆blu3cr33p3r
|t:|1750776637
|gametype|doubles
|player|p1|jesuscaig|benga|1194
|player|p2|blu3cr33p3r|bruno|1185
|teamsize|p1|6
|teamsize|p2|6
|gen|9
|tier|[Gen 9] VGC 2025 Reg I
|rated|
|rule|Species Clause: Limit one of each Pokémon
|rule|Item Clause: Limit 1 of each item
|clearpoke
|poke|p1|Ninetales-Alola, L50, M|
|poke|p1|Kyurem-White, L50|
|poke|p1|Urshifu-*, L50, F|
|poke|p1|Lunala, L50|
|poke|p1|Ogerpon-Cornerstone, L50, F|
|poke|p1|Volcarona, L50, F|
|poke|p2|Lunala, L50|
|poke|p2|Ursaluna, L50, F|
|poke|p2|Urshifu-*, L50, M|
|poke|p2|Miraidon, L50|
|poke|p2|Grimmsnarl, L50, M|
|poke|p2|Incineroar, L50, M|
|teampreview|4
|inactive|Battle timer is ON: inactive players will automatically lose when time's up. (requested by blu3cr33p3r)
|inactive|jesuscaig also wants the timer to be on.
|
|t:|1750776716
|start
|switch|p1a: Ninetales|Ninetales-Alola, L50, M|100/100
|switch|p1b: Kyurem|Kyurem-White, L50, shiny|100/100
|switch|p2a: Miraidon|Miraidon, L50|100/100
|switch|p2b: Grimmsnarl|Grimmsnarl, L50, M|100/100
|-weather|Snowscape|[from] ability: Snow Warning|[of] p1a: Ninetales
|-ability|p1b: Kyurem|Turboblaze
|-fieldstart|move: Electric Terrain|[from] ability: Hadron Engine|[of] p2a: Miraidon
|turn|1
|inactive|blu3cr33p3r has 30 seconds left.
|
|t:|1750776746
|move|p2b: Grimmsnarl|Light Screen|p2b: Grimmsnarl
|-sidestart|p2: blu3cr33p3r|move: Light Screen
|move|p1a: Ninetales|Aurora Veil|p1a: Ninetales
|-sidestart|p1: jesuscaig|move: Aurora Veil
|move|p1b: Kyurem|Earth Power|p2a: Miraidon
|-supereffective|p2a: Miraidon
|-damage|p2a: Miraidon|72/100
|move|p2a: Miraidon|Draco Meteor|p1b: Kyurem
|-supereffective|p1b: Kyurem
|-damage|p1b: Kyurem|28/100
|-unboost|p2a: Miraidon|spa|2
|
|-weather|Snowscape|[upkeep]
|upkeep
|turn|2
|inactive|jesuscaig has 30 seconds left.
|inactive|blu3cr33p3r has 30 seconds left.
|inactive|jesuscaig has 20 seconds left.
|inactive|blu3cr33p3r has 20 seconds left.
|inactive|jesuscaig has 15 seconds left.
|inactive|blu3cr33p3r has 15 seconds left.
|inactive|blu3cr33p3r has 10 seconds left.
|inactive|blu3cr33p3r has 5 seconds left.
|
|t:|1750776796
|switch|p2a: Lunala|Lunala, L50|100/100
|-enditem|p2a: Lunala|Electric Seed
|-boost|p2a: Lunala|def|1|[from] item: Electric Seed
|-terastallize|p1b: Kyurem|Water
|move|p1a: Ninetales|Blizzard|p2a: Lunala|[spread] p2a,p2b
|-damage|p2a: Lunala|93/100
|-damage|p2b: Grimmsnarl|81/100
|move|p1b: Kyurem|Blizzard|p2b: Grimmsnarl|[spread] p2a,p2b
|-damage|p2a: Lunala|68/100
|-damage|p2b: Grimmsnarl|50/100
|move|p2b: Grimmsnarl|Spirit Break|p1b: Kyurem
|-damage|p1b: Kyurem|8/100
|-unboost|p1b: Kyurem|spa|1
|
|-weather|Snowscape|[upkeep]
|upkeep
|turn|3
|inactive|jesuscaig has 30 seconds left.
|inactive|blu3cr33p3r has 30 seconds left.
|inactive|blu3cr33p3r has 20 seconds left.
|inactive|blu3cr33p3r has 15 seconds left.
|inactive|blu3cr33p3r has 10 seconds left.
|inactive|blu3cr33p3r has 5 seconds left.
|
|t:|1750776851
|switch|p1b: Lunala|Lunala, L50|100/100
|move|p2b: Grimmsnarl|Reflect|p2b: Grimmsnarl
|-sidestart|p2: blu3cr33p3r|Reflect
|move|p1a: Ninetales|Moonblast|p2b: Grimmsnarl
|-supereffective|p2b: Grimmsnarl
|-crit|p2b: Grimmsnarl
|-damage|p2b: Grimmsnarl|0 fnt
|faint|p2b: Grimmsnarl
|move|p2a: Lunala|Moongeist Beam|p1a: Ninetales
|-damage|p1a: Ninetales|58/100
|
|-weather|Snowscape|[upkeep]
|upkeep
|
|t:|1750776874
|switch|p2b: Miraidon|Miraidon, L50|72/100
|-activate|p2b: Miraidon|ability: Hadron Engine
|turn|4
|
|t:|1750776895
|-terastallize|p2a: Lunala|Fairy
|move|p1a: Ninetales|Moonblast|p2b: Miraidon
|-supereffective|p2b: Miraidon
|-damage|p2b: Miraidon|48/100
|move|p2b: Miraidon|Snarl|p1b: Lunala|[spread] p1a,p1b
|-resisted|p1a: Ninetales
|-supereffective|p1b: Lunala
|-damage|p1a: Ninetales|49/100
|-damage|p1b: Lunala|80/100
|-unboost|p1a: Ninetales|spa|1
|-unboost|p1b: Lunala|spa|1
|move|p2a: Lunala|Moongeist Beam|p1b: Lunala
|-supereffective|p1b: Lunala
|-damage|p1b: Lunala|0 fnt
|faint|p1b: Lunala
|
|-weather|Snowscape|[upkeep]
|upkeep
|
|t:|1750776915
|switch|p1b: Urshifu|Urshifu, L50, F|100/100
|turn|5
|inactive|blu3cr33p3r has 30 seconds left.
|
|t:|1750776940
|switch|p1a: Kyurem|Kyurem-White, L50, shiny, tera:Water|8/100
|-ability|p1a: Kyurem|Turboblaze
|move|p1b: Urshifu|U-turn|p2a: Lunala
|-resisted|p2a: Lunala
|-damage|p2a: Lunala|64/100
|
|t:|1750776946
|switch|p1b: Ninetales|Ninetales-Alola, L50, M|49/100|[from] U-turn
|move|p2b: Miraidon|Electro Drift|p1a: Kyurem
|-supereffective|p1a: Kyurem
|-damage|p1a: Kyurem|0 fnt
|faint|p1a: Kyurem
|move|p2a: Lunala|Moonblast|p1b: Ninetales
|-damage|p1b: Ninetales|6/100
|-unboost|p1b: Ninetales|spa|1
|
|-weather|none
|-fieldend|move: Electric Terrain
|upkeep
|
|t:|1750776958
|switch|p1a: Urshifu|Urshifu, L50, F|100/100
|turn|6
|
|t:|1750776977
|move|p1a: Urshifu|Wicked Blow|p2a: Lunala
|-resisted|p2a: Lunala
|-crit|p2a: Lunala
|-damage|p2a: Lunala|43/100
|move|p1b: Ninetales|Moonblast|p2b: Miraidon
|-supereffective|p2b: Miraidon
|-damage|p2b: Miraidon|30/100
|-unboost|p2b: Miraidon|spa|1
|move|p2b: Miraidon|Snarl|p1a: Urshifu|[spread] p1a,p1b
|-resisted|p1a: Urshifu
|-resisted|p1b: Ninetales
|-damage|p1a: Urshifu|98/100
|-damage|p1b: Ninetales|2/100
|-unboost|p1a: Urshifu|spa|1
|-unboost|p1b: Ninetales|spa|1
|move|p2a: Lunala|Moonblast|p1a: Urshifu
|-supereffective|p1a: Urshifu
|-damage|p1a: Urshifu|0 fnt
|faint|p1a: Urshifu
|
|upkeep
|turn|7
|-message|jesuscaig forfeited.
|
|win|blu3cr33p3r
|raw|jesuscaig's rating: 1194 &rarr; <strong>1168</strong><br />(-26 for losing)
|raw|blu3cr33p3r's rating: 1185 &rarr; <strong>1211</strong><br />(+26 for winning)
|l|☆jesuscaig
|player|p1|
