|j|☆AaronAstro
|j|☆Thokwiro
|t:|1750741699
|gametype|doubles
|player|p1|AaronAstro|ethan|1133
|player|p2|Thokwiro|169|1053
|teamsize|p1|6
|teamsize|p2|6
|gen|9
|tier|[Gen 9] VGC 2025 Reg I
|rated|
|rule|Species Clause: Limit one of each Pokémon
|rule|Item Clause: Limit 1 of each item
|clearpoke
|poke|p1|Raichu, L50, M|
|poke|p1|Calyrex-Ice, L50|
|poke|p1|Iron Hands, L50|
|poke|p1|Farigiraf, L50, M|
|poke|p1|Incineroar, L50, M|
|poke|p1|Lunala, L50|
|poke|p2|Incineroar, L50, F|
|poke|p2|Raging Bolt, L50|
|poke|p2|Calyrex-Shadow, L50|
|poke|p2|Urshifu-*, L50, F|
|poke|p2|Zamazenta-*, L50|
|poke|p2|Rillaboom, L50, M|
|teampreview|4
AaronAstro has agreed to open team sheets.
|inactive|Battle timer is ON: inactive players will automatically lose when time's up. (requested by AaronAstro)
|
|t:|1750741729
|start
|switch|p1a: Incineroar|Incineroar, L50, M|100/100
|switch|p1b: Lunala|Lunala, L50|100/100
|switch|p2a: Calyrex|Calyrex-Shadow, L50|100/100
|switch|p2b: Zamazenta|Zamazenta-Crowned, L50, shiny|100/100
|-ability|p2a: Calyrex|As One
|-ability|p2a: Calyrex|Unnerve
|-ability|p2b: Zamazenta|Dauntless Shield|boost
|-boost|p2b: Zamazenta|def|1
|-ability|p1a: Incineroar|Intimidate|boost
|-unboost|p2a: Calyrex|atk|1
|-unboost|p2b: Zamazenta|atk|1
|turn|1
|inactive|Thokwiro has 30 seconds left.
|
|t:|1750741761
|move|p2a: Calyrex|Protect|p2a: Calyrex
|-singleturn|p2a: Calyrex|Protect
|move|p1b: Lunala|Wide Guard|p1b: Lunala
|-singleturn|p1b: Lunala|Wide Guard
|move|p2b: Zamazenta|Heavy Slam|p1b: Lunala
|-damage|p1b: Lunala|88/100
|move|p1a: Incineroar|Knock Off|p2a: Calyrex
|-activate|p2a: Calyrex|move: Protect
|
|-heal|p1b: Lunala|94/100|[from] item: Leftovers
|upkeep
|turn|2
|
|t:|1750741783
|move|p2b: Zamazenta|Wide Guard|p2b: Zamazenta
|-singleturn|p2b: Zamazenta|Wide Guard
|move|p1b: Lunala|Wide Guard|p1b: Lunala
|-singleturn|p1b: Lunala|Wide Guard
|move|p2a: Calyrex|Astral Barrage|p1a: Incineroar|[spread] 
|-activate|p1a: Incineroar|move: Wide Guard
|-activate|p1b: Lunala|move: Wide Guard
|move|p1a: Incineroar|Knock Off|p2a: Calyrex
|-supereffective|p2a: Calyrex
|-enditem|p2a: Calyrex|Focus Sash
|-damage|p2a: Calyrex|1/100
|
|-heal|p1b: Lunala|100/100|[from] item: Leftovers
|upkeep
|turn|3
|inactive|AaronAstro has 30 seconds left.
|inactive|Thokwiro has 30 seconds left.
|
|t:|1750741818
|move|p1b: Lunala|Wide Guard|p1b: Lunala
|-singleturn|p1b: Lunala|Wide Guard
|move|p2a: Calyrex|Astral Barrage|p1a: Incineroar|[spread] 
|-activate|p1a: Incineroar|move: Wide Guard
|-activate|p1b: Lunala|move: Wide Guard
|move|p2b: Zamazenta|Body Press|p1a: Incineroar
|-supereffective|p1a: Incineroar
|-damage|p1a: Incineroar|0 fnt
|faint|p1a: Incineroar
|
|upkeep
|
|t:|1750741829
|switch|p1a: Calyrex|Calyrex-Ice, L50|100/100
|-ability|p1a: Calyrex|As One
|-ability|p1a: Calyrex|Unnerve
|turn|4
|inactive|Thokwiro has 30 seconds left.
|
|t:|1750741857
|move|p2b: Zamazenta|Wide Guard|p2b: Zamazenta
|-singleturn|p2b: Zamazenta|Wide Guard
|move|p1b: Lunala|Wide Guard|p1b: Lunala
|-singleturn|p1b: Lunala|Wide Guard
|move|p2a: Calyrex|Encore|p1b: Lunala
|-start|p1b: Lunala|Encore
|move|p1a: Calyrex|High Horsepower|p2a: Calyrex
|-damage|p2a: Calyrex|0 fnt
|faint|p2a: Calyrex
|-ability|p1a: Calyrex|Chilling Neigh|boost
|-boost|p1a: Calyrex|atk|1
|
|upkeep
|
|t:|1750741880
|switch|p2a: Urshifu|Urshifu-Rapid-Strike, L50, F|100/100
|turn|5
|
|t:|1750741893
|switch|p1b: Iron Hands|Iron Hands, L50|100/100
|-terastallize|p1a: Calyrex|Water
|move|p2b: Zamazenta|Wide Guard|p2b: Zamazenta
|-singleturn|p2b: Zamazenta|Wide Guard
|move|p2a: Urshifu|Close Combat|p1a: Calyrex
|-damage|p1a: Calyrex|56/100
|-unboost|p2a: Urshifu|def|1
|-unboost|p2a: Urshifu|spd|1
|move|p1a: Calyrex|High Horsepower|p2b: Zamazenta
|-supereffective|p2b: Zamazenta
|-damage|p2b: Zamazenta|54/100
|
|upkeep
|turn|6
|inactive|Thokwiro has 30 seconds left.
|
|t:|1750741919
|move|p1a: Calyrex|Protect|p1a: Calyrex
|-singleturn|p1a: Calyrex|Protect
|move|p2a: Urshifu|Close Combat|p1a: Calyrex
|-damage|p1a: Calyrex|13/100
|-unboost|p2a: Urshifu|def|1
|-unboost|p2a: Urshifu|spd|1
|move|p2b: Zamazenta|Body Press|p1a: Calyrex
|-activate|p1a: Calyrex|move: Protect
|move|p1b: Iron Hands|Wild Charge|p2a: Urshifu
|-supereffective|p2a: Urshifu
|-damage|p2a: Urshifu|0 fnt
|faint|p2a: Urshifu
|-damage|p1b: Iron Hands|82/100|[from] Recoil
|
|upkeep
|
|t:|1750741935
|switch|p2a: Rillaboom|Rillaboom, L50, M, shiny|100/100
|-fieldstart|move: Grassy Terrain|[from] ability: Grassy Surge|[of] p2a: Rillaboom
|turn|7
|inactive|AaronAstro has 30 seconds left.
|
|t:|1750741962
|move|p2b: Zamazenta|Protect|p2b: Zamazenta
|-singleturn|p2b: Zamazenta|Protect
|move|p2a: Rillaboom|Grassy Glide|p1a: Calyrex
|-supereffective|p1a: Calyrex
|-damage|p1a: Calyrex|0 fnt
|faint|p1a: Calyrex
|move|p1b: Iron Hands|Low Kick|p2a: Rillaboom
|-damage|p2a: Rillaboom|56/100
|
|-heal|p2b: Zamazenta|60/100|[from] Grassy Terrain
|-heal|p2a: Rillaboom|61/100|[from] Grassy Terrain
|-heal|p1b: Iron Hands|89/100|[from] Grassy Terrain
|upkeep
|
|t:|1750741973
|switch|p1a: Lunala|Lunala, L50|100/100
|turn|8
|
|t:|1750741994
|move|p2a: Rillaboom|Fake Out||[still]
|-hint|Fake Out only works on your first turn out.
|-fail|p2a: Rillaboom
|move|p2b: Zamazenta|Body Press|p1b: Iron Hands
|-damage|p1b: Iron Hands|39/100
|move|p1a: Lunala|Moongeist Beam|p2a: Rillaboom
|-damage|p2a: Rillaboom|28/100
|move|p1b: Iron Hands|Low Kick|p2b: Zamazenta
|-supereffective|p2b: Zamazenta
|-damage|p2b: Zamazenta|10/100
|
|-heal|p2b: Zamazenta|16/100|[from] Grassy Terrain
|-heal|p2a: Rillaboom|33/100|[from] Grassy Terrain
|-heal|p1b: Iron Hands|45/100|[from] Grassy Terrain
|upkeep
|turn|9
|inactive|AaronAstro has 30 seconds left.
|
|t:|1750742021
|move|p2b: Zamazenta|Body Press|p1b: Iron Hands
|-damage|p1b: Iron Hands|0 fnt
|faint|p1b: Iron Hands
|-end|p1b: Iron Hands|Quark Drive|[silent]
|move|p1a: Lunala|Moongeist Beam|p2a: Rillaboom
|-damage|p2a: Rillaboom|0 fnt
|faint|p2a: Rillaboom
|
|-heal|p2b: Zamazenta|22/100|[from] Grassy Terrain
|upkeep
|turn|10
|
|t:|1750742041
|-terastallize|p2b: Zamazenta|Dragon
|move|p2b: Zamazenta|Body Press|p1a: Lunala
|-immune|p1a: Lunala
|move|p1a: Lunala|Moongeist Beam|p2b: Zamazenta
|-damage|p2b: Zamazenta|0 fnt
|faint|p2b: Zamazenta
|
|win|AaronAstro
|raw|AaronAstro's rating: 1133 &rarr; <strong>1152</strong><br />(+19 for winning)
|raw|Thokwiro's rating: 1053 &rarr; <strong>1039</strong><br />(-14 for losing)
