|j|☆omempoderoso
|j|☆elbatracio29
|t:|1750854996
|gametype|doubles
|player|p1|omempoderoso|102|1268
|player|p2|elbatracio29|170|1270
|teamsize|p1|6
|teamsize|p2|6
|gen|9
|tier|[Gen 9] VGC 2025 Reg I
|rated|
|rule|Species Clause: Limit one of each Pokémon
|rule|Item Clause: Limit 1 of each item
|clearpoke
|poke|p1|Calyrex-Ice, L50|
|poke|p1|Miraidon, L50|
|poke|p1|Iron Bundle, L50|
|poke|p1|Iron Treads, L50|
|poke|p1|Rillaboom, L50, M|
|poke|p1|Torkoal, L50, M|
|poke|p2|Urshifu-*, L50, F|
|poke|p2|Regieleki, L50|
|poke|p2|Miraidon, L50|
|poke|p2|Zamazenta-*, L50|
|poke|p2|Whimsicott, L50, F|
|poke|p2|Iron Jugulis, L50|
|teampreview|4
|inactive|Battle timer is ON: inactive players will automatically lose when time's up. (requested by omempoderoso)
|inactive|elbatracio29 has 60 seconds left.
|
|t:|1750855040
|start
|switch|p1a: Rillaboom|Rillaboom, L50, M|100/100
|switch|p1b: Iron Treads|Iron Treads, L50|100/100
|switch|p2a: Regieleki|Regieleki, L50|100/100
|switch|p2b: Miraidon|Miraidon, L50|100/100
|-fieldstart|move: Electric Terrain|[from] ability: Hadron Engine|[of] p2b: Miraidon
|-activate|p1b: Iron Treads|ability: Quark Drive
|-start|p1b: Iron Treads|quarkdrivespe
|-fieldstart|move: Grassy Terrain|[from] ability: Grassy Surge|[of] p1a: Rillaboom
|-end|p1b: Iron Treads|Quark Drive
|turn|1
|
|t:|1750855065
|switch|p2b: Iron Jugulis|Iron Jugulis, L50|100/100
|move|p1a: Rillaboom|Fake Out|p2a: Regieleki
|-damage|p2a: Regieleki|77/100
|cant|p2a: Regieleki|flinch
|move|p1b: Iron Treads|High Horsepower|p2a: Regieleki
|-supereffective|p2a: Regieleki
|-damage|p2a: Regieleki|0 fnt
|faint|p2a: Regieleki
|-damage|p1b: Iron Treads|91/100|[from] item: Life Orb
|
|-heal|p1b: Iron Treads|97/100|[from] Grassy Terrain
|upkeep
|
|t:|1750855077
|switch|p2a: Zamazenta|Zamazenta-Crowned, L50|100/100
|-ability|p2a: Zamazenta|Dauntless Shield|boost
|-boost|p2a: Zamazenta|def|1
|turn|2
|
|t:|1750855093
|-end|p1b: Iron Treads|Quark Drive|[silent]
|switch|p1b: Dr Eggman|Miraidon, L50|100/100
|-fieldstart|move: Electric Terrain|[from] ability: Hadron Engine|[of] p1b: Dr Eggman
|-activate|p2b: Iron Jugulis|ability: Quark Drive
|-start|p2b: Iron Jugulis|quarkdrivespa
|move|p2a: Zamazenta|Body Press|p1b: Dr Eggman
|-damage|p1b: Dr Eggman|43/100
|move|p2b: Iron Jugulis|Tailwind|p2b: Iron Jugulis
|-sidestart|p2: elbatracio29|move: Tailwind
|move|p1a: Rillaboom|U-turn|p2a: Zamazenta
|-resisted|p2a: Zamazenta
|-damage|p2a: Zamazenta|98/100
|
|t:|1750855102
|switch|p1a: Iron Treads|Iron Treads, L50|97/100|[from] U-turn
|-activate|p1a: Iron Treads|ability: Quark Drive
|-start|p1a: Iron Treads|quarkdrivespe
|
|upkeep
|turn|3
|
|t:|1750855118
|move|p2a: Zamazenta|Body Press|p1a: Iron Treads
|-supereffective|p1a: Iron Treads
|-damage|p1a: Iron Treads|0 fnt
|faint|p1a: Iron Treads
|-end|p1a: Iron Treads|Quark Drive|[silent]
|move|p2b: Iron Jugulis|Snarl|p1b: Dr Eggman
|-damage|p1b: Dr Eggman|13/100
|move|p1b: Dr Eggman|Volt Switch|p2a: Zamazenta
|-damage|p2a: Zamazenta|39/100
|inactive|omempoderoso has 30 seconds left.
|inactive|omempoderoso has 20 seconds left.
|inactive|omempoderoso has 15 seconds left.
|inactive|omempoderoso has 10 seconds left.
|inactive|omempoderoso has 5 seconds left.
|
|t:|1750855175
|switch|p1b: Rillaboom|Rillaboom, L50, M|100/100|[from] Volt Switch
|-fieldstart|move: Grassy Terrain|[from] ability: Grassy Surge|[of] p1b: Rillaboom
|-end|p2b: Iron Jugulis|Quark Drive
|
|-heal|p2a: Zamazenta|45/100|[from] Grassy Terrain
|upkeep
|inactive|omempoderoso has 30 seconds left.
|inactive|omempoderoso has 20 seconds left.
|inactive|omempoderoso has 15 seconds left.
|inactive|omempoderoso has 10 seconds left.
|inactive|omempoderoso has 5 seconds left.
|
|t:|1750855230
|switch|p1a: Dr Eggman|Miraidon, L50|13/100
|-fieldstart|move: Electric Terrain|[from] ability: Hadron Engine|[of] p1a: Dr Eggman
|-activate|p2b: Iron Jugulis|ability: Quark Drive
|-start|p2b: Iron Jugulis|quarkdrivespa
|turn|4
|inactive|omempoderoso has 30 seconds left.
|inactive|omempoderoso has 20 seconds left.
|inactive|omempoderoso has 15 seconds left.
|inactive|omempoderoso has 10 seconds left.
|inactive|omempoderoso has 5 seconds left.
|
|t:|1750855285
|-terastallize|p2b: Iron Jugulis|Ghost
|move|p1b: Rillaboom|Fake Out|p2a: Zamazenta
|-resisted|p2a: Zamazenta
|-damage|p2a: Zamazenta|42/100
|cant|p2a: Zamazenta|flinch
|move|p2b: Iron Jugulis|Snarl|p1b: Rillaboom|[spread] p1a,p1b
|-damage|p1a: Dr Eggman|0 fnt
|-damage|p1b: Rillaboom|84/100
|-unboost|p1b: Rillaboom|spa|1
|faint|p1a: Dr Eggman
|
|upkeep
|inactive|omempoderoso has 30 seconds left.
|inactive|omempoderoso has 20 seconds left.
|inactive|omempoderoso has 15 seconds left.
|inactive|omempoderoso has 10 seconds left.
|inactive|omempoderoso has 5 seconds left.
|
|t:|1750855340
|switch|p1a: Calyrex|Calyrex-Ice, L50|100/100
|-ability|p1a: Calyrex|As One
|-ability|p1a: Calyrex|Unnerve
|turn|5
|inactive|omempoderoso has 30 seconds left.
|inactive|omempoderoso has 20 seconds left.
|inactive|omempoderoso has 15 seconds left.
|inactive|omempoderoso has 10 seconds left.
|inactive|omempoderoso has 5 seconds left.
|
|t:|1750855395
|move|p1b: Rillaboom|Fake Out||[still]
|-hint|Fake Out only works on your first turn out.
|-fail|p1b: Rillaboom
|move|p2a: Zamazenta|Body Press|p1b: Rillaboom
|-damage|p1b: Rillaboom|16/100
|move|p2b: Iron Jugulis|Taunt|p1a: Calyrex
|-start|p1a: Calyrex|move: Taunt
|move|p1a: Calyrex|Glacial Lance|p2b: Iron Jugulis|[spread] p2a,p2b
|-resisted|p2a: Zamazenta
|-damage|p2a: Zamazenta|30/100
|-damage|p2b: Iron Jugulis|31/100
|
|-sideend|p2: elbatracio29|move: Tailwind
|upkeep
|turn|6
|inactive|omempoderoso has 30 seconds left.
|inactive|omempoderoso has 20 seconds left.
|inactive|omempoderoso has 15 seconds left.
|inactive|omempoderoso has 10 seconds left.
|inactive|omempoderoso has 5 seconds left.
|
|t:|1750855450
|move|p1b: Rillaboom|Fake Out||[still]
|-hint|Fake Out only works on your first turn out.
|-fail|p1b: Rillaboom
|move|p2a: Zamazenta|Body Press|p1b: Rillaboom
|-damage|p1b: Rillaboom|0 fnt
|faint|p1b: Rillaboom
|move|p2b: Iron Jugulis|Snarl|p1a: Calyrex
|-supereffective|p1a: Calyrex
|-damage|p1a: Calyrex|44/100
|move|p1a: Calyrex|Glacial Lance|p2b: Iron Jugulis|[spread] p2a,p2b
|-resisted|p2a: Zamazenta
|-damage|p2a: Zamazenta|19/100
|-damage|p2b: Iron Jugulis|0 fnt
|faint|p2b: Iron Jugulis
|-end|p2b: Iron Jugulis|Quark Drive|[silent]
|-ability|p1a: Calyrex|Chilling Neigh|boost
|-boost|p1a: Calyrex|atk|1
|
|upkeep
|
|t:|1750855453
|switch|p2b: Miraidon|Miraidon, L50|100/100
|-activate|p2b: Miraidon|ability: Hadron Engine
|turn|7
|c|☆elbatracio29|u garbage
|inactive|omempoderoso has 30 seconds left.
|inactive|omempoderoso has 20 seconds left.
|inactive|omempoderoso has 15 seconds left.
|inactive|omempoderoso has 10 seconds left.
|inactive|omempoderoso has 5 seconds left.
|-message|omempoderoso lost due to inactivity.
|
|win|elbatracio29
|raw|omempoderoso's rating: 1268 &rarr; <strong>1243</strong><br />(-25 for losing)
|raw|elbatracio29's rating: 1270 &rarr; <strong>1295</strong><br />(+25 for winning)
|l|☆elbatracio29
|player|p2|
|l|☆omempoderoso
|player|p1|
