|j|☆plsdontspeaktome
|j|☆Aozora Kazama青空風間
|t:|1750826829
|gametype|doubles
|player|p1|plsdontspeaktome|265|1193
|player|p2|Aozora Kazama青空風間|n|1246
|teamsize|p1|6
|teamsize|p2|6
|gen|9
|tier|[Gen 9] VGC 2025 Reg I
|rated|
|rule|Species Clause: Limit one of each Pokémon
|rule|Item Clause: Limit 1 of each item
|clearpoke
|poke|p1|Calyrex-Shadow, L50|
|poke|p1|Gouging Fire, L50|
|poke|p1|Whimsicott, L50, F|
|poke|p1|Rillaboom, L50, M|
|poke|p1|Rayquaza, L50|
|poke|p1|Sneasler, L50, M|
|poke|p2|Stonjourner, L50, M|
|poke|p2|Hatterene, L50, F|
|poke|p2|Indeedee-F, L50, F|
|poke|p2|Calyrex-Shadow, L50|
|poke|p2|Koraidon, L50|
|poke|p2|Tauros-Paldea-Blaze, L50, M|
|teampreview|4
|inactive|Battle timer is ON: inactive players will automatically lose when time's up. (requested by Aozora Kazama青空風間)
|
|t:|1750826851
|start
|switch|p1a: Rayquaza|Rayquaza, L50|100/100
|switch|p1b: Sneasler|Sneasler, L50, M|100/100
|switch|p2a: Yare yare|Indeedee-F, L50, F, shiny|100/100
|switch|p2b: Calyrex|Calyrex-Shadow, L50|100/100
|-ability|p2b: Calyrex|As One
|-ability|p2b: Calyrex|Unnerve
|-ability|p1b: Sneasler|Pressure
|-ability|p1a: Rayquaza|Air Lock
|-fieldstart|move: Psychic Terrain|[from] ability: Psychic Surge|[of] p2a: Yare yare
|-enditem|p2a: Yare yare|Psychic Seed
|-boost|p2a: Yare yare|spd|1|[from] item: Psychic Seed
|turn|1
|inactive|plsdontspeaktome has 30 seconds left.
|inactive|Aozora Kazama青空風間 has 30 seconds left.
|
|t:|1750826886
|switch|p1b: Rillaboom|Rillaboom, L50, M|100/100
|-fieldstart|move: Grassy Terrain|[from] ability: Grassy Surge|[of] p1b: Rillaboom
|move|p2a: Yare yare|Follow Me|p2a: Yare yare
|-singleturn|p2a: Yare yare|move: Follow Me
|move|p2b: Calyrex|Astral Barrage|p1b: Rillaboom|[spread] p1a,p1b
|-crit|p1b: Rillaboom
|-damage|p1a: Rayquaza|49/100
|-damage|p1b: Rillaboom|33/100
|move|p1a: Rayquaza|Swords Dance|p1a: Rayquaza
|-boost|p1a: Rayquaza|atk|2
|
|-heal|p1b: Rillaboom|39/100|[from] Grassy Terrain
|upkeep
|turn|2
|inactive|plsdontspeaktome has 30 seconds left.
|inactive|plsdontspeaktome has 20 seconds left.
|inactive|Aozora Kazama青空風間 has 30 seconds left.
|
|t:|1750826928
|-terastallize|p2b: Calyrex|Dragon
|move|p1a: Rayquaza|Extreme Speed|p2a: Yare yare
|-damage|p2a: Yare yare|38/100
|move|p2a: Yare yare|Follow Me|p2a: Yare yare
|-singleturn|p2a: Yare yare|move: Follow Me
|move|p1b: Rillaboom|Grassy Glide|p2a: Yare yare
|-damage|p2a: Yare yare|6/100
|move|p2b: Calyrex|Astral Barrage|p1b: Rillaboom|[spread] p1a,p1b
|-crit|p1a: Rayquaza
|-damage|p1a: Rayquaza|0 fnt
|-damage|p1b: Rillaboom|0 fnt
|faint|p1a: Rayquaza
|faint|p1b: Rillaboom
|-ability|p2b: Calyrex|Grim Neigh|boost
|-boost|p2b: Calyrex|spa|2
|
|-heal|p2a: Yare yare|12/100|[from] Grassy Terrain
|upkeep
|
|t:|1750826942
|switch|p1a: Sneasler|Sneasler, L50, M|100/100
|switch|p1b: Calyrex|Calyrex-Shadow, L50|100/100
|-ability|p1b: Calyrex|As One
|-ability|p1b: Calyrex|Unnerve
|-ability|p1a: Sneasler|Pressure
|turn|3
|
|t:|1750826966
|-terastallize|p1b: Calyrex|Dark
|move|p2b: Calyrex|Protect|p2b: Calyrex
|-singleturn|p2b: Calyrex|Protect
|move|p1b: Calyrex|Astral Barrage|p2b: Calyrex|[spread] 
|-activate|p2b: Calyrex|move: Protect
|-immune|p2a: Yare yare
|move|p1a: Sneasler|Dire Claw|p2a: Yare yare
|-damage|p2a: Yare yare|0 fnt
|faint|p2a: Yare yare
|
|upkeep
|
|t:|1750826979
|switch|p2a: Redbull|Tauros-Paldea-Blaze, L50, M, shiny|100/100
|turn|4
|
|t:|1750826987
|move|p2a: Redbull|Close Combat|p1b: Calyrex
|-supereffective|p1b: Calyrex
|-damage|p1b: Calyrex|0 fnt
|-unboost|p2a: Redbull|def|1
|-unboost|p2a: Redbull|spd|1
|faint|p1b: Calyrex
|move|p2b: Calyrex|Astral Barrage|p1a: Sneasler
|-enditem|p1a: Sneasler|Focus Sash
|-damage|p1a: Sneasler|1/100
|move|p1a: Sneasler|Dire Claw|p2b: Calyrex
|-damage|p2b: Calyrex|55/100
|
|-heal|p2b: Calyrex|61/100|[from] Grassy Terrain
|-heal|p1a: Sneasler|7/100|[from] Grassy Terrain
|upkeep
|turn|5
|-message|plsdontspeaktome forfeited.
|
|win|Aozora Kazama青空風間
|raw|plsdontspeaktome's rating: 1193 &rarr; <strong>1172</strong><br />(-21 for losing)
|raw|Aozora Kazama青空風間's rating: 1246 &rarr; <strong>1267</strong><br />(+21 for winning)
|l|☆plsdontspeaktome
|player|p1|
|l|☆Aozora Kazama青空風間
|player|p2|
