|j|☆Zakmancho
|j|☆PaperoPazzo
|t:|1750779832
|gametype|doubles
|player|p1|Zakmancho|2|1623
|player|p2|PaperoPazzo|102|1654
|teamsize|p1|6
|teamsize|p2|6
|gen|9
|tier|[Gen 9] VGC 2025 Reg I
|rated|
|rule|Species Clause: Limit one of each Pokémon
|rule|Item Clause: Limit 1 of each item
|clearpoke
|poke|p1|Calyrex-Ice, L50|
|poke|p1|Miraidon, L50|
|poke|p1|Grimmsnarl, L50, M|
|poke|p1|Urshifu-*, L50, F|
|poke|p1|Incineroar, L50, M|
|poke|p1|Landorus, L50, M|
|poke|p2|Miraidon, L50|
|poke|p2|Lunala, L50|
|poke|p2|Ursaluna, L50, M|
|poke|p2|Whimsicott, L50, F|
|poke|p2|Incineroar, L50, M|
|poke|p2|Urshifu-*, L50, M|
|teampreview|4
|inactive|Battle timer is ON: inactive players will automatically lose when time's up. (requested by Zakmancho)
|inactive|PaperoPazzo has 60 seconds left.
|
|t:|1750779870
|start
|switch|p1a: Grimmsnarl|Grimmsnarl, L50, M|100/100
|switch|p1b: Landorus|Landorus, L50, M|100/100
|switch|p2a: Lunala|Lunala, L50|100/100
|switch|p2b: Urshifu|Urshifu-Rapid-Strike, L50, M|100/100
|turn|1
|
|t:|1750779886
|switch|p1b: Miraidon|Miraidon, L50|100/100
|-fieldstart|move: Electric Terrain|[from] ability: Hadron Engine|[of] p1b: Miraidon
|-enditem|p2a: Lunala|Electric Seed
|-boost|p2a: Lunala|def|1|[from] item: Electric Seed
|move|p1a: Grimmsnarl|Light Screen|p1a: Grimmsnarl
|-sidestart|p1: Zakmancho|move: Light Screen
|move|p2b: Urshifu|Surging Strikes|p1a: Grimmsnarl
|-crit|p1a: Grimmsnarl
|-damage|p1a: Grimmsnarl|79/100
|-crit|p1a: Grimmsnarl
|-damage|p1a: Grimmsnarl|57/100
|-crit|p1a: Grimmsnarl
|-damage|p1a: Grimmsnarl|36/100
|-hitcount|p1a: Grimmsnarl|3
|move|p2a: Lunala|Moonblast|p1a: Grimmsnarl
|-supereffective|p1a: Grimmsnarl
|-damage|p1a: Grimmsnarl|0 fnt
|faint|p1a: Grimmsnarl
|
|upkeep
|
|t:|1750779899
|switch|p1a: Calyrex|Calyrex-Ice, L50|100/100
|-ability|p1a: Calyrex|As One
|-ability|p1a: Calyrex|Unnerve
|turn|2
|j| Feeling Fantastic
|inactive|PaperoPazzo has 30 seconds left.
|
|t:|1750779929
|-terastallize|p1a: Calyrex|Water
|move|p1b: Miraidon|Volt Switch|p2b: Urshifu
|-supereffective|p2b: Urshifu
|-crit|p2b: Urshifu
|-enditem|p2b: Urshifu|Focus Sash
|-damage|p2b: Urshifu|1/100
|
|t:|1750779936
|switch|p1b: Landorus|Landorus, L50, M|100/100|[from] Volt Switch
|move|p2b: Urshifu|Surging Strikes|p1a: Calyrex
|-resisted|p1a: Calyrex
|-crit|p1a: Calyrex
|-damage|p1a: Calyrex|93/100
|-resisted|p1a: Calyrex
|-crit|p1a: Calyrex
|-damage|p1a: Calyrex|87/100
|-resisted|p1a: Calyrex
|-crit|p1a: Calyrex
|-damage|p1a: Calyrex|80/100
|-hitcount|p1a: Calyrex|3
|move|p2a: Lunala|Moongeist Beam|p1a: Calyrex
|-damage|p1a: Calyrex|59/100
|move|p1a: Calyrex|Leech Seed|p2a: Lunala
|-start|p2a: Lunala|move: Leech Seed
|
|-heal|p1a: Calyrex|65/100|[from] item: Leftovers
|-damage|p2a: Lunala|88/100|[from] Leech Seed|[of] p1a: Calyrex
|-heal|p1a: Calyrex|79/100|[silent]
|upkeep
|turn|3
|inactive|Zakmancho has 30 seconds left.
|inactive|PaperoPazzo has 30 seconds left.
|
|t:|1750779970
|move|p2b: Urshifu|Surging Strikes|p1b: Landorus
|-supereffective|p1b: Landorus
|-crit|p1b: Landorus
|-damage|p1b: Landorus|58/100
|-supereffective|p1b: Landorus
|-crit|p1b: Landorus
|-damage|p1b: Landorus|14/100
|-supereffective|p1b: Landorus
|-crit|p1b: Landorus
|-damage|p1b: Landorus|0 fnt
|faint|p1b: Landorus
|-hitcount|p1: Landorus|3
|move|p1a: Calyrex|Glacial Lance|p2b: Urshifu|[spread] p2a,p2b
|-crit|p2a: Lunala
|-resisted|p2b: Urshifu
|-damage|p2a: Lunala|21/100
|-damage|p2b: Urshifu|0 fnt
|faint|p2b: Urshifu
|-ability|p1a: Calyrex|Chilling Neigh|boost
|-boost|p1a: Calyrex|atk|1
|move|p2a: Lunala|Trick Room|p2a: Lunala
|-fieldstart|move: Trick Room|[of] p2a: Lunala
|
|-heal|p1a: Calyrex|85/100|[from] item: Leftovers
|-damage|p2a: Lunala|9/100|[from] Leech Seed|[of] p1a: Calyrex
|-heal|p1a: Calyrex|99/100|[silent]
|upkeep
|
|t:|1750779981
|switch|p1b: Miraidon|Miraidon, L50|100/100
|switch|p2b: Ursaluna|Ursaluna, L50, M|100/100
|-activate|p1b: Miraidon|ability: Hadron Engine
|turn|4
|inactive|PaperoPazzo has 30 seconds left.
|inactive|PaperoPazzo has 20 seconds left.
|inactive|PaperoPazzo has 15 seconds left.
|inactive|PaperoPazzo has 10 seconds left.
|
|t:|1750780030
|move|p1b: Miraidon|Protect|p1b: Miraidon
|-singleturn|p1b: Miraidon|Protect
|move|p2a: Lunala|Wide Guard|p2a: Lunala
|-singleturn|p2a: Lunala|Wide Guard
|move|p2b: Ursaluna|Headlong Rush|p1b: Miraidon
|-activate|p1b: Miraidon|move: Protect
|move|p1a: Calyrex|Trick Room|p1a: Calyrex
|-fieldend|move: Trick Room
|
|-heal|p1a: Calyrex|100/100|[from] item: Leftovers
|-damage|p2a: Lunala|0 fnt|[from] Leech Seed|[of] p1a: Calyrex
|faint|p2a: Lunala
|-status|p2b: Ursaluna|brn|[from] item: Flame Orb
|upkeep
|
|t:|1750780040
|switch|p2a: Miraidon|Miraidon, L50|100/100
|-activate|p2a: Miraidon|ability: Hadron Engine
|turn|5
|inactive|PaperoPazzo has 30 seconds left.
|inactive|PaperoPazzo has 20 seconds left.
|inactive|PaperoPazzo has 15 seconds left.
|inactive|PaperoPazzo has 10 seconds left.
|
|t:|1750780086
|-terastallize|p2a: Miraidon|Fairy
|move|p2a: Miraidon|Electro Drift|p1a: Calyrex
|-supereffective|p1a: Calyrex
|-damage|p1a: Calyrex|0 fnt
|faint|p1a: Calyrex
|move|p1b: Miraidon|Draco Meteor|p2a: Miraidon
|-immune|p2a: Miraidon
|move|p2b: Ursaluna|Earthquake|p1b: Miraidon|[spread] p2a,p1b
|-supereffective|p1b: Miraidon
|-crit|p1b: Miraidon
|-damage|p2a: Miraidon|37/100
|-damage|p1b: Miraidon|0 fnt
|faint|p1b: Miraidon
|
|win|PaperoPazzo
|raw|Zakmancho's rating: 1623 &rarr; <strong>1605</strong><br />(-18 for losing)
|raw|PaperoPazzo's rating: 1654 &rarr; <strong>1672</strong><br />(+18 for winning)
|l|☆Zakmancho
|player|p1|
|l| Feeling Fantastic
