|j|‽djhvgc
|j|☆comrade5
|t:|1750875707
|gametype|doubles
|player|p1|djhvgc|2|1251
|player|p2|comrade5|170|1339
|teamsize|p1|6
|teamsize|p2|6
|gen|9
|tier|[Gen 9] VGC 2025 Reg I
|rated|
|rule|Species Clause: Limit one of each Pokémon
|rule|Item Clause: Limit 1 of each item
|clearpoke
|poke|p1|Raging Bolt, L50|
|poke|p1|Annihilape, L50, M|
|poke|p1|Calyrex-Ice, L50|
|poke|p1|Koraidon, L50|
|poke|p1|Pincurchin, L50, F|
|poke|p1|Flutter Mane, L50|
|poke|p2|Zamazenta-*, L50|
|poke|p2|Incineroar, L50, F|
|poke|p2|Urshifu-*, L50, F|
|poke|p2|Raichu, L50, F|
|poke|p2|Calyrex-Shadow, L50|
|poke|p2|Amoonguss, L50, F|
|teampreview|4
|inactive|Battle timer is ON: inactive players will automatically lose when time's up. (requested by djhvgc)
|
|t:|1750875738
|start
|switch|p1a: Annihilape|Annihilape, L50, M|100/100
|switch|p1b: Calyrex|Calyrex-Ice, L50|100/100
|switch|p2a: Raichu|Raichu, L50, F, shiny|100/100
|switch|p2b: Urshifu|Urshifu-Rapid-Strike, L50, F|100/100
|-ability|p1b: Calyrex|As One
|-ability|p1b: Calyrex|Unnerve
|turn|1
|
|t:|1750875758
|move|p1b: Calyrex|Protect|p1b: Calyrex
|-singleturn|p1b: Calyrex|Protect
|move|p1a: Annihilape|Final Gambit|p2b: Urshifu
|-damage|p2b: Urshifu|0 fnt
|faint|p1a: Annihilape
|faint|p2b: Urshifu
|move|p2a: Raichu|Nuzzle|p1b: Calyrex
|-activate|p1b: Calyrex|move: Protect
|
|upkeep
|
|t:|1750875766
|switch|p2b: Zamazenta|Zamazenta-Crowned, L50, shiny|100/100
|switch|p1a: Raging Bolt|Raging Bolt, L50|100/100
|-ability|p2b: Zamazenta|Dauntless Shield|boost
|-boost|p2b: Zamazenta|def|1
|turn|2
|
|t:|1750875778
|move|p2a: Raichu|Nuzzle|p1b: Calyrex
|-damage|p1b: Calyrex|97/100
|-status|p1b: Calyrex|par
|move|p2b: Zamazenta|Body Press|p1a: Raging Bolt
|-damage|p1a: Raging Bolt|36/100
|-enditem|p1a: Raging Bolt|Sitrus Berry|[eat]
|-heal|p1a: Raging Bolt|61/100|[from] item: Sitrus Berry
|move|p1a: Raging Bolt|Calm Mind|p1a: Raging Bolt
|-boost|p1a: Raging Bolt|spa|1
|-boost|p1a: Raging Bolt|spd|1
|move|p1b: Calyrex|Trick Room|p1b: Calyrex
|-fieldstart|move: Trick Room|[of] p1b: Calyrex
|
|upkeep
|turn|3
|inactive|djhvgc has 30 seconds left.
|inactive|comrade5 has 30 seconds left.
|
|t:|1750875808
|-terastallize|p1a: Raging Bolt|Fairy
|move|p1b: Calyrex|Glacial Lance|p2b: Zamazenta|[spread] p2a,p2b
|-resisted|p2b: Zamazenta
|-damage|p2a: Raichu|6/100
|-damage|p2b: Zamazenta|90/100
|move|p1a: Raging Bolt|Calm Mind|p1a: Raging Bolt
|-boost|p1a: Raging Bolt|spa|1
|-boost|p1a: Raging Bolt|spd|1
|move|p2b: Zamazenta|Body Press|p1a: Raging Bolt
|-resisted|p1a: Raging Bolt
|-damage|p1a: Raging Bolt|28/100
|move|p2a: Raichu|Endeavor|p1b: Calyrex
|-damage|p1b: Calyrex|4/100 par
|
|upkeep
|turn|4
|inactive|comrade5 has 30 seconds left.
|inactive|comrade5 has 20 seconds left.
|inactive|comrade5 has 15 seconds left.
|n|‽djhvgc|djhvgc
|inactive|comrade5 has 10 seconds left.
|
|t:|1750875858
|move|p1a: Raging Bolt|Protect|p1a: Raging Bolt
|-singleturn|p1a: Raging Bolt|Protect
|cant|p1b: Calyrex|par
|move|p2b: Zamazenta|Behemoth Bash|p1a: Raging Bolt
|-activate|p1a: Raging Bolt|move: Protect
|move|p2a: Raichu|Nuzzle|p1b: Calyrex
|-damage|p1b: Calyrex|1/100 par
|
|upkeep
|turn|5
|
|t:|1750875875
|move|p1a: Raging Bolt|Protect||[still]
|-fail|p1a: Raging Bolt
|move|p1b: Calyrex|Glacial Lance|p2a: Raichu|[spread] p2a,p2b
|-resisted|p2b: Zamazenta
|-damage|p2a: Raichu|0 fnt
|-damage|p2b: Zamazenta|80/100
|faint|p2a: Raichu
|-ability|p1b: Calyrex|Chilling Neigh|boost
|-boost|p1b: Calyrex|atk|1
|move|p2b: Zamazenta|Behemoth Bash|p1a: Raging Bolt
|-supereffective|p1a: Raging Bolt
|-damage|p1a: Raging Bolt|0 fnt
|faint|p1a: Raging Bolt
|-end|p1a: Raging Bolt|Protosynthesis|[silent]
|
|upkeep
|
|t:|1750875887
|switch|p1a: Pincurchin|Pincurchin, L50, F|100/100
|switch|p2a: Calyrex|Calyrex-Shadow, L50|100/100
|-ability|p2a: Calyrex|As One
|-ability|p2a: Calyrex|Unnerve
|-fieldstart|move: Electric Terrain|[from] ability: Electric Surge|[of] p1a: Pincurchin
|turn|6
|
|t:|1750875900
|move|p2b: Zamazenta|Protect|p2b: Zamazenta
|-singleturn|p2b: Zamazenta|Protect
|move|p2a: Calyrex|Protect|p2a: Calyrex
|-singleturn|p2a: Calyrex|Protect
|move|p1b: Calyrex|High Horsepower|p2b: Zamazenta
|-activate|p2b: Zamazenta|move: Protect
|move|p1a: Pincurchin|Zing Zap|p2b: Zamazenta
|-activate|p2b: Zamazenta|move: Protect
|
|-fieldend|move: Trick Room
|upkeep
|turn|7
|
|t:|1750875914
|move|p1b: Calyrex|Protect|p1b: Calyrex
|-singleturn|p1b: Calyrex|Protect
|move|p1a: Pincurchin|Sucker Punch|p2a: Calyrex
|-supereffective|p2a: Calyrex
|-damage|p2a: Calyrex|0 fnt
|faint|p2a: Calyrex
|-damage|p1a: Pincurchin|90/100|[from] item: Life Orb
|move|p2b: Zamazenta|Body Press|p1a: Pincurchin
|-damage|p1a: Pincurchin|0 fnt
|faint|p1a: Pincurchin
|
|upkeep
|turn|8
|-message|djhvgc forfeited.
|
|win|comrade5
|raw|djhvgc's rating: 1251 &rarr; <strong>1232</strong><br />(-19 for losing)
|raw|comrade5's rating: 1339 &rarr; <strong>1354</strong><br />(+15 for winning)
|l|‽djhvgc
|player|p1|
|l|☆comrade5
|player|p2|
