|j|☆Dinosword9600
|j|☆Ellvey96
|t:|1750790861
|gametype|doubles
|player|p1|Dinosword9600|lucas-gen4pt|1353
|player|p2|Ellvey96|guitarist|1346
|teamsize|p1|6
|teamsize|p2|6
|gen|9
|tier|[Gen 9] VGC 2025 Reg I
|rated|
|rule|Species Clause: Limit one of each Pokémon
|rule|Item Clause: Limit 1 of each item
|clearpoke
|poke|p1|Calyrex-Shadow, L50|
|poke|p1|Amoonguss, L50, M|
|poke|p1|Zamazenta-*, L50|
|poke|p1|Incineroar, L50, F|
|poke|p1|Chien-Pao, L50|
|poke|p1|Tornadus, L50, M|
|poke|p2|Ho-Oh, L50|
|poke|p2|Eternatus, L50|
|poke|p2|Landorus, L50, M|
|poke|p2|Rillaboom, L50, F|
|poke|p2|Toxapex, L50, M|
|poke|p2|Grimmsnarl, L50, M|
|teampreview|4
|
|t:|1750790903
|start
|switch|p1a: Calyrex|Calyrex-Shadow, L50|100/100
|switch|p1b: Incineroar|Incineroar, L50, F|100/100
|switch|p2a: Landorus|Landorus, L50, M|100/100
|switch|p2b: Grimmsnarl|Grimmsnarl, L50, M|100/100
|-ability|p1a: Calyrex|As One
|-ability|p1a: Calyrex|Unnerve
|-ability|p1b: Incineroar|Intimidate|boost
|-unboost|p2a: Landorus|atk|1
|-unboost|p2b: Grimmsnarl|atk|1
|turn|1
|inactive|Battle timer is ON: inactive players will automatically lose when time's up. (requested by Ellvey96)
|
|t:|1750790934
|-terastallize|p1a: Calyrex|Fairy
|move|p2a: Landorus|Protect|p2a: Landorus
|-singleturn|p2a: Landorus|Protect
|move|p1b: Incineroar|Fake Out|p2a: Landorus
|-activate|p2a: Landorus|move: Protect
|move|p2b: Grimmsnarl|Light Screen|p2b: Grimmsnarl
|-sidestart|p2: Ellvey96|move: Light Screen
|move|p1a: Calyrex|Nasty Plot|p1a: Calyrex
|-boost|p1a: Calyrex|spa|2
|
|upkeep
|turn|2
|
|t:|1750790952
|move|p1a: Calyrex|Protect|p1a: Calyrex
|-singleturn|p1a: Calyrex|Protect
|move|p2b: Grimmsnarl|Parting Shot|p1a: Calyrex
|-activate|p1a: Calyrex|move: Protect
|move|p2a: Landorus|Sludge Bomb|p1a: Calyrex
|-activate|p1a: Calyrex|move: Protect
|move|p1b: Incineroar|Parting Shot|p2a: Landorus
|-unboost|p2a: Landorus|atk|1
|-unboost|p2a: Landorus|spa|1
|
|t:|1750790968
|switch|p1b: Amoonguss|Amoonguss, L50, M|100/100|[from] Parting Shot
|
|upkeep
|turn|3
|
|t:|1750790978
|move|p1b: Amoonguss|Rage Powder|p1b: Amoonguss
|-singleturn|p1b: Amoonguss|move: Rage Powder
|move|p2b: Grimmsnarl|Parting Shot|p1b: Amoonguss
|-unboost|p1b: Amoonguss|atk|1
|-unboost|p1b: Amoonguss|spa|1
|
|t:|1750790984
|switch|p2b: Ho-Oh|Ho-Oh, L50|100/100|[from] Parting Shot
|move|p1a: Calyrex|Astral Barrage|p2a: Landorus|[spread] p2a,p2b
|-damage|p2a: Landorus|23/100
|-damage|p2b: Ho-Oh|47/100
|-damage|p1a: Calyrex|91/100|[from] item: Life Orb
|move|p2a: Landorus|Taunt|p1b: Amoonguss
|-start|p1b: Amoonguss|move: Taunt
|
|upkeep
|turn|4
|
|t:|1750791004
|switch|p2a: Grimmsnarl|Grimmsnarl, L50, M|100/100
|move|p2b: Ho-Oh|Protect|p2b: Ho-Oh
|-singleturn|p2b: Ho-Oh|Protect
|move|p1a: Calyrex|Astral Barrage|p2a: Grimmsnarl|[spread] p2a
|-activate|p2b: Ho-Oh|move: Protect
|-resisted|p2a: Grimmsnarl
|-damage|p2a: Grimmsnarl|57/100
|-damage|p1a: Calyrex|81/100|[from] item: Life Orb
|move|p1b: Amoonguss|Pollen Puff|p1a: Calyrex
|-heal|p1a: Calyrex|100/100
|
|upkeep
|turn|5
|
|t:|1750791029
|move|p1a: Calyrex|Protect|p1a: Calyrex
|-singleturn|p1a: Calyrex|Protect
|move|p2a: Grimmsnarl|Parting Shot|p1a: Calyrex
|-activate|p1a: Calyrex|move: Protect
|move|p1b: Amoonguss|Pollen Puff|p2a: Grimmsnarl
|-damage|p2a: Grimmsnarl|49/100
|move|p2b: Ho-Oh|Whirlwind|p1a: Calyrex
|drag|p1a: Incineroar|Incineroar, L50, F|100/100
|-ability|p1a: Incineroar|Intimidate|boost
|-unboost|p2a: Grimmsnarl|atk|1
|-unboost|p2b: Ho-Oh|atk|1
|-enditem|p2b: Ho-Oh|Sitrus Berry|[eat]
|-heal|p2b: Ho-Oh|72/100|[from] item: Sitrus Berry
|
|upkeep
|turn|6
|inactive|Dinosword9600 has 30 seconds left.
|inactive|Ellvey96 has 30 seconds left.
|inactive|Dinosword9600 has 20 seconds left.
|inactive|Dinosword9600 has 15 seconds left.
|
|t:|1750791073
|switch|p2a: Eternatus|Eternatus, L50|100/100
|-ability|p2a: Eternatus|Pressure
|move|p2b: Ho-Oh|Protect|p2b: Ho-Oh
|-singleturn|p2b: Ho-Oh|Protect
|move|p1a: Incineroar|Knock Off|p2a: Eternatus
|-damage|p2a: Eternatus|70/100
|-enditem|p2a: Eternatus|Leftovers|[from] move: Knock Off|[of] p1a: Incineroar
|move|p1b: Amoonguss|Pollen Puff|p2a: Eternatus
|-resisted|p2a: Eternatus
|-crit|p2a: Eternatus
|-damage|p2a: Eternatus|61/100
|
|-end|p1b: Amoonguss|move: Taunt
|upkeep
|turn|7
|inactive|Dinosword9600 has 30 seconds left.
|
|t:|1750791102
|move|p2a: Eternatus|Sludge Bomb|p1b: Amoonguss
|-damage|p1b: Amoonguss|65/100
|move|p2b: Ho-Oh|Sacred Fire|p1b: Amoonguss
|-supereffective|p1b: Amoonguss
|-damage|p1b: Amoonguss|12/100
|move|p1a: Incineroar|Parting Shot|p2a: Eternatus
|-unboost|p2a: Eternatus|atk|1
|-unboost|p2a: Eternatus|spa|1
|
|t:|1750791115
|switch|p1a: Calyrex|Calyrex-Shadow, L50, tera:Fairy|100/100|[from] Parting Shot
|-ability|p1a: Calyrex|As One
|-ability|p1a: Calyrex|Unnerve
|move|p1b: Amoonguss|Spore|p2b: Ho-Oh
|-status|p2b: Ho-Oh|slp|[from] move: Spore
|
|upkeep
|turn|8
|
|t:|1750791135
|switch|p2b: Grimmsnarl|Grimmsnarl, L50, M|49/100
|switch|p1b: Incineroar|Incineroar, L50, F|100/100
|-ability|p1b: Incineroar|Intimidate|boost
|-unboost|p2a: Eternatus|atk|1
|-unboost|p2b: Grimmsnarl|atk|1
|move|p1a: Calyrex|Protect|p1a: Calyrex
|-singleturn|p1a: Calyrex|Protect
|move|p2a: Eternatus|Sludge Bomb|p1b: Incineroar
|-damage|p1b: Incineroar|76/100
|
|-sideend|p2: Ellvey96|move: Light Screen
|upkeep
|turn|9
|
|t:|1750791156
|move|p1b: Incineroar|Helping Hand|p1a: Calyrex
|-singleturn|p1a: Calyrex|Helping Hand|[of] p1b: Incineroar
|move|p2b: Grimmsnarl|Light Screen|p2b: Grimmsnarl
|-sidestart|p2: Ellvey96|move: Light Screen
|move|p1a: Calyrex|Astral Barrage|p2b: Grimmsnarl|[spread] p2a,p2b
|-resisted|p2b: Grimmsnarl
|-damage|p2a: Eternatus|20/100
|-damage|p2b: Grimmsnarl|16/100
|-damage|p1a: Calyrex|91/100|[from] item: Life Orb
|move|p2a: Eternatus|Cosmic Power|p2a: Eternatus
|-boost|p2a: Eternatus|def|1
|-boost|p2a: Eternatus|spd|1
|
|upkeep
|turn|10
|inactive|Dinosword9600 has 30 seconds left.
|
|t:|1750791181
|move|p1b: Incineroar|Helping Hand|p1a: Calyrex
|-singleturn|p1a: Calyrex|Helping Hand|[of] p1b: Incineroar
|move|p2b: Grimmsnarl|Parting Shot|p1a: Calyrex
|-unboost|p1a: Calyrex|atk|1
|-unboost|p1a: Calyrex|spa|1
|
|t:|1750791187
|switch|p2b: Ho-Oh|Ho-Oh, L50|100/100 slp|[from] Parting Shot
|move|p1a: Calyrex|Astral Barrage|p2a: Eternatus|[spread] p2a,p2b
|-damage|p2a: Eternatus|1/100
|-damage|p2b: Ho-Oh|75/100 slp
|-damage|p1a: Calyrex|81/100|[from] item: Life Orb
|move|p2a: Eternatus|Recover|p2a: Eternatus
|-heal|p2a: Eternatus|52/100
|
|upkeep
|turn|11
|inactive|Dinosword9600 has 30 seconds left.
|inactive|Ellvey96 has 30 seconds left.
|
|t:|1750791217
|switch|p1a: Amoonguss|Amoonguss, L50, M|45/100
|move|p2a: Eternatus|Cosmic Power|p2a: Eternatus
|-boost|p2a: Eternatus|def|1
|-boost|p2a: Eternatus|spd|1
|cant|p2b: Ho-Oh|slp
|move|p1b: Incineroar|Parting Shot|p2a: Eternatus
|-unboost|p2a: Eternatus|atk|1
|-unboost|p2a: Eternatus|spa|1
|
|t:|1750791229
|switch|p1b: Zamazenta|Zamazenta-Crowned, L50|100/100|[from] Parting Shot
|-ability|p1b: Zamazenta|Dauntless Shield|boost
|-boost|p1b: Zamazenta|def|1
|
|upkeep
|turn|12
|
|t:|1750791245
|move|p2a: Eternatus|Cosmic Power|p2a: Eternatus
|-boost|p2a: Eternatus|def|1
|-boost|p2a: Eternatus|spd|1
|move|p1b: Zamazenta|Iron Defense|p1b: Zamazenta
|-boost|p1b: Zamazenta|def|2
|move|p1a: Amoonguss|Spore|p2a: Eternatus
|-status|p2a: Eternatus|slp|[from] move: Spore
|-curestatus|p2b: Ho-Oh|slp|[msg]
|move|p2b: Ho-Oh|Whirlwind|p1b: Zamazenta
|drag|p1b: Calyrex|Calyrex-Shadow, L50, tera:Fairy|81/100
|-ability|p1b: Calyrex|As One
|-ability|p1b: Calyrex|Unnerve
|
|upkeep
|turn|13
|
|t:|1750791267
|move|p1a: Amoonguss|Rage Powder|p1a: Amoonguss
|-singleturn|p1a: Amoonguss|move: Rage Powder
|move|p1b: Calyrex|Nasty Plot|p1b: Calyrex
|-boost|p1b: Calyrex|spa|2
|cant|p2a: Eternatus|slp
|move|p2b: Ho-Oh|Whirlwind|p1a: Amoonguss
|drag|p1a: Incineroar|Incineroar, L50, F|76/100
|-ability|p1a: Incineroar|Intimidate|boost
|-unboost|p2a: Eternatus|atk|1
|-unboost|p2b: Ho-Oh|atk|1
|
|upkeep
|turn|14
|
|t:|1750791289
|move|p1a: Incineroar|Fake Out|p2b: Ho-Oh
|-damage|p2b: Ho-Oh|65/100
|move|p1b: Calyrex|Astral Barrage|p2b: Ho-Oh|[spread] p2a,p2b
|-damage|p2a: Eternatus|28/100 slp
|-damage|p2b: Ho-Oh|16/100
|-damage|p1b: Calyrex|71/100|[from] item: Life Orb
|cant|p2a: Eternatus|slp
|cant|p2b: Ho-Oh|flinch
|
|upkeep
|turn|15
|-message|Ellvey96 forfeited.
|
|win|Dinosword9600
|raw|Dinosword9600's rating: 1353 &rarr; <strong>1373</strong><br />(+20 for winning)
|raw|Ellvey96's rating: 1346 &rarr; <strong>1326</strong><br />(-20 for losing)
|l|☆Ellvey96
|player|p2|
