|j|☆mnmnmnmnm6
|j|☆SummerAltMeap
|t:|1750726701
|gametype|doubles
|player|p1|mnmnmnmnm6|265|1473
|player|p2|SummerAltMeap|florian-bb|1596
|teamsize|p1|6
|teamsize|p2|6
|gen|9
|tier|[Gen 9] VGC 2025 Reg I
|rated|
|rule|Species Clause: Limit one of each Pokémon
|rule|Item Clause: Limit 1 of each item
|clearpoke
|poke|p1|Kyogre, L50|
|poke|p1|Urshifu-*, L50, M|
|poke|p1|Miraidon, L50|
|poke|p1|Overqwil, L50, M|
|poke|p1|Iron Bundle, L50|
|poke|p1|Farigiraf, L50, M|
|poke|p2|Kyogre, L50|
|poke|p2|Zacian-*, L50|
|poke|p2|Tornadus, L50, M|
|poke|p2|Landorus, L50, M|
|poke|p2|Farigiraf, L50, M|
|poke|p2|Rillaboom, L50, M|
|teampreview|4
|inactive|Battle timer is ON: inactive players will automatically lose when time's up. (requested by SummerAltMeap)
|inactive|mnmnmnmnm6 has 60 seconds left.
|inactive|SummerAltMeap has 60 seconds left.
|
|t:|1750726753
|start
|switch|p1a: Kyogre|Kyogre, L50|100/100
|switch|p1b: Urshifu|Urshifu-Rapid-Strike, L50, M|100/100
|switch|p2a: Zacian|Zacian-Crowned, L50, shiny|100/100
|switch|p2b: Bongo|Rillaboom, L50, M, shiny|100/100
|-ability|p2a: Zacian|Intrepid Sword|boost
|-boost|p2a: Zacian|atk|1
|-weather|RainDance|[from] ability: Drizzle|[of] p1a: Kyogre
|-fieldstart|move: Grassy Terrain|[from] ability: Grassy Surge|[of] p2b: Bongo
|turn|1
|inactive|mnmnmnmnm6 has 30 seconds left.
|
|t:|1750726782
|-terastallize|p2a: Zacian|Grass
|move|p2b: Bongo|Grassy Glide|p1b: Urshifu
|-supereffective|p1b: Urshifu
|-damage|p1b: Urshifu|19/100
|move|p1b: Urshifu|U-turn|p2b: Bongo
|-supereffective|p2b: Bongo
|-damage|p2b: Bongo|54/100
|
|t:|1750726790
|switch|p1b: Overqwil|Overqwil, L50, M|100/100|[from] U-turn
|move|p2a: Zacian|Play Rough|p1a: Kyogre
|-damage|p1a: Kyogre|33/100
|move|p1a: Kyogre|Chilling Water|p2a: Zacian
|-resisted|p2a: Zacian
|-damage|p2a: Zacian|80/100
|-unboost|p2a: Zacian|atk|1
|
|-weather|RainDance|[upkeep]
|-heal|p2a: Zacian|86/100|[from] Grassy Terrain
|-heal|p1a: Kyogre|39/100|[from] Grassy Terrain
|-heal|p2b: Bongo|60/100|[from] Grassy Terrain
|upkeep
|turn|2
|inactive|mnmnmnmnm6 has 30 seconds left.
|
|t:|1750726822
|switch|p1a: Miraidon|Miraidon, L50|100/100
|-fieldstart|move: Electric Terrain|[from] ability: Hadron Engine|[of] p1a: Miraidon
|move|p2a: Zacian|Protect|p2a: Zacian
|-singleturn|p2a: Zacian|Protect
|move|p1b: Overqwil|Gunk Shot|p2b: Bongo
|-supereffective|p2b: Bongo
|-damage|p2b: Bongo|0 fnt
|faint|p2b: Bongo
|-damage|p1b: Overqwil|91/100|[from] item: Life Orb
|
|-weather|RainDance|[upkeep]
|upkeep
|
|t:|1750726833
|switch|p2b: Tony|Landorus, L50, M, shiny|100/100
|turn|3
|
|t:|1750726851
|switch|p2a: Aquafina|Kyogre, L50, shiny|100/100
|move|p1b: Overqwil|Gunk Shot|p2a: Aquafina|[miss]
|-miss|p1b: Overqwil|p2a: Aquafina
|move|p1a: Miraidon|Draco Meteor|p2b: Tony
|-damage|p2b: Tony|0 fnt
|-unboost|p1a: Miraidon|spa|2
|faint|p2b: Tony
|
|-weather|RainDance|[upkeep]
|upkeep
|
|t:|1750726858
|switch|p2b: Zacian|Zacian-Crowned, L50, shiny, tera:Grass|86/100
|turn|4
|
|t:|1750726873
|move|p1b: Overqwil|Protect|p1b: Overqwil
|-singleturn|p1b: Overqwil|Protect
|move|p2b: Zacian|Play Rough|p1a: Miraidon
|-supereffective|p1a: Miraidon
|-damage|p1a: Miraidon|14/100
|-unboost|p1a: Miraidon|atk|1
|move|p1a: Miraidon|Draco Meteor|p2a: Aquafina
|-damage|p2a: Aquafina|45/100
|-unboost|p1a: Miraidon|spa|2
|move|p2a: Aquafina|Origin Pulse|p1b: Overqwil|[spread] p1a
|-activate|p1b: Overqwil|move: Protect
|-resisted|p1a: Miraidon
|-damage|p1a: Miraidon|0 fnt
|faint|p1a: Miraidon
|
|-weather|RainDance|[upkeep]
|upkeep
|
|t:|1750726890
|switch|p1a: Urshifu|Urshifu-Rapid-Strike, L50, M|19/100
|turn|5
|
|t:|1750726897
|move|p1b: Overqwil|Gunk Shot|p2b: Zacian|[miss]
|-miss|p1b: Overqwil|p2b: Zacian
|move|p1a: Urshifu|Close Combat|p2a: Aquafina
|-damage|p2a: Aquafina|0 fnt
|-unboost|p1a: Urshifu|def|1
|-unboost|p1a: Urshifu|spd|1
|faint|p2a: Aquafina
|move|p2b: Zacian|Behemoth Blade|p1b: Overqwil
|-damage|p1b: Overqwil|34/100
|
|-weather|none
|upkeep
|turn|6
|
|t:|1750726913
|move|p1a: Urshifu|Close Combat|p2b: Zacian
|-damage|p2b: Zacian|29/100
|-unboost|p1a: Urshifu|def|1
|-unboost|p1a: Urshifu|spd|1
|move|p2b: Zacian|Behemoth Blade|p1a: Urshifu
|-resisted|p1a: Urshifu
|-damage|p1a: Urshifu|0 fnt
|faint|p1a: Urshifu
|move|p1b: Overqwil|Gunk Shot|p2b: Zacian
|-supereffective|p2b: Zacian
|-damage|p2b: Zacian|0 fnt
|faint|p2b: Zacian
|-damage|p1b: Overqwil|24/100|[from] item: Life Orb
|
|win|mnmnmnmnm6
|raw|mnmnmnmnm6's rating: 1473 &rarr; <strong>1500</strong><br />(+27 for winning)
|raw|SummerAltMeap's rating: 1596 &rarr; <strong>1569</strong><br />(-27 for losing)
|l|☆SummerAltMeap
|player|p2|
|l|☆mnmnmnmnm6
|player|p1|
