|j|☆synchro3
|j|☆xdt707
|t:|1750838869
|gametype|doubles
|player|p1|synchro3|1|1426
|player|p2|xdt707|swimmerf-gen4|1470
|teamsize|p1|6
|teamsize|p2|6
|gen|9
|tier|[Gen 9] VGC 2025 Reg I
|rated|
|rule|Species Clause: Limit one of each Pokémon
|rule|Item Clause: Limit 1 of each item
|clearpoke
|poke|p1|Chi-Yu, L50|
|poke|p1|Whimsicott, L50, F|
|poke|p1|Calyrex-Shadow, L50|
|poke|p1|Miraidon, L50|
|poke|p1|Entei, L50|
|poke|p1|Walking Wake, L50|
|poke|p2|Calyrex-Ice, L50|
|poke|p2|Koraidon, L50|
|poke|p2|Chi-Yu, L50|
|poke|p2|Landorus, L50, M|
|poke|p2|Raging Bolt, L50|
|poke|p2|Grimmsnarl, L50, M|
|teampreview|4
|inactive|Battle timer is ON: inactive players will automatically lose when time's up. (requested by xdt707)
|
|t:|1750838937
|start
|switch|p1a: Chi-Yu|Chi-Yu, L50|100/100
|switch|p1b: Entei|Entei, L50|100/100
|switch|p2a: Grimmsnarl|Grimmsnarl, L50, M, shiny|100/100
|switch|p2b: Koraidon|Koraidon, L50|100/100
|-ability|p1a: Chi-Yu|Beads of Ruin
|-weather|SunnyDay|[from] ability: Orichalcum Pulse|[of] p2b: Koraidon
|-activate|p2b: Koraidon|Orichalcum Pulse|[source]
|turn|1
|inactive|synchro3 has 30 seconds left.
|inactive|xdt707 has 30 seconds left.
|
|t:|1750838968
|move|p2a: Grimmsnarl|Light Screen|p2a: Grimmsnarl
|-sidestart|p2: xdt707|move: Light Screen
|move|p1a: Chi-Yu|Heat Wave|p2b: Koraidon|[spread] p2a,p2b
|-resisted|p2b: Koraidon
|-damage|p2a: Grimmsnarl|50/100
|-damage|p2b: Koraidon|70/100
|move|p2b: Koraidon|Flame Charge|p1a: Chi-Yu
|-resisted|p1a: Chi-Yu
|-damage|p1a: Chi-Yu|71/100
|-boost|p2b: Koraidon|spe|1
|move|p1b: Entei|Stone Edge|p2b: Koraidon
|-resisted|p2b: Koraidon
|-crit|p2b: Koraidon
|-damage|p2b: Koraidon|37/100
|
|-weather|SunnyDay|[upkeep]
|upkeep
|turn|2
|inactive|synchro3 has 30 seconds left.
|inactive|xdt707 has 30 seconds left.
|
|t:|1750838998
|switch|p1b: Miraidon|Miraidon, L50|100/100
|-fieldstart|move: Electric Terrain|[from] ability: Hadron Engine|[of] p1b: Miraidon
|move|p2a: Grimmsnarl|Thunder Wave|p1b: Miraidon
|-immune|p1b: Miraidon
|move|p2b: Koraidon|Dragon Claw|p1a: Chi-Yu
|-damage|p1a: Chi-Yu|0 fnt
|faint|p1a: Chi-Yu
|
|-weather|SunnyDay|[upkeep]
|upkeep
|
|t:|1750839007
|switch|p1a: Entei|Entei, L50|100/100
|turn|3
|inactive|xdt707 has 30 seconds left.
|
|t:|1750839040
|-terastallize|p1a: Entei|Normal
|move|p1a: Entei|Extreme Speed|p2b: Koraidon
|-damage|p2b: Koraidon|0 fnt
|faint|p2b: Koraidon
|move|p2a: Grimmsnarl|Thunder Wave|p1a: Entei
|-status|p1a: Entei|par
|move|p1b: Miraidon|Electro Drift|p2a: Grimmsnarl
|-damage|p2a: Grimmsnarl|0 fnt
|faint|p2a: Grimmsnarl
|-damage|p1b: Miraidon|91/100|[from] item: Life Orb
|
|-weather|SunnyDay|[upkeep]
|upkeep
|
|t:|1750839047
|switch|p2b: Chi-Yu|Chi-Yu, L50|100/100
|switch|p2a: Calyrex|Calyrex-Ice, L50|100/100
|-ability|p2a: Calyrex|As One
|-ability|p2a: Calyrex|Unnerve
|-ability|p2b: Chi-Yu|Beads of Ruin
|turn|4
|inactive|synchro3 has 30 seconds left.
|inactive|synchro3 has 20 seconds left.
|inactive|synchro3 has 15 seconds left.
|
|t:|1750839087
|-terastallize|p2a: Calyrex|Fire
|move|p1a: Entei|Extreme Speed|p2b: Chi-Yu
|-damage|p2b: Chi-Yu|11/100
|move|p2b: Chi-Yu|Heat Wave|p1b: Miraidon|[spread] p1a,p1b
|-resisted|p1b: Miraidon
|-damage|p1a: Entei|15/100 par
|-damage|p1b: Miraidon|55/100
|move|p1b: Miraidon|Volt Switch|p2b: Chi-Yu
|-damage|p2b: Chi-Yu|0 fnt
|faint|p2b: Chi-Yu
|-damage|p1b: Miraidon|45/100|[from] item: Life Orb
|
|t:|1750839098
|switch|p1b: Calyrex|Calyrex-Shadow, L50|100/100|[from] Volt Switch
|-ability|p1b: Calyrex|As One
|-ability|p1b: Calyrex|Unnerve
|move|p2a: Calyrex|Glacial Lance|p1a: Entei|[spread] p1a,p1b
|-damage|p1a: Entei|0 fnt
|-damage|p1b: Calyrex|0 fnt
|faint|p1a: Entei
|faint|p1b: Calyrex
|-ability|p2a: Calyrex|Chilling Neigh|boost
|-boost|p2a: Calyrex|atk|2
|
|-weather|SunnyDay|[upkeep]
|upkeep
|
|t:|1750839103
|switch|p1b: Miraidon|Miraidon, L50|45/100
|-activate|p1b: Miraidon|ability: Hadron Engine
|turn|5
|
|t:|1750839112
|move|p1b: Miraidon|Electro Drift|p2a: Calyrex
|-damage|p2a: Calyrex|48/100
|-damage|p1b: Miraidon|35/100|[from] item: Life Orb
|move|p2a: Calyrex|Glacial Lance|p1b: Miraidon
|-supereffective|p1b: Miraidon
|-damage|p1b: Miraidon|0 fnt
|faint|p1b: Miraidon
|
|win|xdt707
|raw|synchro3's rating: 1426 &rarr; <strong>1409</strong><br />(-17 for losing)
|raw|xdt707's rating: 1470 &rarr; <strong>1487</strong><br />(+17 for winning)
|l|☆xdt707
|player|p2|
|l|☆synchro3
|player|p1|
