|j|☆TCM Zaukepoo
|j|☆Ivanchur
|t:|1750795770
|gametype|doubles
|player|p1|TCM Zaukepoo|1|1156
|player|p2|Ivanchur|169|1221
|teamsize|p1|6
|teamsize|p2|6
|gen|9
|tier|[Gen 9] VGC 2025 Reg I
|rated|
|rule|Species Clause: Limit one of each Pokémon
|rule|Item Clause: Limit 1 of each item
|clearpoke
|poke|p1|Smeargle, L50, M|
|poke|p1|Calyrex-Ice, L50|
|poke|p1|Zamazenta-*, L50|
|poke|p1|Roaring Moon, L50|
|poke|p1|Rillaboom, L50, F|
|poke|p1|Muk-Alola, L50, M|
|poke|p2|Groudon, L50|
|poke|p2|Scovillain, L50, F|
|poke|p2|Miraidon, L50|
|poke|p2|Incineroar, L50, F|
|poke|p2|Sableye, L50, F|
|poke|p2|Ogerpon, L50, F|
|teampreview|4
|inactive|Battle timer is ON: inactive players will automatically lose when time's up. (requested by TCM Zaukepoo)
TCM Zaukepoo has agreed to open team sheets.
|
|t:|1750795784
|start
|switch|p1a: Muk|Muk-Alola, L50, M, shiny|100/100
|switch|p1b: Smeargle|Smeargle, L50, M|100/100
|switch|p2a: Incineroar|Incineroar, L50, F|100/100
|switch|p2b: Sableye|Sableye, L50, F|100/100
|-ability|p2a: Incineroar|Intimidate|boost
|-unboost|p1a: Muk|atk|1
|-unboost|p1b: Smeargle|atk|1
|turn|1
|inactive|Ivanchur has 30 seconds left.
|
|t:|1750795815
|move|p1b: Smeargle|Fake Out|p2a: Incineroar
|-damage|p2a: Incineroar|97/100
|move|p2b: Sableye|Fake Out|p1b: Smeargle
|-damage|p1b: Smeargle|82/100
|cant|p2a: Incineroar|flinch
|move|p1a: Muk|Minimize|p1a: Muk
|-boost|p1a: Muk|evasion|2
|
|-ability|p1b: Smeargle|Moody|boost
|-boost|p1b: Smeargle|spe|2
|-unboost|p1b: Smeargle|spa|1
|upkeep
|turn|2
|
|t:|1750795826
|move|p2b: Sableye|Gravity|p2b: Sableye
|-fieldstart|move: Gravity
|move|p1b: Smeargle|Spore|p2b: Sableye
|-status|p2b: Sableye|slp|[from] move: Spore
|move|p2a: Incineroar|U-turn|p1a: Muk
|-damage|p1a: Muk|79/100
|
|t:|1750795833
|switch|p2a: Miraidon|Miraidon, L50|100/100|[from] U-turn
|-fieldstart|move: Electric Terrain|[from] ability: Hadron Engine|[of] p2a: Miraidon
|move|p1a: Muk|Minimize|p1a: Muk
|-boost|p1a: Muk|evasion|2
|
|-heal|p1a: Muk|85/100|[from] item: Leftovers
|-ability|p1b: Smeargle|Moody|boost
|-boost|p1b: Smeargle|spa|2
|-unboost|p1b: Smeargle|spe|1
|upkeep
|turn|3
|
|t:|1750795847
|-terastallize|p2a: Miraidon|Fairy
|move|p1a: Muk|Protect|p1a: Muk
|-singleturn|p1a: Muk|Protect
|cant|p2b: Sableye|slp
|move|p1b: Smeargle|Decorate|p1a: Muk
|-boost|p1a: Muk|atk|2
|-boost|p1a: Muk|spa|2
|move|p2a: Miraidon|Dazzling Gleam|p1b: Smeargle|[spread] p1b
|-activate|p1a: Muk|move: Protect
|-damage|p1b: Smeargle|0 fnt
|faint|p1b: Smeargle
|-ability|p1a: Muk|Moody|[from] ability: Power of Alchemy|[of] p1b: Smeargle
|
|-heal|p1a: Muk|92/100|[from] item: Leftovers
|-ability|p1a: Muk|Moody|boost
|-boost|p1a: Muk|atk|2
|-unboost|p1a: Muk|spd|1
|upkeep
|
|t:|1750795857
|switch|p1b: Rillaboom|Rillaboom, L50, F|100/100
|-fieldstart|move: Grassy Terrain|[from] ability: Grassy Surge|[of] p1b: Rillaboom
|turn|4
|
|t:|1750795868
|switch|p2a: Incineroar|Incineroar, L50, F|97/100
|-ability|p2a: Incineroar|Intimidate|boost
|-unboost|p1a: Muk|atk|1
|-unboost|p1b: Rillaboom|atk|1
|move|p1b: Rillaboom|Fake Out|p2a: Incineroar
|-damage|p2a: Incineroar|88/100
|cant|p2b: Sableye|slp
|move|p1a: Muk|Minimize|p1a: Muk
|-boost|p1a: Muk|evasion|2
|
|-heal|p2a: Incineroar|94/100|[from] Grassy Terrain
|-heal|p1a: Muk|98/100|[from] Grassy Terrain
|-heal|p1a: Muk|100/100|[from] item: Leftovers
|-ability|p1a: Muk|Moody|boost
|-boost|p1a: Muk|atk|2
|-unboost|p1a: Muk|spa|1
|upkeep
|turn|5
|
|t:|1750795878
|switch|p1b: Calyrex|Calyrex-Ice, L50|100/100
|-ability|p1b: Calyrex|As One
|-ability|p1b: Calyrex|Unnerve
|cant|p2b: Sableye|slp
|move|p2a: Incineroar|U-turn|p1a: Muk
|-damage|p1a: Muk|82/100
|
|t:|1750795882
|switch|p2a: Groudon|Groudon, L50, shiny|100/100|[from] U-turn
|-weather|SunnyDay|[from] ability: Drought|[of] p2a: Groudon
|move|p1a: Muk|Toxic|p2a: Groudon
|-status|p2a: Groudon|tox
|
|-weather|SunnyDay|[upkeep]
|-heal|p1a: Muk|88/100|[from] Grassy Terrain
|-heal|p1a: Muk|94/100|[from] item: Leftovers
|-damage|p2a: Groudon|95/100 tox|[from] psn
|-ability|p1a: Muk|Moody|boost
|-boost|p1a: Muk|atk|2
|-unboost|p1a: Muk|spa|1
|upkeep
|turn|6
|
|t:|1750795896
|move|p1b: Calyrex|Protect|p1b: Calyrex
|-singleturn|p1b: Calyrex|Protect
|-curestatus|p2b: Sableye|slp|[msg]
|move|p2b: Sableye|Will-O-Wisp|p1a: Muk
|-hint|Since gen 7, Dark is immune to Prankster moves.
|-immune|p1a: Muk
|move|p2a: Groudon|Precipice Blades|p1a: Muk|[spread] p1a
|-activate|p1b: Calyrex|move: Protect
|-supereffective|p1a: Muk
|-damage|p1a: Muk|17/100
|move|p1a: Muk|Knock Off|p2b: Sableye
|-enditem|p2b: Sableye|Focus Sash
|-damage|p2b: Sableye|1/100
|
|-weather|SunnyDay|[upkeep]
|-heal|p2a: Groudon|100/100 tox|[from] Grassy Terrain
|-heal|p1a: Muk|23/100|[from] Grassy Terrain
|-heal|p2b: Sableye|7/100|[from] Grassy Terrain
|-heal|p1a: Muk|29/100|[from] item: Leftovers
|-damage|p2a: Groudon|89/100 tox|[from] psn
|-fieldend|move: Gravity
|-ability|p1a: Muk|Moody|boost
|-boost|p1a: Muk|spa|2
|-unboost|p1a: Muk|spd|1
|upkeep
|turn|7
|
|t:|1750795911
|move|p1a: Muk|Protect|p1a: Muk
|-singleturn|p1a: Muk|Protect
|move|p2b: Sableye|Gravity|p2b: Sableye
|-fieldstart|move: Gravity
|move|p2a: Groudon|Precipice Blades|p1a: Muk|[spread] p1b
|-activate|p1a: Muk|move: Protect
|-damage|p1b: Calyrex|72/100
|move|p1b: Calyrex|Trick Room|p1b: Calyrex
|-fieldstart|move: Trick Room|[of] p1b: Calyrex
|
|-weather|SunnyDay|[upkeep]
|-heal|p1b: Calyrex|78/100|[from] Grassy Terrain
|-heal|p2b: Sableye|13/100|[from] Grassy Terrain
|-heal|p1a: Muk|35/100|[from] Grassy Terrain
|-heal|p1a: Muk|42/100|[from] item: Leftovers
|-heal|p2a: Groudon|95/100 tox|[from] Grassy Terrain
|-damage|p2a: Groudon|77/100 tox|[from] psn
|-ability|p1a: Muk|Moody|boost
|-boost|p1a: Muk|spd|2
|-unboost|p1a: Muk|atk|1
|upkeep
|turn|8
|
|t:|1750795920
|move|p2b: Sableye|Encore|p1b: Calyrex
|-start|p1b: Calyrex|Encore
|move|p1b: Calyrex|Trick Room|p1b: Calyrex
|-fieldend|move: Trick Room
|move|p2a: Groudon|Precipice Blades|p1b: Calyrex|[spread] p1b
|-miss|p2a: Groudon|p1a: Muk
|-damage|p1b: Calyrex|52/100
|move|p1a: Muk|Knock Off|p2a: Groudon
|-damage|p2a: Groudon|11/100 tox
|-enditem|p2a: Groudon|Clear Amulet|[from] move: Knock Off|[of] p1a: Muk
|
|-weather|SunnyDay|[upkeep]
|-heal|p2a: Groudon|16/100 tox|[from] Grassy Terrain
|-heal|p1a: Muk|48/100|[from] Grassy Terrain
|-heal|p2b: Sableye|18/100|[from] Grassy Terrain
|-heal|p1a: Muk|54/100|[from] item: Leftovers
|-heal|p1b: Calyrex|58/100|[from] Grassy Terrain
|-damage|p2a: Groudon|0 fnt|[from] psn
|faint|p2a: Groudon
|-fieldend|move: Grassy Terrain
|-ability|p1a: Muk|Moody|boost
|-boost|p1a: Muk|def|2
|-unboost|p1a: Muk|spe|1
|upkeep
|
|t:|1750795938
|switch|p2a: Miraidon|Miraidon, L50, tera:Fairy|100/100
|-fieldstart|move: Electric Terrain|[from] ability: Hadron Engine|[of] p2a: Miraidon
|turn|9
|
|t:|1750795945
|switch|p2b: Incineroar|Incineroar, L50, F|94/100
|-ability|p2b: Incineroar|Intimidate|boost
|-unboost|p1a: Muk|atk|1
|-fail|p1b: Calyrex|unboost|[from] item: Clear Amulet|[of] p1b: Calyrex
|switch|p1b: Rillaboom|Rillaboom, L50, F|100/100
|-fieldstart|move: Grassy Terrain|[from] ability: Grassy Surge|[of] p1b: Rillaboom
|move|p1a: Muk|Protect|p1a: Muk
|-singleturn|p1a: Muk|Protect
|move|p2a: Miraidon|Dazzling Gleam|p1a: Muk|[spread] p1b
|-activate|p1a: Muk|move: Protect
|-damage|p1b: Rillaboom|73/100
|
|-weather|none
|-heal|p1b: Rillaboom|79/100|[from] Grassy Terrain
|-heal|p2b: Incineroar|99/100|[from] Grassy Terrain
|-heal|p1a: Muk|60/100|[from] Grassy Terrain
|-heal|p1a: Muk|66/100|[from] item: Leftovers
|-ability|p1a: Muk|Moody|boost
|-boost|p1a: Muk|spd|2
|-unboost|p1a: Muk|def|1
|upkeep
|turn|10
|
|t:|1750795956
|move|p1b: Rillaboom|Fake Out|p2a: Miraidon
|-damage|p2a: Miraidon|87/100
|cant|p2a: Miraidon|flinch
|move|p2b: Incineroar|Flare Blitz|p1a: Muk|[miss]
|-miss|p2b: Incineroar|p1a: Muk
|move|p1a: Muk|Toxic|p2b: Incineroar
|-status|p2b: Incineroar|tox
|
|-heal|p2a: Miraidon|93/100|[from] Grassy Terrain
|-heal|p1b: Rillaboom|86/100|[from] Grassy Terrain
|-heal|p2b: Incineroar|100/100 tox|[from] Grassy Terrain
|-heal|p1a: Muk|72/100|[from] Grassy Terrain
|-heal|p1a: Muk|78/100|[from] item: Leftovers
|-damage|p2b: Incineroar|95/100 tox|[from] psn
|-ability|p1a: Muk|Moody|boost
|-boost|p1a: Muk|spe|2
|-unboost|p1a: Muk|def|1
|upkeep
|turn|11
|
|t:|1750795967
|move|p1a: Muk|Protect|p1a: Muk
|-singleturn|p1a: Muk|Protect
|move|p2a: Miraidon|Dazzling Gleam|p1b: Rillaboom|[spread] p1b
|-activate|p1a: Muk|move: Protect
|-damage|p1b: Rillaboom|56/100
|move|p1b: Rillaboom|U-turn|p2a: Miraidon
|-resisted|p2a: Miraidon
|-damage|p2a: Miraidon|81/100
|
|t:|1750795973
|switch|p1b: Calyrex|Calyrex-Ice, L50|58/100|[from] U-turn
|-ability|p1b: Calyrex|As One
|-ability|p1b: Calyrex|Unnerve
|move|p2b: Incineroar|Flare Blitz|p1b: Calyrex
|-supereffective|p1b: Calyrex
|-damage|p1b: Calyrex|0 fnt
|faint|p1b: Calyrex
|-damage|p2b: Incineroar|78/100 tox|[from] Recoil
|
|-heal|p2a: Miraidon|87/100|[from] Grassy Terrain
|-heal|p1a: Muk|84/100|[from] Grassy Terrain
|-heal|p1a: Muk|90/100|[from] item: Leftovers
|-heal|p2b: Incineroar|84/100 tox|[from] Grassy Terrain
|-damage|p2b: Incineroar|72/100 tox|[from] psn
|-fieldend|move: Gravity
|-ability|p1a: Muk|Moody|boost
|-boost|p1a: Muk|spe|2
|-unboost|p1a: Muk|spd|1
|upkeep
|
|t:|1750795975
|switch|p1b: Rillaboom|Rillaboom, L50, F|56/100
|turn|12
|
|t:|1750795981
|switch|p2a: Sableye|Sableye, L50, F|18/100
|move|p1b: Rillaboom|Fake Out|p2a: Sableye
|-immune|p2a: Sableye
|move|p1a: Muk|Toxic|p2a: Sableye
|-status|p2a: Sableye|tox
|move|p2b: Incineroar|Flare Blitz|p1b: Rillaboom
|-supereffective|p1b: Rillaboom
|-damage|p1b: Rillaboom|0 fnt
|faint|p1b: Rillaboom
|-damage|p2b: Incineroar|56/100 tox|[from] Recoil
|
|-heal|p1a: Muk|97/100|[from] Grassy Terrain
|-heal|p1a: Muk|100/100|[from] item: Leftovers
|-heal|p2b: Incineroar|62/100 tox|[from] Grassy Terrain
|-heal|p2a: Sableye|24/100 tox|[from] Grassy Terrain
|-damage|p2b: Incineroar|45/100 tox|[from] psn
|-damage|p2a: Sableye|18/100 tox|[from] psn
|-ability|p1a: Muk|Moody|boost
|-boost|p1a: Muk|spa|2
|-unboost|p1a: Muk|spe|1
|upkeep
|turn|13
|
|t:|1750795994
|move|p1a: Muk|Protect|p1a: Muk
|-singleturn|p1a: Muk|Protect
|move|p2a: Sableye|Gravity|p2a: Sableye
|-fieldstart|move: Gravity
|move|p2b: Incineroar|U-turn|p1a: Muk
|-activate|p1a: Muk|move: Protect
|
|-heal|p2b: Incineroar|50/100 tox|[from] Grassy Terrain
|-heal|p2a: Sableye|24/100 tox|[from] Grassy Terrain
|-damage|p2b: Incineroar|27/100 tox|[from] psn
|-damage|p2a: Sableye|13/100 tox|[from] psn
|-fieldend|move: Grassy Terrain
|-ability|p1a: Muk|Moody|boost
|-boost|p1a: Muk|def|2
|-unboost|p1a: Muk|spe|1
|upkeep
|turn|14
|
|t:|1750796007
|move|p2a: Sableye|Encore|p1a: Muk
|-hint|Since gen 7, Dark is immune to Prankster moves.
|-immune|p1a: Muk
|move|p1a: Muk|Knock Off|p2b: Incineroar
|-resisted|p2b: Incineroar
|-damage|p2b: Incineroar|0 fnt
|-enditem|p2b: Incineroar|Assault Vest|[from] move: Knock Off|[of] p1a: Muk
|faint|p2b: Incineroar
|
|-damage|p2a: Sableye|0 fnt|[from] psn
|faint|p2a: Sableye
|-ability|p1a: Muk|Moody|boost
|-boost|p1a: Muk|spe|2
|-unboost|p1a: Muk|spd|1
|upkeep
|
|t:|1750796012
|switch|p2b: Miraidon|Miraidon, L50, tera:Fairy|87/100
|-fieldstart|move: Electric Terrain|[from] ability: Hadron Engine|[of] p2b: Miraidon
|turn|15
|
|t:|1750796017
|move|p1a: Muk|Protect|p1a: Muk
|-singleturn|p1a: Muk|Protect
|move|p2b: Miraidon|Dazzling Gleam|p1a: Muk
|-activate|p1a: Muk|move: Protect
|
|-ability|p1a: Muk|Moody|boost
|-boost|p1a: Muk|spe|2
|-unboost|p1a: Muk|atk|1
|upkeep
|turn|16
|
|t:|1750796024
|move|p1a: Muk|Knock Off|p2b: Miraidon
|-resisted|p2b: Miraidon
|-damage|p2b: Miraidon|42/100
|-enditem|p2b: Miraidon|Choice Specs|[from] move: Knock Off|[of] p1a: Muk
|move|p2b: Miraidon|Dazzling Gleam|p1a: Muk
|-damage|p1a: Muk|59/100
|
|-heal|p1a: Muk|65/100|[from] item: Leftovers
|-ability|p1a: Muk|Moody|boost
|-boost|p1a: Muk|spe|1
|-unboost|p1a: Muk|atk|1
|upkeep
|turn|17
|
|t:|1750796029
|move|p1a: Muk|Protect|p1a: Muk
|-singleturn|p1a: Muk|Protect
|move|p2b: Miraidon|Dazzling Gleam|p1a: Muk
|-activate|p1a: Muk|move: Protect
|
|-heal|p1a: Muk|71/100|[from] item: Leftovers
|-fieldend|move: Gravity
|-ability|p1a: Muk|Moody|boost
|-boost|p1a: Muk|spd|2
|-unboost|p1a: Muk|spa|1
|upkeep
|turn|18
|c|☆Ivanchur|FUCK YPURSELF
|
|t:|1750796039
|move|p1a: Muk|Toxic|p2b: Miraidon
|-status|p2b: Miraidon|tox
|move|p2b: Miraidon|Dazzling Gleam|p1a: Muk|[miss]
|-miss|p2b: Miraidon|p1a: Muk
|
|-heal|p1a: Muk|77/100|[from] item: Leftovers
|-damage|p2b: Miraidon|36/100 tox|[from] psn
|-ability|p1a: Muk|Moody|boost
|-boost|p1a: Muk|def|2
|-unboost|p1a: Muk|atk|1
|upkeep
|turn|19
|
|t:|1750796047
|move|p1a: Muk|Protect|p1a: Muk
|-singleturn|p1a: Muk|Protect
|move|p2b: Miraidon|Electro Drift|p1a: Muk
|-activate|p1a: Muk|move: Protect
|
|-heal|p1a: Muk|83/100|[from] item: Leftovers
|-damage|p2b: Miraidon|25/100 tox|[from] psn
|-fieldend|move: Electric Terrain
|-ability|p1a: Muk|Moody|boost
|-boost|p1a: Muk|atk|2
|-unboost|p1a: Muk|spe|1
|upkeep
|turn|20
|
|t:|1750796053
|move|p1a: Muk|Knock Off|p2b: Miraidon
|-resisted|p2b: Miraidon
|-crit|p2b: Miraidon
|-damage|p2b: Miraidon|0 fnt
|faint|p2b: Miraidon
|
|win|TCM Zaukepoo
