|j|☆MakoGP
|j|☆Oofohno
|t:|1750744197
|gametype|doubles
|player|p1|MakoGP|elesa-masters2|1136
|player|p2|Oofohno|nurse|1213
|teamsize|p1|6
|teamsize|p2|6
|gen|9
|tier|[Gen 9] VGC 2025 Reg I
|rated|
|rule|Species Clause: Limit one of each Pokémon
|rule|Item Clause: Limit 1 of each item
|clearpoke
|poke|p1|Lunala, L50|
|poke|p1|Miraidon, L50|
|poke|p1|Incineroar, L50, F|
|poke|p1|Rillaboom, L50, F|
|poke|p1|Urshifu-*, L50, M|
|poke|p1|Volcarona, L50, F|
|poke|p2|Calyrex-Ice, L50|
|poke|p2|Kyogre, L50|
|poke|p2|Rillaboom, L50, M|
|poke|p2|Kingdra, L50, M|
|poke|p2|Klefki, L50, F|
|poke|p2|Urshifu-*, L50, F|
|teampreview|4
|inactive|Battle timer is ON: inactive players will automatically lose when time's up. (requested by Oofohno)
|inactive|MakoGP has 60 seconds left.
|
|t:|1750744232
|start
|switch|p1a: Rillaboom|Rillaboom, L50, F|100/100
|switch|p1b: Miraidon|Miraidon, L50|100/100
|switch|p2a: Calyrex|Calyrex-Ice, L50|100/100
|switch|p2b: Klefki|Klefki, L50, F|100/100
|-ability|p2a: Calyrex|As One
|-ability|p2a: Calyrex|Unnerve
|-fieldstart|move: Electric Terrain|[from] ability: Hadron Engine|[of] p1b: Miraidon
|-fieldstart|move: Grassy Terrain|[from] ability: Grassy Surge|[of] p1a: Rillaboom
|turn|1
|inactive|MakoGP has 30 seconds left.
|inactive|MakoGP has 20 seconds left.
|
|t:|1750744268
|move|p2a: Calyrex|Protect|p2a: Calyrex
|-singleturn|p2a: Calyrex|Protect
|move|p1a: Rillaboom|Fake Out|p2b: Klefki
|-resisted|p2b: Klefki
|-damage|p2b: Klefki|95/100
|cant|p2b: Klefki|flinch
|move|p1b: Miraidon|Snarl|p2b: Klefki|[spread] p2b
|-activate|p2a: Calyrex|move: Protect
|-resisted|p2b: Klefki
|-damage|p2b: Klefki|85/100
|-unboost|p2b: Klefki|spa|1
|
|-heal|p2b: Klefki|91/100|[from] Grassy Terrain
|upkeep
|turn|2
|
|t:|1750744291
|move|p2b: Klefki|Light Screen|p2b: Klefki
|-sidestart|p2: Oofohno|move: Light Screen
|move|p1b: Miraidon|Snarl|p2b: Klefki|[spread] p2a,p2b
|-supereffective|p2a: Calyrex
|-resisted|p2b: Klefki
|-damage|p2a: Calyrex|86/100
|-damage|p2b: Klefki|84/100
|-unboost|p2b: Klefki|spa|1
|move|p1a: Rillaboom|U-turn|p2a: Calyrex
|-supereffective|p2a: Calyrex
|-damage|p2a: Calyrex|63/100
|
|t:|1750744301
|switch|p1a: Volcarona|Volcarona, L50, F|100/100|[from] U-turn
|move|p2a: Calyrex|Trick Room|p2a: Calyrex
|-fieldstart|move: Trick Room|[of] p2a: Calyrex
|
|-heal|p2a: Calyrex|69/100|[from] Grassy Terrain
|-heal|p2b: Klefki|90/100|[from] Grassy Terrain
|upkeep
|turn|3
|
|t:|1750744320
|move|p2b: Klefki|Thunder Wave|p1a: Volcarona
|-status|p1a: Volcarona|par
|move|p1a: Volcarona|Will-O-Wisp|p2b: Klefki
|-status|p2b: Klefki|brn
|move|p2a: Calyrex|Glacial Lance|p1a: Volcarona|[spread] p1a,p1b
|-resisted|p1a: Volcarona
|-supereffective|p1b: Miraidon
|-damage|p1a: Volcarona|78/100 par
|-damage|p1b: Miraidon|7/100
|move|p1b: Miraidon|Snarl|p2b: Klefki|[spread] p2a,p2b
|-supereffective|p2a: Calyrex
|-crit|p2a: Calyrex
|-resisted|p2b: Klefki
|-damage|p2a: Calyrex|33/100
|-damage|p2b: Klefki|83/100 brn
|-unboost|p2b: Klefki|spa|1
|
|-heal|p1a: Volcarona|84/100 par|[from] Grassy Terrain
|-heal|p2a: Calyrex|39/100|[from] Grassy Terrain
|-heal|p2b: Klefki|90/100 brn|[from] Grassy Terrain
|-heal|p1b: Miraidon|13/100|[from] Grassy Terrain
|-damage|p2b: Klefki|83/100 brn|[from] brn
|upkeep
|turn|4
|
|t:|1750744343
|switch|p2b: Kyogre|Kyogre, L50|100/100
|-weather|RainDance|[from] ability: Drizzle|[of] p2b: Kyogre
|switch|p1b: Urshifu|Urshifu-Rapid-Strike, L50, M|100/100
|cant|p1a: Volcarona|par
|move|p2a: Calyrex|Glacial Lance|p1b: Urshifu|[spread] p1a,p1b
|-resisted|p1a: Volcarona
|-resisted|p1b: Urshifu
|-damage|p1a: Volcarona|62/100 par
|-damage|p1b: Urshifu|73/100
|
|-weather|RainDance|[upkeep]
|-heal|p1a: Volcarona|68/100 par|[from] Grassy Terrain
|-heal|p2a: Calyrex|45/100|[from] Grassy Terrain
|-heal|p1b: Urshifu|79/100|[from] Grassy Terrain
|upkeep
|turn|5
|inactive|MakoGP has 30 seconds left.
|inactive|MakoGP has 20 seconds left.
|
|t:|1750744379
|move|p2a: Calyrex|Protect|p2a: Calyrex
|-singleturn|p2a: Calyrex|Protect
|cant|p1a: Volcarona|par
|move|p2b: Kyogre|Water Spout|p1b: Urshifu|[spread] p1a,p1b
|-supereffective|p1a: Volcarona
|-resisted|p1b: Urshifu
|-damage|p1a: Volcarona|0 fnt
|-damage|p1b: Urshifu|11/100
|faint|p1a: Volcarona
|move|p1b: Urshifu|Surging Strikes|p2b: Kyogre
|-resisted|p2b: Kyogre
|-crit|p2b: Kyogre
|-damage|p2b: Kyogre|83/100
|-resisted|p2b: Kyogre
|-crit|p2b: Kyogre
|-damage|p2b: Kyogre|67/100
|-resisted|p2b: Kyogre
|-crit|p2b: Kyogre
|-damage|p2b: Kyogre|51/100
|-hitcount|p2b: Kyogre|3
|
|-weather|RainDance|[upkeep]
|-heal|p2a: Calyrex|51/100|[from] Grassy Terrain
|-heal|p2b: Kyogre|57/100|[from] Grassy Terrain
|-heal|p2b: Kyogre|63/100|[from] item: Leftovers
|-heal|p1b: Urshifu|18/100|[from] Grassy Terrain
|-fieldend|move: Grassy Terrain
|upkeep
|
|t:|1750744386
|switch|p1a: Rillaboom|Rillaboom, L50, F|100/100
|-fieldstart|move: Grassy Terrain|[from] ability: Grassy Surge|[of] p1a: Rillaboom
|turn|6
|
|t:|1750744398
|move|p2a: Calyrex|Protect|p2a: Calyrex
|-singleturn|p2a: Calyrex|Protect
|move|p2b: Kyogre|Protect|p2b: Kyogre
|-singleturn|p2b: Kyogre|Protect
|move|p1a: Rillaboom|Fake Out|p2b: Kyogre
|-activate|p2b: Kyogre|move: Protect
|move|p1b: Urshifu|Aqua Jet|p2a: Calyrex
|-damage|p2a: Calyrex|33/100
|
|-weather|RainDance|[upkeep]
|-heal|p2a: Calyrex|39/100|[from] Grassy Terrain
|-heal|p2b: Kyogre|69/100|[from] Grassy Terrain
|-heal|p2b: Kyogre|74/100|[from] item: Leftovers
|-heal|p1b: Urshifu|24/100|[from] Grassy Terrain
|-fieldend|move: Trick Room
|upkeep
|turn|7
|
|t:|1750744415
|-terastallize|p2b: Kyogre|Electric
|move|p1a: Rillaboom|Grassy Glide|p2b: Kyogre
|-damage|p2b: Kyogre|38/100
|move|p1b: Urshifu|Close Combat|p2a: Calyrex
|-damage|p2a: Calyrex|4/100
|-unboost|p1b: Urshifu|def|1
|-unboost|p1b: Urshifu|spd|1
|move|p2b: Kyogre|Thunder|p1b: Urshifu
|-supereffective|p1b: Urshifu
|-damage|p1b: Urshifu|0 fnt
|faint|p1b: Urshifu
|move|p2a: Calyrex|Glacial Lance|p1a: Rillaboom
|-supereffective|p1a: Rillaboom
|-damage|p1a: Rillaboom|0 fnt
|faint|p1a: Rillaboom
|-ability|p2a: Calyrex|Chilling Neigh|boost
|-boost|p2a: Calyrex|atk|1
|
|-weather|RainDance|[upkeep]
|-heal|p2b: Kyogre|44/100|[from] Grassy Terrain
|-heal|p2b: Kyogre|50/100|[from] item: Leftovers
|-heal|p2a: Calyrex|10/100|[from] Grassy Terrain
|upkeep
|
|t:|1750744425
|switch|p1a: Miraidon|Miraidon, L50|13/100
|-fieldstart|move: Electric Terrain|[from] ability: Hadron Engine|[of] p1a: Miraidon
|turn|8
|-message|MakoGP forfeited.
|
|win|Oofohno
|raw|MakoGP's rating: 1136 &rarr; <strong>1116</strong><br />(-20 for losing)
|raw|Oofohno's rating: 1213 &rarr; <strong>1233</strong><br />(+20 for winning)
|c|☆MakoGP|gg
|c|☆Oofohno|Gh
|c|☆MakoGP|idk the kyogere matchup lol
|c|☆Oofohno|gg*
|c|☆Oofohno|I use a slow bulky on this team idk if it’s common
|c|☆MakoGP|i see thanks
|l|☆MakoGP
|player|p1|
|l|☆Oofohno
|player|p2|
