|j|☆fntzz
|j|☆Sceptilean
|t:|1750859306
|gametype|doubles
|player|p1|fntzz|clown|1148
|player|p2|Sceptilean|steven|1097
|teamsize|p1|6
|teamsize|p2|6
|gen|9
|tier|[Gen 9] VGC 2025 Reg I
|rated|
|rule|Species Clause: Limit one of each Pokémon
|rule|Item Clause: Limit 1 of each item
|clearpoke
|poke|p1|Koraidon, L50|
|poke|p1|Zamazenta-*, L50|
|poke|p1|Chi-Yu, L50|
|poke|p1|Whimsicott, L50, F|
|poke|p1|Raging Bolt, L50|
|poke|p1|Weezing-Galar, L50, F|
|poke|p2|Calyrex-Ice, L50|
|poke|p2|Miraidon, L50|
|poke|p2|Gallade, L50, M|
|poke|p2|Cottonee, L50, F|
|poke|p2|Incineroar, L50, F|
|poke|p2|Ludicolo, L50, F|
|teampreview|4
|inactive|Battle timer is ON: inactive players will automatically lose when time's up. (requested by Sceptilean)
|
|t:|1750859334
|start
|switch|p1a: Koraidon|Koraidon, L50|100/100
|switch|p1b: Weezing|Weezing-Galar, L50, F|100/100
|switch|p2a: Gallade|Gallade, L50, M|100/100
|switch|p2b: Miraidon|Miraidon, L50|100/100
|-ability|p1b: Weezing|Neutralizing Gas
|-block|p1a: Koraidon|item: Ability Shield
|-weather|SunnyDay|[from] ability: Orichalcum Pulse|[of] p1a: Koraidon
|-activate|p1a: Koraidon|Orichalcum Pulse|[source]
|turn|1
|inactive|fntzz has 30 seconds left.
|
|t:|1750859361
|move|p1a: Koraidon|Protect|p1a: Koraidon
|-singleturn|p1a: Koraidon|Protect
|move|p2b: Miraidon|Dazzling Gleam|p1b: Weezing|[spread] p1b
|-activate|p1a: Koraidon|move: Protect
|-resisted|p1b: Weezing
|-damage|p1b: Weezing|84/100
|move|p2a: Gallade|Psycho Cut|p1b: Weezing
|-supereffective|p1b: Weezing
|-damage|p1b: Weezing|25/100
|move|p1b: Weezing|Taunt|p2a: Gallade
|-start|p2a: Gallade|move: Taunt
|
|-weather|SunnyDay|[upkeep]
|upkeep
|turn|2
|inactive|Sceptilean has 30 seconds left.
|
|t:|1750859390
|-end|p1b: Weezing|ability: Neutralizing Gas
|-fieldstart|move: Electric Terrain|[from] ability: Hadron Engine|[of] p2b: Miraidon
|-enditem|p2a: Gallade|Electric Seed
|-boost|p2a: Gallade|def|1|[from] item: Electric Seed
|switch|p1b: Zamazenta|Zamazenta-Crowned, L50|100/100
|-ability|p1b: Zamazenta|Dauntless Shield|boost
|-boost|p1b: Zamazenta|def|1
|-terastallize|p1a: Koraidon|Fire
|-terastallize|p2b: Miraidon|Fairy
|move|p1a: Koraidon|Flare Blitz|p2b: Miraidon
|-crit|p2b: Miraidon
|-damage|p2b: Miraidon|0 fnt
|faint|p2b: Miraidon
|-damage|p1a: Koraidon|63/100|[from] Recoil
|move|p2a: Gallade|Psycho Cut|p1b: Zamazenta
|-damage|p1b: Zamazenta|79/100
|
|-weather|SunnyDay|[upkeep]
|upkeep
|
|t:|1750859407
|switch|p2b: Incineroar|Incineroar, L50, F|100/100
|-ability|p2b: Incineroar|Intimidate|boost
|-unboost|p1a: Koraidon|atk|1
|-unboost|p1b: Zamazenta|atk|1
|turn|3
|
|t:|1750859419
|move|p1a: Koraidon|Protect|p1a: Koraidon
|-singleturn|p1a: Koraidon|Protect
|move|p2b: Incineroar|Fake Out|p1b: Zamazenta
|-resisted|p1b: Zamazenta
|-damage|p1b: Zamazenta|76/100
|cant|p1b: Zamazenta|flinch
|move|p2a: Gallade|Psycho Cut|p1b: Zamazenta
|-damage|p1b: Zamazenta|54/100
|
|-weather|SunnyDay|[upkeep]
|upkeep
|turn|4
|
|t:|1750859439
|move|p1a: Koraidon|Flame Charge|p2a: Gallade
|-damage|p2a: Gallade|66/100
|-boost|p1a: Koraidon|spe|1
|move|p1b: Zamazenta|Body Press|p2b: Incineroar
|-supereffective|p2b: Incineroar
|-damage|p2b: Incineroar|0 fnt
|faint|p2b: Incineroar
|move|p2a: Gallade|Sacred Sword|p1a: Koraidon
|-damage|p1a: Koraidon|0 fnt
|faint|p1a: Koraidon
|
|-weather|SunnyDay|[upkeep]
|-end|p2a: Gallade|move: Taunt
|upkeep
|
|t:|1750859454
|switch|p1a: Chi-Yu|Chi-Yu, L50|100/100
|switch|p2b: Calyrex|Calyrex-Ice, L50|100/100
|-ability|p2b: Calyrex|As One
|-ability|p2b: Calyrex|Unnerve
|-ability|p1a: Chi-Yu|Beads of Ruin
|turn|5
|
|t:|1750859478
|move|p1b: Zamazenta|Protect|p1b: Zamazenta
|-singleturn|p1b: Zamazenta|Protect
|move|p1a: Chi-Yu|Overheat|p2b: Calyrex
|-supereffective|p2b: Calyrex
|-damage|p2b: Calyrex|0 fnt
|-unboost|p1a: Chi-Yu|spa|2
|faint|p2b: Calyrex
|move|p2a: Gallade|Sacred Sword|p1a: Chi-Yu
|-supereffective|p1a: Chi-Yu
|-damage|p1a: Chi-Yu|0 fnt
|faint|p1a: Chi-Yu
|
|-weather|none
|upkeep
|
|t:|1750859490
|switch|p1a: Weezing|Weezing-Galar, L50, F|25/100
|-ability|p1a: Weezing|Neutralizing Gas
|turn|6
|
|t:|1750859503
|move|p1b: Zamazenta|Body Press|p2a: Gallade
|-resisted|p2a: Gallade
|-damage|p2a: Gallade|35/100
|move|p2a: Gallade|Sacred Sword|p1b: Zamazenta
|-supereffective|p1b: Zamazenta
|-damage|p1b: Zamazenta|0 fnt
|faint|p1b: Zamazenta
|move|p1a: Weezing|Dazzling Gleam|p2a: Gallade
|-supereffective|p2a: Gallade
|-damage|p2a: Gallade|0 fnt
|faint|p2a: Gallade
|
|win|fntzz
|raw|fntzz's rating: 1148 &rarr; <strong>1169</strong><br />(+21 for winning)
|raw|Sceptilean's rating: 1097 &rarr; <strong>1076</strong><br />(-21 for losing)
