|j|☆jiyanQAQ
|j|☆PRIMAOFFICIAL
|t:|1750748848
|gametype|doubles
|player|p1|jiyanQAQ|2|1166
|player|p2|PRIMAOFFICIAL|swimmer-gen4dp|1248
|teamsize|p1|6
|teamsize|p2|6
|gen|9
|tier|[Gen 9] VGC 2025 Reg I
|rated|
|rule|Species Clause: Limit one of each Pokémon
|rule|Item Clause: Limit 1 of each item
|clearpoke
|poke|p1|Annihilape, L50, F|
|poke|p1|Calyrex-Ice, L50|
|poke|p1|Necrozma-Dawn-Wings, L50|
|poke|p1|Ursaluna, L50, F|
|poke|p1|Iron Hands, L50|
|poke|p1|Kingambit, L50, F|
|poke|p2|Terapagos, L50, M|
|poke|p2|Lunala, L50|
|poke|p2|Oranguru, L50, M|
|poke|p2|Amoonguss, L50, M|
|poke|p2|Incineroar, L50, F|
|poke|p2|Urshifu-*, L50, M|
|teampreview|4
|inactive|Battle timer is ON: inactive players will automatically lose when time's up. (requested by jiyanQAQ)
|inactive|PRIMAOFFICIAL has 60 seconds left.
|
|t:|1750748894
|start
|switch|p1a: Calyrex|Calyrex-Ice, L50|100/100
|switch|p1b: Annihilape|Annihilape, L50, F|100/100
|switch|p2a: Lunala|Lunala, L50|100/100
|switch|p2b: Incineroar|Incineroar, L50, F|100/100
|-ability|p1a: Calyrex|As One
|-ability|p1a: Calyrex|Unnerve
|-ability|p2b: Incineroar|Intimidate|boost
|-fail|p1a: Calyrex|unboost|[from] item: Clear Amulet|[of] p1a: Calyrex
|-unboost|p1b: Annihilape|atk|1
|-ability|p1b: Annihilape|Defiant|boost
|-boost|p1b: Annihilape|atk|2
|turn|1
|inactive|PRIMAOFFICIAL has 30 seconds left.
|
|t:|1750748923
|-terastallize|p1a: Calyrex|Water
|move|p1b: Annihilape|Final Gambit|p2b: Incineroar
|-damage|p2b: Incineroar|0 fnt
|faint|p1b: Annihilape
|faint|p2b: Incineroar
|move|p2a: Lunala|Moongeist Beam|p1a: Calyrex
|-damage|p1a: Calyrex|58/100
|move|p1a: Calyrex|Trick Room|p1a: Calyrex
|-fieldstart|move: Trick Room|[of] p1a: Calyrex
|
|upkeep
|
|t:|1750748937
|switch|p2b: Urshifu|Urshifu-Rapid-Strike, L50, M|100/100
|switch|p1b: Necrozma|Necrozma-Dawn-Wings, L50|100/100
|turn|2
|
|t:|1750748956
|move|p2a: Lunala|Wide Guard|p2a: Lunala
|-singleturn|p2a: Lunala|Wide Guard
|move|p1a: Calyrex|Glacial Lance|p2a: Lunala|[spread] 
|-activate|p2a: Lunala|move: Wide Guard
|-activate|p2b: Urshifu|move: Wide Guard
|move|p1b: Necrozma|Moongeist Beam|p2a: Lunala
|-supereffective|p2a: Lunala
|-damage|p2a: Lunala|6/100
|move|p2b: Urshifu|Surging Strikes|p1b: Necrozma
|-crit|p1b: Necrozma
|-damage|p1b: Necrozma|78/100
|-crit|p1b: Necrozma
|-damage|p1b: Necrozma|57/100
|-crit|p1b: Necrozma
|-damage|p1b: Necrozma|35/100
|-hitcount|p1b: Necrozma|3
|
|upkeep
|turn|3
|inactive|jiyanQAQ has 30 seconds left.
|inactive|PRIMAOFFICIAL has 30 seconds left.
|
|t:|1750748987
|switch|p2a: Terapagos|Terapagos, L50, M|100/100
|-activate|p2a: Terapagos|ability: Tera Shift
|detailschange|p2a: Terapagos|Terapagos-Terastal, L50, M
|-heal|p2a: Terapagos|100/100|[silent]
|move|p1a: Calyrex|Zen Headbutt|p2b: Urshifu
|-supereffective|p2b: Urshifu
|-damage|p2b: Urshifu|0 fnt
|faint|p2b: Urshifu
|-ability|p1a: Calyrex|Chilling Neigh|boost
|-boost|p1a: Calyrex|atk|1
|move|p1b: Necrozma|Moongeist Beam|p2a: Terapagos
|-immune|p2a: Terapagos
|
|upkeep
|
|t:|1750749001
|switch|p2b: Lunala|Lunala, L50|6/100
|turn|4
|
|t:|1750749018
|move|p2b: Lunala|Wide Guard|p2b: Lunala
|-singleturn|p2b: Lunala|Wide Guard
|move|p1a: Calyrex|Glacial Lance|p2b: Lunala|[spread] 
|-activate|p2a: Terapagos|move: Wide Guard
|-activate|p2b: Lunala|move: Wide Guard
|move|p1b: Necrozma|Photon Geyser|p2a: Terapagos
|-damage|p2a: Terapagos|42/100
|move|p2a: Terapagos|Calm Mind|p2a: Terapagos
|-boost|p2a: Terapagos|spa|1
|-boost|p2a: Terapagos|spd|1
|
|upkeep
|turn|5
|inactive|PRIMAOFFICIAL has 30 seconds left.
|
|t:|1750749051
|move|p2a: Terapagos|Protect|p2a: Terapagos
|-singleturn|p2a: Terapagos|Protect
|move|p1a: Calyrex|High Horsepower|p2b: Lunala
|-damage|p2b: Lunala|0 fnt
|faint|p2b: Lunala
|-ability|p1a: Calyrex|Chilling Neigh|boost
|-boost|p1a: Calyrex|atk|1
|move|p1b: Necrozma|Photon Geyser|p2a: Terapagos
|-activate|p2a: Terapagos|move: Protect
|
|-fieldend|move: Trick Room
|upkeep
|turn|6
|
|t:|1750749069
|-terastallize|p2a: Terapagos|Stellar
|detailschange|p2a: Terapagos|Terapagos-Stellar, L50, M, tera:Stellar
|-heal|p2a: Terapagos|57/100|[silent]
|move|p2a: Terapagos|Tera Starstorm|p1b: Necrozma|[spread] p1a,p1b
|-supereffective|p1a: Calyrex
|-damage|p1a: Calyrex|0 fnt
|-damage|p1b: Necrozma|0 fnt
|faint|p1a: Calyrex
|faint|p1b: Necrozma
|
|upkeep
|
|t:|1750749081
|switch|p1a: Ursaluna|Ursaluna, L50, F|100/100
|turn|7
|
|t:|1750749087
|move|p1a: Ursaluna|Protect|p1a: Ursaluna
|-singleturn|p1a: Ursaluna|Protect
|move|p2a: Terapagos|Tera Starstorm|p1a: Ursaluna
|-activate|p1a: Ursaluna|move: Protect
|
|-status|p1a: Ursaluna|brn|[from] item: Flame Orb
|upkeep
|turn|8
|
|t:|1750749096
|move|p2a: Terapagos|Tera Starstorm|p1a: Ursaluna
|-damage|p1a: Ursaluna|27/100 brn
|move|p1a: Ursaluna|Facade|p2a: Terapagos
|-damage|p2a: Terapagos|0 fnt
|faint|p2a: Terapagos
|detailschange|p2: Terapagos|Terapagos, L50, M|[silent]
|
|win|jiyanQAQ
|raw|jiyanQAQ's rating: 1166 &rarr; <strong>1197</strong><br />(+31 for winning)
|raw|PRIMAOFFICIAL's rating: 1248 &rarr; <strong>1217</strong><br />(-31 for losing)
|l|☆jiyanQAQ
|player|p1|
