|j|☆RICHARDHAVOC
|j|☆crj2002
|t:|1750737918
|gametype|doubles
|player|p1|RICHARDHAVOC|lucas-gen4pt|1564
|player|p2|crj2002|rosa|1468
|teamsize|p1|6
|teamsize|p2|6
|gen|9
|tier|[Gen 9] VGC 2025 Reg I
|rated|
|rule|Species Clause: Limit one of each Pokémon
|rule|Item Clause: Limit 1 of each item
|clearpoke
|poke|p1|Zamazenta-*, L50|
|poke|p1|Calyrex-Shadow, L50|
|poke|p1|Tornadus, L50, M|
|poke|p1|Urshifu-*, L50, F|
|poke|p1|Chien-Pao, L50|
|poke|p1|Raging Bolt, L50|
|poke|p2|Kyogre, L50|
|poke|p2|Calyrex-Ice, L50|
|poke|p2|Incineroar, L50, F|
|poke|p2|Rillaboom, L50, M|
|poke|p2|Urshifu-*, L50, M|
|poke|p2|Tornadus, L50, M|
|teampreview|4
|
|t:|1750737953
|start
|switch|p1a: Zamazenta|Zamazenta-Crowned, L50, shiny|100/100
|switch|p1b: Chien-Pao|Chien-Pao, L50|100/100
|switch|p2a: Calyrex|Calyrex-Ice, L50|100/100
|switch|p2b: Incineroar|Incineroar, L50, F|100/100
|-ability|p2a: Calyrex|As One
|-ability|p2a: Calyrex|Unnerve
|-ability|p1b: Chien-Pao|Sword of Ruin
|-ability|p1a: Zamazenta|Dauntless Shield|boost
|-boost|p1a: Zamazenta|def|1
|-ability|p2b: Incineroar|Intimidate|boost
|-unboost|p1a: Zamazenta|atk|1
|-unboost|p1b: Chien-Pao|atk|1
|turn|1
|
|t:|1750737977
|switch|p2a: Urshifu|Urshifu-Rapid-Strike, L50, M|100/100
|-terastallize|p1b: Chien-Pao|Ghost
|-terastallize|p2b: Incineroar|Bug
|move|p1b: Chien-Pao|Taunt|p2a: Urshifu
|-start|p2a: Urshifu|move: Taunt
|move|p1a: Zamazenta|Body Press|p2b: Incineroar
|-resisted|p2b: Incineroar
|-damage|p2b: Incineroar|66/100
|-damage|p1a: Zamazenta|84/100|[from] item: Rocky Helmet|[of] p2b: Incineroar
|move|p2b: Incineroar|Will-O-Wisp|p1a: Zamazenta
|-status|p1a: Zamazenta|brn
|
|-damage|p1a: Zamazenta|78/100 brn|[from] brn
|upkeep
|turn|2
|
|t:|1750738005
|switch|p1b: Raging Bolt|Raging Bolt, L50|100/100
|-enditem|p1b: Raging Bolt|Booster Energy
|-activate|p1b: Raging Bolt|ability: Protosynthesis|[fromitem]
|-start|p1b: Raging Bolt|protosynthesisspa
|switch|p2b: Kyogre|Kyogre, L50|100/100
|-weather|RainDance|[from] ability: Drizzle|[of] p2b: Kyogre
|move|p2a: Urshifu|Surging Strikes|p1b: Raging Bolt
|-resisted|p1b: Raging Bolt
|-crit|p1b: Raging Bolt
|-damage|p1b: Raging Bolt|86/100
|-resisted|p1b: Raging Bolt
|-crit|p1b: Raging Bolt
|-damage|p1b: Raging Bolt|73/100
|-resisted|p1b: Raging Bolt
|-crit|p1b: Raging Bolt
|-damage|p1b: Raging Bolt|59/100
|-hitcount|p1b: Raging Bolt|3
|move|p1a: Zamazenta|Body Press|p2a: Urshifu
|-damage|p2a: Urshifu|66/100
|
|-weather|RainDance|[upkeep]
|-damage|p1a: Zamazenta|72/100 brn|[from] brn
|upkeep
|turn|3
|
|t:|1750738032
|switch|p2a: Calyrex|Calyrex-Ice, L50|100/100
|-ability|p2a: Calyrex|As One
|-ability|p2a: Calyrex|Unnerve
|move|p2b: Kyogre|Protect|p2b: Kyogre
|-singleturn|p2b: Kyogre|Protect
|move|p1b: Raging Bolt|Thunderclap||[still]
|-fail|p1b: Raging Bolt
|move|p1a: Zamazenta|Body Press|p2b: Kyogre
|-activate|p2b: Kyogre|move: Protect
|
|-weather|RainDance|[upkeep]
|-damage|p1a: Zamazenta|66/100 brn|[from] brn
|upkeep
|turn|4
|
|t:|1750738053
|switch|p2b: Incineroar|Incineroar, L50, F, tera:Bug|66/100
|-ability|p2b: Incineroar|Intimidate|boost
|-unboost|p1a: Zamazenta|atk|1
|-unboost|p1b: Raging Bolt|atk|1
|move|p1a: Zamazenta|Wide Guard|p1a: Zamazenta
|-singleturn|p1a: Zamazenta|Wide Guard
|move|p1b: Raging Bolt|Thunderbolt|p2b: Incineroar
|-damage|p2b: Incineroar|0 fnt
|faint|p2b: Incineroar
|move|p2a: Calyrex|Glacial Lance|p1a: Zamazenta|[spread] 
|-activate|p1a: Zamazenta|move: Wide Guard
|-activate|p1b: Raging Bolt|move: Wide Guard
|
|-weather|RainDance|[upkeep]
|-damage|p1a: Zamazenta|60/100 brn|[from] brn
|upkeep
|
|t:|1750738070
|switch|p2b: Urshifu|Urshifu-Rapid-Strike, L50, M|66/100
|turn|5
|
|t:|1750738090
|switch|p2b: Kyogre|Kyogre, L50|100/100
|move|p1a: Zamazenta|Wide Guard|p1a: Zamazenta
|-singleturn|p1a: Zamazenta|Wide Guard
|move|p1b: Raging Bolt|Thunderbolt|p2b: Kyogre
|-supereffective|p2b: Kyogre
|-damage|p2b: Kyogre|9/100
|move|p2a: Calyrex|Trick Room|p2a: Calyrex
|-fieldstart|move: Trick Room|[of] p2a: Calyrex
|
|-weather|RainDance|[upkeep]
|-damage|p1a: Zamazenta|54/100 brn|[from] brn
|upkeep
|turn|6
|
|t:|1750738105
|move|p2b: Kyogre|Protect|p2b: Kyogre
|-singleturn|p2b: Kyogre|Protect
|move|p1a: Zamazenta|Wide Guard|p1a: Zamazenta
|-singleturn|p1a: Zamazenta|Wide Guard
|move|p2a: Calyrex|Leech Seed|p1b: Raging Bolt
|-start|p1b: Raging Bolt|move: Leech Seed
|move|p1b: Raging Bolt|Thunderbolt|p2a: Calyrex
|-damage|p2a: Calyrex|59/100
|
|-weather|none
|-heal|p2a: Calyrex|65/100|[from] item: Leftovers
|-damage|p1b: Raging Bolt|47/100|[from] Leech Seed|[of] p2a: Calyrex
|-heal|p2a: Calyrex|78/100|[silent]
|-damage|p1a: Zamazenta|47/100 brn|[from] brn
|upkeep
|turn|7
|
|t:|1750738120
|move|p2b: Kyogre|Protect||[still]
|-fail|p2b: Kyogre
|move|p1a: Zamazenta|Wide Guard|p1a: Zamazenta
|-singleturn|p1a: Zamazenta|Wide Guard
|move|p2a: Calyrex|Leech Seed|p1a: Zamazenta
|-start|p1a: Zamazenta|move: Leech Seed
|move|p1b: Raging Bolt|Thunderbolt|p2b: Kyogre
|-supereffective|p2b: Kyogre
|-damage|p2b: Kyogre|0 fnt
|faint|p2b: Kyogre
|
|-heal|p2a: Calyrex|84/100|[from] item: Leftovers
|-damage|p1b: Raging Bolt|35/100|[from] Leech Seed|[of] p2a: Calyrex
|-heal|p2a: Calyrex|97/100|[silent]
|-damage|p1a: Zamazenta|35/100 brn|[from] Leech Seed|[of] p2a: Calyrex
|-heal|p2a: Calyrex|100/100|[silent]
|-damage|p1a: Zamazenta|29/100 brn|[from] brn
|upkeep
|
|t:|1750738134
|switch|p2b: Urshifu|Urshifu-Rapid-Strike, L50, M|66/100
|turn|8
|
|t:|1750738140
|move|p1a: Zamazenta|Wide Guard|p1a: Zamazenta
|-singleturn|p1a: Zamazenta|Wide Guard
|move|p2b: Urshifu|Aqua Jet|p1b: Raging Bolt
|-resisted|p1b: Raging Bolt
|-damage|p1b: Raging Bolt|26/100
|move|p2a: Calyrex|Glacial Lance|p1a: Zamazenta|[spread] 
|-activate|p1a: Zamazenta|move: Wide Guard
|-activate|p1b: Raging Bolt|move: Wide Guard
|move|p1b: Raging Bolt|Thunderbolt|p2b: Urshifu
|-supereffective|p2b: Urshifu
|-damage|p2b: Urshifu|0 fnt
|faint|p2b: Urshifu
|
|-damage|p1b: Raging Bolt|14/100|[from] Leech Seed|[of] p2a: Calyrex
|-damage|p1a: Zamazenta|17/100 brn|[from] Leech Seed|[of] p2a: Calyrex
|-damage|p1a: Zamazenta|11/100 brn|[from] brn
|upkeep
|turn|9
|
|t:|1750738158
|move|p2a: Calyrex|Glacial Lance|p1a: Zamazenta|[spread] p1a,p1b
|-resisted|p1a: Zamazenta
|-supereffective|p1b: Raging Bolt
|-damage|p1a: Zamazenta|0 fnt
|-damage|p1b: Raging Bolt|0 fnt
|faint|p1a: Zamazenta
|faint|p1b: Raging Bolt
|-end|p1b: Raging Bolt|Protosynthesis|[silent]
|-ability|p2a: Calyrex|Chilling Neigh|boost
|-boost|p2a: Calyrex|atk|2
|
|-fieldend|move: Trick Room
|upkeep
|
|t:|1750738162
|switch|p1a: Chien-Pao|Chien-Pao, L50, tera:Ghost|100/100
|switch|p1b: Calyrex|Calyrex-Shadow, L50|100/100
|-ability|p1b: Calyrex|As One
|-ability|p1b: Calyrex|Unnerve
|-ability|p1a: Chien-Pao|Sword of Ruin
|turn|10
|
|t:|1750738174
|move|p1a: Chien-Pao|Sucker Punch||[still]
|-fail|p1a: Chien-Pao
|move|p1b: Calyrex|Astral Barrage|p2a: Calyrex
|-supereffective|p2a: Calyrex
|-damage|p2a: Calyrex|0 fnt
|faint|p2a: Calyrex
|-damage|p1b: Calyrex|91/100|[from] item: Life Orb
|
|win|RICHARDHAVOC
|raw|RICHARDHAVOC's rating: 1564 &rarr; <strong>1579</strong><br />(+15 for winning)
|raw|crj2002's rating: 1468 &rarr; <strong>1453</strong><br />(-15 for losing)
|l|☆RICHARDHAVOC
|player|p1|
|l|☆crj2002
|player|p2|
