|j|☆Leo1274372
|j|☆FedeCamposBestie
|t:|1750881700
|gametype|doubles
|player|p1|Leo1274372|bugsy|1046
|player|p2|FedeCamposBestie|1|1000
|teamsize|p1|6
|teamsize|p2|6
|gen|9
|tier|[Gen 9] VGC 2025 Reg I
|rated|
|rule|Species Clause: Limit one of each Pokémon
|rule|Item Clause: Limit 1 of each item
|clearpoke
|poke|p1|Miraidon, L50|
|poke|p1|Electabuzz, L50, M|
|poke|p1|Chien-Pao, L50|
|poke|p1|Toxtricity, L50, F|
|poke|p1|Rotom-Wash, L50|
|poke|p1|Iron Valiant, L50|
|poke|p2|Lugia, L50|
|poke|p2|Terapagos, L50, M|
|poke|p2|Comfey, L50, M|
|poke|p2|Rillaboom, L50, F|
|poke|p2|Incineroar, L50, M|
|poke|p2|Bastiodon, L50, M|
|teampreview|4
|inactive|Battle timer is ON: inactive players will automatically lose when time's up. (requested by Leo1274372)
|inactive|FedeCamposBestie has 60 seconds left.
|
|t:|1750881756
|start
|switch|p1a: Miraidon|Miraidon, L50|100/100
|switch|p1b: Electabuzz|Electabuzz, L50, M, shiny|100/100
|switch|p2a: Cookie|Terapagos, L50, M|100/100
|switch|p2b: Is|Rillaboom, L50, F|100/100
|-activate|p2a: Cookie|ability: Tera Shift
|detailschange|p2a: Cookie|Terapagos-Terastal, L50, M
|-heal|p2a: Cookie|100/100|[silent]
|-fieldstart|move: Electric Terrain|[from] ability: Hadron Engine|[of] p1a: Miraidon
|-fieldstart|move: Grassy Terrain|[from] ability: Grassy Surge|[of] p2b: Is
|turn|1
|inactive|Leo1274372 has 30 seconds left.
|inactive|FedeCamposBestie has 30 seconds left.
|inactive|FedeCamposBestie has 20 seconds left.
|
|t:|1750881793
|move|p1b: Electabuzz|Protect|p1b: Electabuzz
|-singleturn|p1b: Electabuzz|Protect
|move|p2b: Is|Fake Out|p1a: Miraidon
|-damage|p1a: Miraidon|87/100
|cant|p1a: Miraidon|flinch
|move|p2a: Cookie|Calm Mind|p2a: Cookie
|-boost|p2a: Cookie|spa|1
|-boost|p2a: Cookie|spd|1
|
|-heal|p1a: Miraidon|93/100|[from] Grassy Terrain
|upkeep
|turn|2
|l|☆FedeCamposBestie
|inactive|FedeCamposBestie disconnected and has a minute to reconnect!
|player|p2|
|j|☆FedeCamposBestie
|inactive|FedeCamposBestie reconnected and has 35 seconds left.
|player|p2|FedeCamposBestie|1|
|inactive|Leo1274372 has 30 seconds left.
|inactive|FedeCamposBestie has 30 seconds left.
|inactive|FedeCamposBestie has 20 seconds left.
|
|t:|1750881828
|move|p1a: Miraidon|Draco Meteor|p2a: Cookie
|-activate|p2a: Cookie|ability: Tera Shell
|-resisted|p2a: Cookie
|-damage|p2a: Cookie|75/100
|-unboost|p1a: Miraidon|spa|2
|-damage|p1a: Miraidon|83/100|[from] item: Life Orb
|move|p1b: Electabuzz|Volt Switch|p2a: Cookie
|-damage|p2a: Cookie|62/100
|
|t:|1750881838
|switch|p1b: Toxtricity|Toxtricity, L50, F, shiny|100/100|[from] Volt Switch
|move|p2a: Cookie|Calm Mind|p2a: Cookie
|-boost|p2a: Cookie|spa|1
|-boost|p2a: Cookie|spd|1
|move|p2b: Is|U-turn|p1a: Miraidon
|-crit|p1a: Miraidon
|-damage|p1a: Miraidon|48/100
|
|t:|1750881847
|switch|p2b: Something|Comfey, L50, M|100/100|[from] U-turn
|
|-heal|p1a: Miraidon|54/100|[from] Grassy Terrain
|-heal|p2a: Cookie|69/100|[from] Grassy Terrain
|-heal|p2a: Cookie|75/100|[from] item: Leftovers
|upkeep
|turn|3
|
|t:|1750881859
|switch|p1a: Electabuzz|Electabuzz, L50, M, shiny|100/100
|move|p2b: Something|Floral Healing|p2a: Cookie
|-heal|p2a: Cookie|100/100
|move|p2a: Cookie|Calm Mind|p2a: Cookie
|-boost|p2a: Cookie|spa|1
|-boost|p2a: Cookie|spd|1
|move|p1b: Toxtricity|Sludge Wave|p2b: Something|[spread] p1a,p2a,p2b
|-activate|p2a: Cookie|ability: Tera Shell
|-resisted|p2a: Cookie
|-supereffective|p2b: Something
|-damage|p1a: Electabuzz|57/100
|-damage|p2a: Cookie|91/100
|-damage|p2b: Something|0 fnt
|faint|p2b: Something
|
|-heal|p1a: Electabuzz|63/100|[from] Grassy Terrain
|-heal|p2a: Cookie|97/100|[from] Grassy Terrain
|-heal|p2a: Cookie|100/100|[from] item: Leftovers
|upkeep
|
|t:|1750881884
|switch|p2b: Raspberry|Lugia, L50|100/100
|turn|4
|inactive|Leo1274372 has 30 seconds left.
|
|t:|1750881909
|switch|p1b: Miraidon|Miraidon, L50|54/100
|-fieldstart|move: Electric Terrain|[from] ability: Hadron Engine|[of] p1b: Miraidon
|move|p2b: Raspberry|Protect|p2b: Raspberry
|-singleturn|p2b: Raspberry|Protect
|move|p1a: Electabuzz|Follow Me|p1a: Electabuzz
|-singleturn|p1a: Electabuzz|move: Follow Me
|move|p2a: Cookie|Calm Mind|p2a: Cookie
|-boost|p2a: Cookie|spa|1
|-boost|p2a: Cookie|spd|1
|
|upkeep
|turn|5
|inactive|FedeCamposBestie has 30 seconds left.
|
|t:|1750881935
|switch|p2b: Is|Rillaboom, L50, F|100/100
|-fieldstart|move: Grassy Terrain|[from] ability: Grassy Surge|[of] p2b: Is
|move|p1a: Electabuzz|Helping Hand|p1b: Miraidon
|-singleturn|p1b: Miraidon|Helping Hand|[of] p1a: Electabuzz
|move|p1b: Miraidon|Electro Drift|p2b: Is
|-resisted|p2b: Is
|-damage|p2b: Is|69/100
|-damage|p1b: Miraidon|44/100|[from] item: Life Orb
|move|p2a: Cookie|Calm Mind|p2a: Cookie
|-boost|p2a: Cookie|spa|1
|-boost|p2a: Cookie|spd|1
|
|-heal|p1b: Miraidon|50/100|[from] Grassy Terrain
|-heal|p1a: Electabuzz|69/100|[from] Grassy Terrain
|-heal|p2b: Is|75/100|[from] Grassy Terrain
|upkeep
|turn|6
|inactive|FedeCamposBestie has 30 seconds left.
|inactive|FedeCamposBestie has 20 seconds left.
|
|t:|1750881972
|move|p1a: Electabuzz|Follow Me|p1a: Electabuzz
|-singleturn|p1a: Electabuzz|move: Follow Me
|move|p1b: Miraidon|Draco Meteor|p2b: Is
|-damage|p2b: Is|16/100
|-unboost|p1b: Miraidon|spa|2
|-damage|p1b: Miraidon|40/100|[from] item: Life Orb
|move|p2a: Cookie|Tera Starstorm|p1a: Electabuzz
|-damage|p1a: Electabuzz|0 fnt
|faint|p1a: Electabuzz
|move|p2b: Is|U-turn|p1b: Miraidon
|-damage|p1b: Miraidon|16/100
|
|t:|1750881984
|switch|p2b: Raspberry|Lugia, L50|100/100|[from] U-turn
|
|-heal|p1b: Miraidon|22/100|[from] Grassy Terrain
|upkeep
|
|t:|1750881986
|switch|p1a: Iron Valiant|Iron Valiant, L50|100/100
|turn|7
|
|t:|1750882002
|switch|p1b: Toxtricity|Toxtricity, L50, F, shiny|100/100
|-terastallize|p2b: Raspberry|Fairy
|move|p1a: Iron Valiant|Close Combat|p2a: Cookie
|-activate|p2a: Cookie|ability: Tera Shell
|-resisted|p2a: Cookie
|-damage|p2a: Cookie|81/100
|-unboost|p1a: Iron Valiant|def|1
|-unboost|p1a: Iron Valiant|spd|1
|move|p2b: Raspberry|Psych Up|p2a: Cookie
|-copyboost|p2b: Raspberry|p2a: Cookie|[from] move: Psych Up
|move|p2a: Cookie|Tera Starstorm|p1a: Iron Valiant
|-damage|p1a: Iron Valiant|0 fnt
|faint|p1a: Iron Valiant
|-end|p1a: Iron Valiant|Quark Drive|[silent]
|
|-heal|p2a: Cookie|87/100|[from] Grassy Terrain
|-heal|p2a: Cookie|93/100|[from] item: Leftovers
|upkeep
|
|t:|1750882015
|switch|p1a: Miraidon|Miraidon, L50|22/100
|-fieldstart|move: Electric Terrain|[from] ability: Hadron Engine|[of] p1a: Miraidon
|turn|8
|
|t:|1750882039
|move|p1a: Miraidon|Electro Drift|p2b: Raspberry
|-damage|p2b: Raspberry|91/100
|-damage|p1a: Miraidon|12/100|[from] item: Life Orb
|move|p2b: Raspberry|Shadow Ball|p1a: Miraidon
|-damage|p1a: Miraidon|0 fnt
|faint|p1a: Miraidon
|move|p2a: Cookie|Earth Power|p1b: Toxtricity
|-supereffective|p1b: Toxtricity
|-damage|p1b: Toxtricity|0 fnt
|faint|p1b: Toxtricity
|
|win|FedeCamposBestie
|raw|Leo1274372's rating: 1046 &rarr; <strong>1027</strong><br />(-19 for losing)
|raw|FedeCamposBestie's rating: 1000 &rarr; <strong>1045</strong><br />(+45 for winning)
|l|☆Leo1274372
|player|p1|
