|j|☆Theproswagonist
|j|☆itz.moon
|t:|1750718295
|gametype|doubles
|player|p1|Theproswagonist|2|1399
|player|p2|itz.moon|169|1404
|teamsize|p1|6
|teamsize|p2|6
|gen|9
|tier|[Gen 9] VGC 2025 Reg I
|rated|
|rule|Species Clause: Limit one of each Pokémon
|rule|Item Clause: Limit 1 of each item
|clearpoke
|poke|p1|Tinkaton, L50, F|
|poke|p1|Kyurem-Black, L50|
|poke|p1|Landorus, L50, M|
|poke|p1|Whimsicott, L50, M|
|poke|p1|Kyogre, L50|
|poke|p1|Urshifu-*, L50, F|
|poke|p2|Sinistcha-Masterpiece, L50|
|poke|p2|Miraidon, L50|
|poke|p2|Iron Treads, L50|
|poke|p2|Terapagos, L50, M|
|poke|p2|Incineroar, L50, F|
|poke|p2|Urshifu-*, L50, F|
|teampreview|4
|inactive|Battle timer is ON: inactive players will automatically lose when time's up. (requested by Theproswagonist)
itz.moon has agreed to open team sheets.
Theproswagonist has agreed to open team sheets.
|showteam|p1|Tinkaton||AssaultVest|MoldBreaker|PlayRough,GigatonHammer,FakeOut,Feint|||F|||50|,,,,,Dragon]Kyurem-Black||LoadedDice|Teravolt|IcicleSpear,ScaleShot,FusionBolt,Protect||||||50|,,,,,Electric]Landorus||LifeOrb|SheerForce|EarthPower,SludgeBomb,SandsearStorm,Protect|||M|||50|,,,,,Poison]Whimsicott||CovertCloak|Prankster|Moonblast,Encore,Tailwind,LightScreen|||M|||50|,,,,,Dark]Kyogre||MysticWater|Drizzle|WaterSpout,OriginPulse,Thunder,Protect||||||50|,,,,,Water]Urshifu||FocusSash|UnseenFist|WickedBlow,SuckerPunch,CloseCombat,Protect|||F|||50|,,,,,Dark
|showteam|p2|Sinistcha-Masterpiece||FocusSash|Hospitality|ShadowBall,RagePowder,Protect,StrengthSap||||||50|,,,,,Fire]Miraidon||AssaultVest|HadronEngine|ElectroDrift,DracoMeteor,VoltSwitch,Snarl||||||50|,,,,,Electric]Iron Treads||ChoiceBand|QuarkDrive|HighHorsepower,IronHead,IceSpinner,SteelRoller||||||50|,,,,,Bug]Terapagos||ElectricSeed|TeraShift|Protect,TeraStarstorm,EarthPower,CalmMind|||M|||50|,,,,,Stellar]Incineroar||RockyHelmet|Intimidate|FakeOut,PartingShot,FlareBlitz,KnockOff|||F|||50|,,,,,Bug]Urshifu-Rapid-Strike||MysticWater|UnseenFist|SurgingStrikes,CloseCombat,Taunt,Detect|||F|||50|,,,,,Water
|inactive|Theproswagonist has 60 seconds left.
|inactive|itz.moon has 60 seconds left.
|inactive|Theproswagonist has 30 seconds left.
|inactive|itz.moon has 30 seconds left.
|inactive|Theproswagonist has 20 seconds left.
|inactive|Theproswagonist has 15 seconds left.
|inactive|Theproswagonist has 10 seconds left.
|inactive|Theproswagonist has 5 seconds left.
|
|t:|1750718383
|start
|switch|p1a: Kyurem|Kyurem-Black, L50|100/100
|switch|p1b: Whimsicott|Whimsicott, L50, M|100/100
|switch|p2a: Terapagos|Terapagos, L50, M|100/100
|switch|p2b: Miraidon|Miraidon, L50|100/100
|-activate|p2a: Terapagos|ability: Tera Shift
|detailschange|p2a: Terapagos|Terapagos-Terastal, L50, M
|-heal|p2a: Terapagos|100/100|[silent]
|-fieldstart|move: Electric Terrain|[from] ability: Hadron Engine|[of] p2b: Miraidon
|-enditem|p2a: Terapagos|Electric Seed
|-boost|p2a: Terapagos|def|1|[from] item: Electric Seed
|-ability|p1a: Kyurem|Teravolt
|turn|1
|inactive|Theproswagonist has 30 seconds left.
|inactive|itz.moon has 30 seconds left.
|inactive|Theproswagonist has 20 seconds left.
|inactive|itz.moon has 20 seconds left.
|inactive|Theproswagonist has 15 seconds left.
|inactive|itz.moon has 15 seconds left.
|
|t:|1750718427
|switch|p2b: Urshifu|Urshifu-Rapid-Strike, L50, F|100/100
|-terastallize|p1a: Kyurem|Electric
|move|p1b: Whimsicott|Light Screen|p1b: Whimsicott
|-sidestart|p1: Theproswagonist|move: Light Screen
|move|p1a: Kyurem|Scale Shot|p2b: Urshifu|[miss]
|-miss|p1a: Kyurem|p2b: Urshifu
|move|p2a: Terapagos|Calm Mind|p2a: Terapagos
|-boost|p2a: Terapagos|spa|1
|-boost|p2a: Terapagos|spd|1
|
|upkeep
|turn|2
|
|t:|1750718443
|move|p2a: Terapagos|Protect|p2a: Terapagos
|-singleturn|p2a: Terapagos|Protect
|move|p1b: Whimsicott|Encore|p2a: Terapagos
|-activate|p2a: Terapagos|move: Protect
|move|p2b: Urshifu|Taunt|p1b: Whimsicott
|-start|p1b: Whimsicott|move: Taunt
|move|p1a: Kyurem|Fusion Bolt|p2b: Urshifu
|-supereffective|p2b: Urshifu
|-damage|p2b: Urshifu|0 fnt
|faint|p2b: Urshifu
|
|upkeep
|
|t:|1750718455
|switch|p2b: Miraidon|Miraidon, L50|100/100
|-activate|p2b: Miraidon|ability: Hadron Engine
|turn|3
|inactive|Theproswagonist has 30 seconds left.
|
|t:|1750718481
|move|p2b: Miraidon|Volt Switch|p1b: Whimsicott
|-resisted|p1b: Whimsicott
|-damage|p1b: Whimsicott|71/100
|
|t:|1750718484
|switch|p2b: Sinistcha|Sinistcha-Masterpiece, L50, shiny|100/100|[from] Volt Switch
|move|p1b: Whimsicott|Moonblast|p2b: Sinistcha
|-damage|p2b: Sinistcha|75/100
|-unboost|p2b: Sinistcha|spa|1
|move|p1a: Kyurem|Scale Shot|p2b: Sinistcha
|-damage|p2b: Sinistcha|59/100
|-damage|p2b: Sinistcha|45/100
|-damage|p2b: Sinistcha|31/100
|-damage|p2b: Sinistcha|17/100
|-hitcount|p2b: Sinistcha|4
|-unboost|p1a: Kyurem|def|1
|-boost|p1a: Kyurem|spe|1
|move|p2a: Terapagos|Calm Mind|p2a: Terapagos
|-boost|p2a: Terapagos|spa|1
|-boost|p2a: Terapagos|spd|1
|
|upkeep
|turn|4
|inactive|Theproswagonist has 30 seconds left.
|inactive|itz.moon has 30 seconds left.
|
|t:|1750718515
|-terastallize|p2a: Terapagos|Stellar
|detailschange|p2a: Terapagos|Terapagos-Stellar, L50, M, tera:Stellar
|-heal|p2a: Terapagos|100/100|[silent]
|-ability|p2a: Terapagos|Teraform Zero
|-fieldend|move: Electric Terrain
|move|p2b: Sinistcha|Protect|p2b: Sinistcha
|-singleturn|p2b: Sinistcha|Protect
|move|p1a: Kyurem|Fusion Bolt|p2a: Terapagos
|-damage|p2a: Terapagos|77/100
|move|p1b: Whimsicott|Moonblast|p2b: Sinistcha
|-activate|p2b: Sinistcha|move: Protect
|move|p2a: Terapagos|Tera Starstorm|p1b: Whimsicott|[spread] p1a,p1b
|-supereffective|p1a: Kyurem
|-damage|p1a: Kyurem|17/100
|-damage|p1b: Whimsicott|11/100
|
|upkeep
|turn|5
|inactive|Theproswagonist has 30 seconds left.
|
|t:|1750718548
|switch|p2b: Miraidon|Miraidon, L50|100/100
|-fieldstart|move: Electric Terrain|[from] ability: Hadron Engine|[of] p2b: Miraidon
|move|p1a: Kyurem|Protect|p1a: Kyurem
|-singleturn|p1a: Kyurem|Protect
|move|p1b: Whimsicott|Moonblast|p2b: Miraidon
|-supereffective|p2b: Miraidon
|-damage|p2b: Miraidon|72/100
|move|p2a: Terapagos|Tera Starstorm|p1a: Kyurem|[spread] p1b
|-activate|p1a: Kyurem|move: Protect
|-crit|p1b: Whimsicott
|-damage|p1b: Whimsicott|0 fnt
|faint|p1b: Whimsicott
|
|-sideend|p1: Theproswagonist|move: Light Screen
|upkeep
|inactive|Theproswagonist has 30 seconds left.
|
|t:|1750718575
|switch|p1b: Urshifu|Urshifu, L50, F|100/100
|turn|6
|inactive|Theproswagonist has 30 seconds left.
|inactive|Theproswagonist has 20 seconds left.
|
|t:|1750718611
|move|p1a: Kyurem|Icicle Spear|p2b: Miraidon
|-supereffective|p2b: Miraidon
|-damage|p2b: Miraidon|44/100
|-supereffective|p2b: Miraidon
|-damage|p2b: Miraidon|17/100
|-supereffective|p2b: Miraidon
|-damage|p2b: Miraidon|0 fnt
|faint|p2b: Miraidon
|-hitcount|p2: Miraidon|3
|move|p1b: Urshifu|Close Combat|p2a: Terapagos
|-supereffective|p2a: Terapagos
|-damage|p2a: Terapagos|21/100
|-unboost|p1b: Urshifu|def|1
|-unboost|p1b: Urshifu|spd|1
|move|p2a: Terapagos|Tera Starstorm|p1a: Kyurem|[spread] p1a,p1b
|-supereffective|p1a: Kyurem
|-damage|p1a: Kyurem|0 fnt
|-enditem|p1b: Urshifu|Focus Sash
|-damage|p1b: Urshifu|1/100
|faint|p1a: Kyurem
|
|upkeep
|
|t:|1750718635
|switch|p2b: Sinistcha|Sinistcha-Masterpiece, L50, shiny|17/100
|switch|p1a: Landorus|Landorus, L50, M|100/100
|-heal|p2a: Terapagos|46/100|[from] ability: Hospitality|[of] p2b: Sinistcha
|turn|7
|
|t:|1750718649
|move|p1b: Urshifu|Protect|p1b: Urshifu
|-singleturn|p1b: Urshifu|Protect
|move|p2b: Sinistcha|Rage Powder|p2b: Sinistcha
|-singleturn|p2b: Sinistcha|move: Rage Powder
|move|p1a: Landorus|Sludge Bomb|p2b: Sinistcha
|-damage|p2b: Sinistcha|0 fnt
|faint|p2b: Sinistcha
|move|p2a: Terapagos|Tera Starstorm|p1b: Urshifu|[spread] p1a
|-activate|p1b: Urshifu|move: Protect
|-damage|p1a: Landorus|22/100
|
|upkeep
|turn|8
|
|t:|1750718661
|move|p1b: Urshifu|Close Combat|p2a: Terapagos
|-supereffective|p2a: Terapagos
|-damage|p2a: Terapagos|0 fnt
|-unboost|p1b: Urshifu|def|1
|-unboost|p1b: Urshifu|spd|1
|faint|p2a: Terapagos
|detailschange|p2: Terapagos|Terapagos, L50, M|[silent]
|
|win|Theproswagonist
|raw|Theproswagonist's rating: 1399 &rarr; <strong>1419</strong><br />(+20 for winning)
|raw|itz.moon's rating: 1404 &rarr; <strong>1384</strong><br />(-20 for losing)
|l|☆itz.moon
|player|p2|
|l|☆Theproswagonist
|player|p1|
