|j|☆peasantbread
|j|☆KD-Alt-711
|t:|1750772231
|gametype|doubles
|player|p1|peasantbread|265|1624
|player|p2|KD-Alt-711|101|1576
|teamsize|p1|6
|teamsize|p2|6
|gen|9
|tier|[Gen 9] VGC 2025 Reg I
|rated|
|rule|Species Clause: Limit one of each Pokémon
|rule|Item Clause: Limit 1 of each item
|clearpoke
|poke|p1|Calyrex-Ice, L50|
|poke|p1|Kyogre, L50|
|poke|p1|Grimmsnarl, L50, M|
|poke|p1|Amoonguss, L50, M|
|poke|p1|Rillaboom, L50, F|
|poke|p1|Annihilape, L50, M|
|poke|p2|Lunala, L50|
|poke|p2|Rillaboom, L50, M|
|poke|p2|Groudon, L50|
|poke|p2|Ogerpon-Hearthflame, L50, F|
|poke|p2|Flutter Mane, L50|
|poke|p2|Ursaluna-Bloodmoon, L50, M|
|teampreview|4
|
|t:|1750772280
|start
|switch|p1a: Annihilape|Annihilape, L50, M|100/100
|switch|p1b: Grimmsnarl|Grimmsnarl, L50, M|100/100
|switch|p2a: Lunala|Lunala, L50, shiny|100/100
|switch|p2b: Flutter Mane|Flutter Mane, L50, shiny|100/100
|turn|1
|inactive|Battle timer is ON: inactive players will automatically lose when time's up. (requested by KD-Alt-711)
|
|t:|1750772308
|-terastallize|p2a: Lunala|Fairy
|move|p1b: Grimmsnarl|Light Screen|p1b: Grimmsnarl
|-sidestart|p1: peasantbread|move: Light Screen
|move|p1a: Annihilape|Shadow Claw|p2a: Lunala
|-damage|p2a: Lunala|89/100
|move|p2b: Flutter Mane|Moonblast|p1a: Annihilape
|-supereffective|p1a: Annihilape
|-damage|p1a: Annihilape|27/100
|move|p2a: Lunala|Moonblast|p1b: Grimmsnarl
|-supereffective|p1b: Grimmsnarl
|-damage|p1b: Grimmsnarl|30/100
|
|upkeep
|turn|2
|inactive|KD-Alt-711 has 30 seconds left.
|inactive|KD-Alt-711 has 20 seconds left.
|inactive|KD-Alt-711 has 15 seconds left.
|
|t:|1750772349
|move|p2b: Flutter Mane|Protect|p2b: Flutter Mane
|-singleturn|p2b: Flutter Mane|Protect
|move|p1b: Grimmsnarl|Reflect|p1b: Grimmsnarl
|-sidestart|p1: peasantbread|Reflect
|move|p1a: Annihilape|Shadow Claw|p2b: Flutter Mane
|-activate|p2b: Flutter Mane|move: Protect
|move|p2a: Lunala|Moonblast|p1b: Grimmsnarl
|-supereffective|p1b: Grimmsnarl
|-damage|p1b: Grimmsnarl|0 fnt
|faint|p1b: Grimmsnarl
|
|upkeep
|
|t:|1750772366
|switch|p1b: Kyogre|Kyogre, L50|100/100
|-weather|RainDance|[from] ability: Drizzle|[of] p1b: Kyogre
|turn|3
|
|t:|1750772393
|switch|p2a: Groudon|Groudon, L50, shiny|100/100
|-weather|SunnyDay|[from] ability: Drought|[of] p2a: Groudon
|-activate|p2b: Flutter Mane|ability: Protosynthesis
|-start|p2b: Flutter Mane|protosynthesisspe
|switch|p1b: Calyrex|Calyrex-Ice, L50|100/100
|-ability|p1b: Calyrex|As One
|-ability|p1b: Calyrex|Unnerve
|move|p2b: Flutter Mane|Moonblast|p1a: Annihilape
|-supereffective|p1a: Annihilape
|-damage|p1a: Annihilape|0 fnt
|faint|p1a: Annihilape
|
|-weather|SunnyDay|[upkeep]
|upkeep
|
|t:|1750772406
|switch|p1a: Kyogre|Kyogre, L50|100/100
|-weather|RainDance|[from] ability: Drizzle|[of] p1a: Kyogre
|-end|p2b: Flutter Mane|Protosynthesis
|turn|4
|
|t:|1750772430
|switch|p2a: Lunala|Lunala, L50, shiny, tera:Fairy|89/100
|-terastallize|p1b: Calyrex|Water
|move|p2b: Flutter Mane|Protect|p2b: Flutter Mane
|-singleturn|p2b: Flutter Mane|Protect
|move|p1a: Kyogre|Origin Pulse|p2b: Flutter Mane|[spread] p2a
|-activate|p2b: Flutter Mane|move: Protect
|-damage|p2a: Lunala|31/100
|move|p1b: Calyrex|Trick Room|p1b: Calyrex
|-fieldstart|move: Trick Room|[of] p1b: Calyrex
|
|-weather|RainDance|[upkeep]
|upkeep
|turn|5
|
|t:|1750772452
|-end|p2b: Flutter Mane|Protosynthesis|[silent]
|switch|p2b: Groudon|Groudon, L50, shiny|100/100
|-weather|SunnyDay|[from] ability: Drought|[of] p2b: Groudon
|move|p2a: Lunala|Wide Guard|p2a: Lunala
|-singleturn|p2a: Lunala|Wide Guard
|move|p1b: Calyrex|Glacial Lance|p2a: Lunala|[spread] 
|-activate|p2a: Lunala|move: Wide Guard
|-activate|p2b: Groudon|move: Wide Guard
|move|p1a: Kyogre|Water Spout|p2b: Groudon|[spread] 
|-activate|p2a: Lunala|move: Wide Guard
|-activate|p2b: Groudon|move: Wide Guard
|
|-weather|SunnyDay|[upkeep]
|upkeep
|turn|6
|
|t:|1750772472
|move|p2a: Lunala|Wide Guard|p2a: Lunala
|-singleturn|p2a: Lunala|Wide Guard
|move|p1b: Calyrex|Leech Seed|p2a: Lunala|[miss]
|-miss|p1b: Calyrex|p2a: Lunala
|move|p2b: Groudon|Precipice Blades|p1b: Calyrex|[spread] p1a,p1b
|-damage|p1a: Kyogre|68/100
|-damage|p1b: Calyrex|78/100
|move|p1a: Kyogre|Origin Pulse|p2b: Groudon|[spread] 
|-activate|p2a: Lunala|move: Wide Guard
|-activate|p2b: Groudon|move: Wide Guard
|
|-weather|SunnyDay|[upkeep]
|-heal|p1b: Calyrex|84/100|[from] item: Leftovers
|upkeep
|turn|7
|
|t:|1750772488
|move|p1a: Kyogre|Protect|p1a: Kyogre
|-singleturn|p1a: Kyogre|Protect
|move|p2a: Lunala|Wide Guard|p2a: Lunala
|-singleturn|p2a: Lunala|Wide Guard
|move|p1b: Calyrex|Leech Seed|p2a: Lunala
|-start|p2a: Lunala|move: Leech Seed
|move|p2b: Groudon|Precipice Blades|p1b: Calyrex|[spread] p1b
|-activate|p1a: Kyogre|move: Protect
|-damage|p1b: Calyrex|65/100
|
|-weather|SunnyDay|[upkeep]
|-heal|p1b: Calyrex|71/100|[from] item: Leftovers
|-damage|p2a: Lunala|18/100|[from] Leech Seed|[of] p1b: Calyrex
|-heal|p1b: Calyrex|85/100|[silent]
|upkeep
|turn|8
|inactive|KD-Alt-711 has 30 seconds left.
|
|t:|1750772514
|switch|p2b: Ogerpon|Ogerpon-Hearthflame, L50, F|100/100
|-ability|p2b: Ogerpon|Mold Breaker
|move|p2a: Lunala|Wide Guard|p2a: Lunala
|-singleturn|p2a: Lunala|Wide Guard
|move|p1b: Calyrex|Leech Seed|p2b: Ogerpon
|-immune|p2b: Ogerpon
|move|p1a: Kyogre|Origin Pulse|p2b: Ogerpon|[spread] 
|-activate|p2a: Lunala|move: Wide Guard
|-activate|p2b: Ogerpon|move: Wide Guard
|
|-weather|SunnyDay|[upkeep]
|-heal|p1b: Calyrex|91/100|[from] item: Leftovers
|-damage|p2a: Lunala|6/100|[from] Leech Seed|[of] p1b: Calyrex
|-heal|p1b: Calyrex|100/100|[silent]
|-sideend|p1: peasantbread|move: Light Screen
|-fieldend|move: Trick Room
|upkeep
|turn|9
|
|t:|1750772535
|move|p1a: Kyogre|Protect|p1a: Kyogre
|-singleturn|p1a: Kyogre|Protect
|move|p2b: Ogerpon|Grassy Glide|p1b: Calyrex
|-supereffective|p1b: Calyrex
|-crit|p1b: Calyrex
|-damage|p1b: Calyrex|48/100
|move|p2a: Lunala|Moongeist Beam|p1b: Calyrex
|-crit|p1b: Calyrex
|-damage|p1b: Calyrex|0 fnt
|faint|p1b: Calyrex
|
|-weather|none
|-sideend|p1: peasantbread|Reflect
|upkeep
|turn|10
|-message|peasantbread forfeited.
|
|win|KD-Alt-711
|raw|peasantbread's rating: 1604 &rarr; <strong>1582</strong><br />(-22 for losing)
|raw|KD-Alt-711's rating: 1576 &rarr; <strong>1598</strong><br />(+22 for winning)
|l|☆peasantbread
|player|p1|
|l|☆KD-Alt-711
|player|p2|
