|j|☆HardFreaQ
|j|☆JLFalcon
|html|<table width="100%"><tr><td align="left">HardFreaQ</td><td align="right">JLFalcon</tr><tr><td align="left"><i class="fa fa-circle-o"></i> <i class="fa fa-circle-o"></i> </td><td align="right"><i class="fa fa-circle-o"></i> <i class="fa fa-circle"></i> </tr></table>
|uhtml|bestof|<h2><strong>Game 2</strong> of <a href="/game-bestof3-gen9vgc2025regi-2391214508">a best-of-3</a></h2>
|t:|1750817455
|gametype|doubles
|player|p1|HardFreaQ|lucas|
|player|p2|JLFalcon|brycen|
|teamsize|p1|6
|teamsize|p2|6
|gen|9
|tier|[Gen 9] VGC 2025 Reg I
|rated|Tournament battle
|rule|Species Clause: Limit one of each Pokémon
|rule|Item Clause: Limit 1 of each item
|raw|<div class="infobox"><details class="readmore" open><summary><strong>3 custom rules:</strong></summary> Force Open Team Sheets, !Open Team Sheets, Best of = 3</details></div>
|clearpoke
|poke|p1|Calyrex-Ice, L50|
|poke|p1|Miraidon, L50|
|poke|p1|Farigiraf, L50, F|
|poke|p1|Volcarona, L50, F|
|poke|p1|Iron Hands, L50|
|poke|p1|Grimmsnarl, L50, M|
|poke|p2|Calyrex-Ice, L50|
|poke|p2|Kyogre, L50|
|poke|p2|Rhydon, L50, F|
|poke|p2|Amoonguss, L50, F|
|poke|p2|Grimmsnarl, L50, M|
|poke|p2|Basculegion, L50, M|
|teampreview|4
|showteam|p1|Calyrex-Ice||ClearAmulet|AsOneGlastrier|GlacialLance,HighHorsepower,TrickRoom,Protect||||||50|,,,,,Fire]Miraidon||ChoiceSpecs|HadronEngine|ElectroDrift,VoltSwitch,DracoMeteor,DazzlingGleam||||||50|,,,,,Fairy]Farigiraf||MirrorHerb|ArmorTail|Psychic,ShadowBall,TrickRoom,HelpingHand|||F|||50|,,,,,Water]Volcarona||ElectricSeed|FlameBody|FieryDance,BugBuzz,QuiverDance,Protect|||F|||50|,,,,,Dragon]Iron Hands||AssaultVest|QuarkDrive|LowKick,DrainPunch,WildCharge,FakeOut||||||50|,,,,,Bug]Grimmsnarl||LightClay|Prankster|SpiritBreak,Reflect,LightScreen,PartingShot|||M|||50|,,,,,Steel
|showteam|p2|Calyrex-Ice||Leftovers|AsOneGlastrier|GlacialLance,LeechSeed,TrickRoom,Protect||||||50|,,,,,Fairy]Kyogre||MysticWater|Drizzle|WaterSpout,OriginPulse,HydroPump,Protect||||||50|,,,,,Grass]Rhydon||Eviolite|LightningRod|HighHorsepower,RockSlide,SwordsDance,Protect|||F|||50|,,,,,Fairy]Amoonguss||RockyHelmet|Regenerator|Spore,RagePowder,Protect,PollenPuff|||F|||50|,,,,,Dark]Grimmsnarl||LightClay|Prankster|SpiritBreak,SuckerPunch,LightScreen,Reflect|||M|||50|,,,,,Steel]Basculegion||LifeOrb|SwiftSwim|WaveCrash,AquaJet,LastRespects,Protect|||M|||50|,,,,,Stellar
|inactive|Battle timer is ON: inactive players will automatically lose when time's up. (requested by HardFreaQ)
|c|☆JLFalcon|That’s why we love the dino
|j| SneaselpinkVGC
|
|t:|1750817480
|start
|switch|p1a: Miraidon|Miraidon, L50|100/100
|switch|p1b: Volcarona|Volcarona, L50, F|100/100
|switch|p2a: Calyrex|Calyrex-Ice, L50|100/100
|switch|p2b: Basculegion|Basculegion, L50, M|100/100
|-ability|p2a: Calyrex|As One
|-ability|p2a: Calyrex|Unnerve
|-fieldstart|move: Electric Terrain|[from] ability: Hadron Engine|[of] p1a: Miraidon
|-enditem|p1b: Volcarona|Electric Seed
|-boost|p1b: Volcarona|def|1|[from] item: Electric Seed
|turn|1
|
|t:|1750817491
|switch|p2b: Rhydon|Rhydon, L50, F|100/100
|move|p1a: Miraidon|Draco Meteor|p2a: Calyrex
|-damage|p2a: Calyrex|5/100
|-unboost|p1a: Miraidon|spa|2
|move|p1b: Volcarona|Fiery Dance|p2a: Calyrex
|-supereffective|p2a: Calyrex
|-damage|p2a: Calyrex|0 fnt
|-boost|p1b: Volcarona|spa|1
|faint|p2a: Calyrex
|
|upkeep
|
|t:|1750817503
|switch|p2a: Basculegion|Basculegion, L50, M|100/100
|turn|2
|
|t:|1750817508
|switch|p2b: Kyogre|Kyogre, L50|100/100
|-weather|RainDance|[from] ability: Drizzle|[of] p2b: Kyogre
|move|p1b: Volcarona|Protect|p1b: Volcarona
|-singleturn|p1b: Volcarona|Protect
|move|p2a: Basculegion|Wave Crash|p1b: Volcarona
|-activate|p1b: Volcarona|move: Protect
|move|p1a: Miraidon|Draco Meteor|p2a: Basculegion
|-damage|p2a: Basculegion|10/100
|-unboost|p1a: Miraidon|spa|2
|
|-weather|RainDance|[upkeep]
|upkeep
|turn|3
|
|t:|1750817519
|switch|p1a: Farigiraf|Farigiraf, L50, F|100/100
|-terastallize|p1b: Volcarona|Dragon
|move|p2a: Basculegion|Protect|p2a: Basculegion
|-singleturn|p2a: Basculegion|Protect
|move|p1b: Volcarona|Quiver Dance|p1b: Volcarona
|-boost|p1b: Volcarona|spa|1
|-boost|p1b: Volcarona|spd|1
|-boost|p1b: Volcarona|spe|1
|move|p2b: Kyogre|Water Spout|p1b: Volcarona|[spread] p1a,p1b
|-resisted|p1b: Volcarona
|-damage|p1a: Farigiraf|0 fnt
|-damage|p1b: Volcarona|65/100
|faint|p1a: Farigiraf
|
|-weather|RainDance|[upkeep]
|upkeep
|
|t:|1750817524
|switch|p1a: Iron Hands|Iron Hands, L50, shiny|100/100
|-activate|p1a: Iron Hands|ability: Quark Drive
|-start|p1a: Iron Hands|quarkdriveatk
|turn|4
|j| IILordJII
|
|t:|1750817534
|move|p1a: Iron Hands|Fake Out|p2b: Kyogre
|-damage|p2b: Kyogre|83/100
|move|p2a: Basculegion|Last Respects|p1b: Volcarona
|-damage|p1b: Volcarona|16/100
|-damage|p2a: Basculegion|0 fnt|[from] item: Life Orb
|faint|p2a: Basculegion
|move|p1b: Volcarona|Quiver Dance|p1b: Volcarona
|-boost|p1b: Volcarona|spa|1
|-boost|p1b: Volcarona|spd|1
|-boost|p1b: Volcarona|spe|1
|cant|p2b: Kyogre|flinch
|
|-weather|RainDance|[upkeep]
|upkeep
|
|t:|1750817541
|switch|p2a: Rhydon|Rhydon, L50, F|100/100
|turn|5
|
|t:|1750817558
|-terastallize|p2a: Rhydon|Fairy
|move|p1b: Volcarona|Bug Buzz|p2b: Kyogre
|-damage|p2b: Kyogre|10/100
|-unboost|p2b: Kyogre|spd|1
|move|p2b: Kyogre|Origin Pulse|p1a: Iron Hands|[spread] p1b
|-miss|p2b: Kyogre|p1a: Iron Hands
|-resisted|p1b: Volcarona
|-damage|p1b: Volcarona|0 fnt
|faint|p1b: Volcarona
|move|p1a: Iron Hands|Low Kick|p2a: Rhydon
|-resisted|p2a: Rhydon
|-damage|p2a: Rhydon|80/100
|move|p2a: Rhydon|High Horsepower|p1a: Iron Hands
|-supereffective|p1a: Iron Hands
|-damage|p1a: Iron Hands|34/100
|
|-weather|RainDance|[upkeep]
|-fieldend|move: Electric Terrain
|-end|p1a: Iron Hands|Quark Drive
|upkeep
|
|t:|1750817562
|switch|p1b: Miraidon|Miraidon, L50|100/100
|-fieldstart|move: Electric Terrain|[from] ability: Hadron Engine|[of] p1b: Miraidon
|-activate|p1a: Iron Hands|ability: Quark Drive
|-start|p1a: Iron Hands|quarkdriveatk
|turn|6
|
|t:|1750817586
|move|p2b: Kyogre|Protect|p2b: Kyogre
|-singleturn|p2b: Kyogre|Protect
|move|p1b: Miraidon|Dazzling Gleam|p2b: Kyogre|[spread] p2a
|-activate|p2b: Kyogre|move: Protect
|-damage|p2a: Rhydon|44/100
|move|p1a: Iron Hands|Low Kick|p2a: Rhydon
|-resisted|p2a: Rhydon
|-damage|p2a: Rhydon|25/100
|move|p2a: Rhydon|High Horsepower|p1b: Miraidon
|-supereffective|p1b: Miraidon
|-damage|p1b: Miraidon|16/100
|
|-weather|none
|upkeep
|turn|7
|
|t:|1750817600
|move|p1b: Miraidon|Dazzling Gleam|p2a: Rhydon|[spread] p2a,p2b
|-damage|p2a: Rhydon|0 fnt
|-damage|p2b: Kyogre|0 fnt
|faint|p2a: Rhydon
|faint|p2b: Kyogre
|
|win|HardFreaQ
