|j|☆lordofthebagels89
|j|☆momentaueita
|t:|1750843836
|gametype|doubles
|player|p1|lordofthebagels89|lucian|1345
|player|p2|momentaueita|flint|1334
|teamsize|p1|6
|teamsize|p2|6
|gen|9
|tier|[Gen 9] VGC 2025 Reg I
|rated|
|rule|Species Clause: Limit one of each Pokémon
|rule|Item Clause: Limit 1 of each item
|clearpoke
|poke|p1|Giratina-Origin, L50|
|poke|p1|Zamazenta-*, L50|
|poke|p1|Incineroar, L50, M|
|poke|p1|Rillaboom, L50, M|
|poke|p1|Urshifu-*, L50, M|
|poke|p1|Grimmsnarl, L50, M|
|poke|p2|Kyogre, L50|
|poke|p2|Tornadus, L50, M|
|poke|p2|Indeedee-F, L50, F|
|poke|p2|Calyrex-Shadow, L50|
|poke|p2|Amoonguss, L50, M|
|poke|p2|Urshifu-*, L50, F|
|teampreview|4
|inactive|Battle timer is ON: inactive players will automatically lose when time's up. (requested by lordofthebagels89)
|
|t:|1750843881
|start
|switch|p1a: Her Majesty|Zamazenta-Crowned, L50, shiny|100/100
|switch|p1b: Krampus|Grimmsnarl, L50, M, shiny|100/100
|switch|p2a: Calyrex|Calyrex-Shadow, L50|100/100
|switch|p2b: Kyogre|Kyogre, L50|100/100
|-ability|p2a: Calyrex|As One
|-ability|p2a: Calyrex|Unnerve
|-weather|RainDance|[from] ability: Drizzle|[of] p2b: Kyogre
|-ability|p1a: Her Majesty|Dauntless Shield|boost
|-boost|p1a: Her Majesty|def|1
|turn|1
|
|t:|1750843899
|-terastallize|p2a: Calyrex|Fighting
|move|p1a: Her Majesty|Wide Guard|p1a: Her Majesty
|-singleturn|p1a: Her Majesty|Wide Guard
|move|p1b: Krampus|Light Screen|p1b: Krampus
|-sidestart|p1: lordofthebagels89|move: Light Screen
|move|p2b: Kyogre|Hydro Pump|p1a: Her Majesty
|-damage|p1a: Her Majesty|55/100
|move|p2a: Calyrex|Tera Blast|p1a: Her Majesty|[anim] Tera Blast Fighting
|-supereffective|p1a: Her Majesty
|-damage|p1a: Her Majesty|0 fnt
|faint|p1a: Her Majesty
|-ability|p2a: Calyrex|Grim Neigh|boost
|-boost|p2a: Calyrex|spa|1
|-damage|p2a: Calyrex|91/100|[from] item: Life Orb
|
|-weather|RainDance|[upkeep]
|upkeep
|
|t:|1750843918
|switch|p1a: Wolfey|Incineroar, L50, M, shiny|100/100
|-ability|p1a: Wolfey|Intimidate|boost
|-unboost|p2a: Calyrex|atk|1
|-unboost|p2b: Kyogre|atk|1
|turn|2
|
|t:|1750843935
|switch|p2b: Indeedee|Indeedee-F, L50, F|100/100
|-fieldstart|move: Psychic Terrain|[from] ability: Psychic Surge|[of] p2b: Indeedee
|-enditem|p2b: Indeedee|Psychic Seed
|-boost|p2b: Indeedee|spd|1|[from] item: Psychic Seed
|-terastallize|p1a: Wolfey|Grass
|move|p1a: Wolfey|Fake Out|p2a: Calyrex
|-activate|p2a: Calyrex|move: Psychic Terrain
|move|p2a: Calyrex|Tera Blast|p1a: Wolfey|[anim] Tera Blast Fighting
|-damage|p1a: Wolfey|40/100
|-damage|p2a: Calyrex|81/100|[from] item: Life Orb
|move|p1b: Krampus|Spirit Break|p2b: Indeedee
|-damage|p2b: Indeedee|67/100
|-unboost|p2b: Indeedee|spa|1
|
|-weather|RainDance|[upkeep]
|upkeep
|turn|3
|
|t:|1750843957
|move|p2b: Indeedee|Follow Me|p2b: Indeedee
|-singleturn|p2b: Indeedee|move: Follow Me
|move|p2a: Calyrex|Astral Barrage|p1b: Krampus|[spread] p1a,p1b
|-resisted|p1b: Krampus
|-damage|p1a: Wolfey|0 fnt
|-damage|p1b: Krampus|65/100
|faint|p1a: Wolfey
|-ability|p2a: Calyrex|Grim Neigh|boost
|-boost|p2a: Calyrex|spa|1
|-damage|p2a: Calyrex|72/100|[from] item: Life Orb
|move|p1b: Krampus|Spirit Break|p2b: Indeedee
|-damage|p2b: Indeedee|29/100
|-unboost|p2b: Indeedee|spa|1
|
|-weather|RainDance|[upkeep]
|upkeep
|
|t:|1750843965
|switch|p1a: Princess|Giratina-Origin, L50, shiny|100/100
|turn|4
|
|t:|1750843977
|move|p2b: Indeedee|Follow Me|p2b: Indeedee
|-singleturn|p2b: Indeedee|move: Follow Me
|move|p2a: Calyrex|Astral Barrage|p1a: Princess|[spread] p1a,p1b
|-supereffective|p1a: Princess
|-resisted|p1b: Krampus
|-damage|p1a: Princess|0 fnt
|-damage|p1b: Krampus|16/100
|faint|p1a: Princess
|-ability|p2a: Calyrex|Grim Neigh|boost
|-boost|p2a: Calyrex|spa|1
|-damage|p2a: Calyrex|62/100|[from] item: Life Orb
|move|p1b: Krampus|Spirit Break|p2b: Indeedee
|-damage|p2b: Indeedee|0 fnt
|faint|p2b: Indeedee
|
|-weather|RainDance|[upkeep]
|upkeep
|
|t:|1750843983
|switch|p2b: Amoonguss|Amoonguss, L50, M|100/100
|turn|5
|-message|lordofthebagels89 forfeited.
|
|win|momentaueita
|raw|lordofthebagels89's rating: 1345 &rarr; <strong>1324</strong><br />(-21 for losing)
|raw|momentaueita's rating: 1334 &rarr; <strong>1355</strong><br />(+21 for winning)
|l|☆lordofthebagels89
|player|p1|
|l|☆momentaueita
|player|p2|
