|j|☆skytreewow
|j|☆GhostRobo08
|t:|1750841820
|gametype|doubles
|player|p1|skytreewow|ethan|1152
|player|p2|GhostRobo08|red|1223
|teamsize|p1|6
|teamsize|p2|6
|gen|9
|tier|[Gen 9] VGC 2025 Reg I
|rated|
|rule|Species Clause: Limit one of each Pokémon
|rule|Item Clause: Limit 1 of each item
|clearpoke
|poke|p1|Koraidon, L50|
|poke|p1|Brute Bonnet, L50|
|poke|p1|Groudon, L50|
|poke|p1|Ursaluna, L50, M|
|poke|p1|Incineroar, L50, M|
|poke|p1|Misdreavus, L50, F|
|poke|p2|Koraidon, L50|
|poke|p2|Calyrex-Shadow, L50|
|poke|p2|Flutter Mane, L50|
|poke|p2|Whimsicott, L50, F|
|poke|p2|Incineroar, L50, M|
|poke|p2|Farigiraf, L50, M|
|teampreview|4
|inactive|Battle timer is ON: inactive players will automatically lose when time's up. (requested by GhostRobo08)
|inactive|skytreewow has 60 seconds left.
|inactive|GhostRobo08 has 60 seconds left.
|
|t:|1750841875
|start
|switch|p1a: Ursaluna|Ursaluna, L50, M|100/100
|switch|p1b: Misdreavus|Misdreavus, L50, F|100/100
|switch|p2a: Incineroar|Incineroar, L50, M|100/100
|switch|p2b: Calyrex|Calyrex-Shadow, L50|100/100
|-ability|p2b: Calyrex|As One
|-ability|p2b: Calyrex|Unnerve
|-ability|p2a: Incineroar|Intimidate|boost
|-unboost|p1a: Ursaluna|atk|1
|-unboost|p1b: Misdreavus|atk|1
|turn|1
|inactive|GhostRobo08 has 30 seconds left.
|
|t:|1750841902
|-terastallize|p1b: Misdreavus|Dark
|move|p1a: Ursaluna|Protect|p1a: Ursaluna
|-singleturn|p1a: Ursaluna|Protect
|move|p2a: Incineroar|Fake Out|p1a: Ursaluna
|-activate|p1a: Ursaluna|move: Protect
|move|p2b: Calyrex|Astral Barrage|p1b: Misdreavus|[spread] p1b
|-activate|p1a: Ursaluna|move: Protect
|-resisted|p1b: Misdreavus
|-damage|p1b: Misdreavus|78/100
|move|p1b: Misdreavus|Trick Room|p1b: Misdreavus
|-fieldstart|move: Trick Room|[of] p1b: Misdreavus
|
|-status|p1a: Ursaluna|brn|[from] item: Flame Orb
|upkeep
|turn|2
|inactive|skytreewow has 30 seconds left.
|
|t:|1750841930
|move|p1a: Ursaluna|Earthquake|p2b: Calyrex|[spread] p2a,p2b
|-immune|p1b: Misdreavus|[from] ability: Levitate
|-supereffective|p2a: Incineroar
|-damage|p2a: Incineroar|35/100
|-damage|p2b: Calyrex|42/100
|move|p1b: Misdreavus|Shadow Ball|p2b: Calyrex
|-supereffective|p2b: Calyrex
|-damage|p2b: Calyrex|0 fnt
|faint|p2b: Calyrex
|move|p2a: Incineroar|Flare Blitz|p1a: Ursaluna
|-damage|p1a: Ursaluna|68/100 brn
|-damage|p2a: Incineroar|22/100|[from] Recoil
|
|-damage|p1a: Ursaluna|62/100 brn|[from] brn
|upkeep
|inactive|GhostRobo08 has 30 seconds left.
|
|t:|1750841955
|switch|p2b: Whimsicott|Whimsicott, L50, F|100/100
|turn|3
|
|t:|1750841972
|switch|p2a: Koraidon|Koraidon, L50|100/100
|-weather|SunnyDay|[from] ability: Orichalcum Pulse|[of] p2a: Koraidon
|-activate|p2a: Koraidon|Orichalcum Pulse|[source]
|move|p2b: Whimsicott|Encore|p1b: Misdreavus
|-hint|Since gen 7, Dark is immune to Prankster moves.
|-immune|p1b: Misdreavus
|move|p1a: Ursaluna|Earthquake|p2b: Whimsicott|[spread] p2a,p2b
|-immune|p1b: Misdreavus|[from] ability: Levitate
|-resisted|p2b: Whimsicott
|-damage|p2a: Koraidon|56/100
|-damage|p2b: Whimsicott|73/100
|move|p1b: Misdreavus|Shadow Ball|p2b: Whimsicott
|-damage|p2b: Whimsicott|42/100
|
|-weather|SunnyDay|[upkeep]
|-damage|p1a: Ursaluna|56/100 brn|[from] brn
|upkeep
|turn|4
|
|t:|1750841990
|switch|p2b: Incineroar|Incineroar, L50, M|22/100
|-ability|p2b: Incineroar|Intimidate|boost
|-unboost|p1a: Ursaluna|atk|1
|-unboost|p1b: Misdreavus|atk|1
|move|p1b: Misdreavus|Helping Hand|p1a: Ursaluna
|-singleturn|p1a: Ursaluna|Helping Hand|[of] p1b: Misdreavus
|move|p2a: Koraidon|Protect|p2a: Koraidon
|-singleturn|p2a: Koraidon|Protect
|move|p1a: Ursaluna|Earthquake|p2a: Koraidon|[spread] p2b
|-activate|p2a: Koraidon|move: Protect
|-immune|p1b: Misdreavus|[from] ability: Levitate
|-supereffective|p2b: Incineroar
|-damage|p2b: Incineroar|0 fnt
|faint|p2b: Incineroar
|
|-weather|SunnyDay|[upkeep]
|-damage|p1a: Ursaluna|50/100 brn|[from] brn
|upkeep
|
|t:|1750841995
|switch|p2b: Whimsicott|Whimsicott, L50, F|42/100
|turn|5
|inactive|skytreewow has 30 seconds left.
|inactive|GhostRobo08 has 30 seconds left.
|
|t:|1750842033
|move|p1a: Ursaluna|Fire Punch|p2b: Whimsicott
|-supereffective|p2b: Whimsicott
|-damage|p2b: Whimsicott|0 fnt
|faint|p2b: Whimsicott
|move|p1b: Misdreavus|Shadow Ball|p2a: Koraidon
|-damage|p2a: Koraidon|33/100
|move|p2a: Koraidon|Close Combat|p1a: Ursaluna
|-supereffective|p1a: Ursaluna
|-damage|p1a: Ursaluna|0 fnt
|-unboost|p2a: Koraidon|def|1
|-unboost|p2a: Koraidon|spd|1
|faint|p1a: Ursaluna
|-damage|p2a: Koraidon|23/100|[from] item: Life Orb
|
|-weather|SunnyDay|[upkeep]
|-fieldend|move: Trick Room
|upkeep
|-message|GhostRobo08 forfeited.
|
|win|skytreewow
|raw|skytreewow's rating: 1152 &rarr; <strong>1182</strong><br />(+30 for winning)
|raw|GhostRobo08's rating: 1223 &rarr; <strong>1193</strong><br />(-30 for losing)
|l|☆GhostRobo08
|player|p2|
|l|☆skytreewow
|player|p1|
