|j|☆ItsZachStone
|j|☆ittsaTRAP
|t:|1750806851
|gametype|doubles
|player|p1|ItsZachStone|flannery|1366
|player|p2|ittsaTRAP|101|1367
|teamsize|p1|6
|teamsize|p2|6
|gen|9
|tier|[Gen 9] VGC 2025 Reg I
|rated|
|rule|Species Clause: Limit one of each Pokémon
|rule|Item Clause: Limit 1 of each item
|clearpoke
|poke|p1|Toxicroak, L50, M|
|poke|p1|Calyrex-Ice, L50|
|poke|p1|Rillaboom, L50, M|
|poke|p1|Landorus-Therian, L50, M|
|poke|p1|Kyogre, L50|
|poke|p1|Amoonguss, L50, F|
|poke|p2|Torkoal, L50, M|
|poke|p2|Calyrex-Ice, L50|
|poke|p2|Jumpluff, L50, M|
|poke|p2|Necrozma-Dawn-Wings, L50|
|poke|p2|Indeedee-F, L50, F|
|poke|p2|Iron Hands, L50|
|teampreview|4
|inactive|Battle timer is ON: inactive players will automatically lose when time's up. (requested by ItsZachStone)
|inactive|ItsZachStone has 60 seconds left.
|
|t:|1750806902
|start
|switch|p1a: Landorus|Landorus-Therian, L50, M|100/100
|switch|p1b: Calyrex|Calyrex-Ice, L50|100/100
|switch|p2a: Jumpluff|Jumpluff, L50, M|100/100
|switch|p2b: Calyrex|Calyrex-Ice, L50|100/100
|-ability|p1b: Calyrex|As One
|-ability|p1b: Calyrex|Unnerve
|-ability|p2b: Calyrex|As One
|-ability|p2b: Calyrex|Unnerve
|-ability|p1a: Landorus|Intimidate|boost
|-unboost|p2a: Jumpluff|atk|1
|-fail|p2b: Calyrex|unboost|[from] item: Clear Amulet|[of] p2b: Calyrex
|turn|1
|inactive|ittsaTRAP has 30 seconds left.
|
|t:|1750806934
|-terastallize|p2b: Calyrex|Water
|move|p1a: Landorus|Rock Slide|p2b: Calyrex|[spread] p2a,p2b
|-supereffective|p2a: Jumpluff
|-damage|p2a: Jumpluff|43/100
|-damage|p2b: Calyrex|88/100
|move|p2a: Jumpluff|Sleep Powder|p1b: Calyrex
|-status|p1b: Calyrex|slp|[from] move: Sleep Powder
|cant|p1b: Calyrex|slp
|move|p2b: Calyrex|Trick Room|p2b: Calyrex
|-fieldstart|move: Trick Room|[of] p2b: Calyrex
|
|upkeep
|turn|2
|
|t:|1750806957
|switch|p1a: Kyogre|Kyogre, L50|100/100
|-weather|RainDance|[from] ability: Drizzle|[of] p1a: Kyogre
|move|p2b: Calyrex|Glacial Lance|p1a: Kyogre|[spread] p1a,p1b
|-resisted|p1a: Kyogre
|-resisted|p1b: Calyrex
|-damage|p1a: Kyogre|72/100
|-damage|p1b: Calyrex|85/100 slp
|-curestatus|p1b: Calyrex|slp|[msg]
|move|p1b: Calyrex|Glacial Lance|p2b: Calyrex|[spread] p2a,p2b
|-supereffective|p2a: Jumpluff
|-resisted|p2b: Calyrex
|-damage|p2a: Jumpluff|0 fnt
|-damage|p2b: Calyrex|73/100
|faint|p2a: Jumpluff
|-ability|p1b: Calyrex|Chilling Neigh|boost
|-boost|p1b: Calyrex|atk|1
|
|-weather|RainDance|[upkeep]
|-heal|p1b: Calyrex|90/100|[from] item: Leftovers
|upkeep
|
|t:|1750806976
|switch|p2a: Iron Hands|Iron Hands, L50|100/100
|turn|3
|inactive|ItsZachStone has 30 seconds left.
|
|t:|1750807001
|move|p1b: Calyrex|Protect|p1b: Calyrex
|-singleturn|p1b: Calyrex|Protect
|move|p1a: Kyogre|Protect|p1a: Kyogre
|-singleturn|p1a: Kyogre|Protect
|move|p2b: Calyrex|Glacial Lance|p1a: Kyogre|[spread] 
|-activate|p1a: Kyogre|move: Protect
|-activate|p1b: Calyrex|move: Protect
|move|p2a: Iron Hands|Wild Charge|p1a: Kyogre
|-activate|p1a: Kyogre|move: Protect
|
|-weather|RainDance|[upkeep]
|-heal|p1b: Calyrex|96/100|[from] item: Leftovers
|upkeep
|turn|4
|
|t:|1750807018
|switch|p1a: Rillaboom|Rillaboom, L50, M|100/100
|-fieldstart|move: Grassy Terrain|[from] ability: Grassy Surge|[of] p1a: Rillaboom
|move|p2b: Calyrex|Glacial Lance|p1b: Calyrex|[spread] p1a,p1b
|-supereffective|p1a: Rillaboom
|-resisted|p1b: Calyrex
|-damage|p1a: Rillaboom|0 fnt
|-damage|p1b: Calyrex|80/100
|faint|p1a: Rillaboom
|-ability|p2b: Calyrex|Chilling Neigh|boost
|-boost|p2b: Calyrex|atk|1
|move|p2a: Iron Hands|Wild Charge|p1b: Calyrex
|-damage|p1b: Calyrex|52/100
|-damage|p2a: Iron Hands|95/100|[from] Recoil
|move|p1b: Calyrex|Leech Seed|p2b: Calyrex
|-start|p2b: Calyrex|move: Leech Seed
|
|-weather|RainDance|[upkeep]
|-heal|p2b: Calyrex|79/100|[from] Grassy Terrain
|-heal|p2a: Iron Hands|100/100|[from] Grassy Terrain
|-heal|p1b: Calyrex|58/100|[from] Grassy Terrain
|-heal|p1b: Calyrex|64/100|[from] item: Leftovers
|-damage|p2b: Calyrex|67/100|[from] Leech Seed|[of] p1b: Calyrex
|-heal|p1b: Calyrex|76/100|[silent]
|upkeep
|
|t:|1750807035
|switch|p1a: Kyogre|Kyogre, L50|72/100
|turn|5
|inactive|ittsaTRAP has 30 seconds left.
|
|t:|1750807070
|move|p1a: Kyogre|Protect|p1a: Kyogre
|-singleturn|p1a: Kyogre|Protect
|move|p2b: Calyrex|Glacial Lance|p1a: Kyogre|[spread] p1b
|-activate|p1a: Kyogre|move: Protect
|-resisted|p1b: Calyrex
|-damage|p1b: Calyrex|55/100
|move|p2a: Iron Hands|Wild Charge|p1a: Kyogre
|-activate|p1a: Kyogre|move: Protect
|move|p1b: Calyrex|Leech Seed|p2a: Iron Hands
|-start|p2a: Iron Hands|move: Leech Seed
|
|-weather|RainDance|[upkeep]
|-heal|p2b: Calyrex|73/100|[from] Grassy Terrain
|-heal|p1b: Calyrex|60/100|[from] Grassy Terrain
|-heal|p1b: Calyrex|66/100|[from] item: Leftovers
|-heal|p1a: Kyogre|78/100|[from] Grassy Terrain
|-damage|p2b: Calyrex|61/100|[from] Leech Seed|[of] p1b: Calyrex
|-heal|p1b: Calyrex|78/100|[silent]
|-damage|p2a: Iron Hands|88/100|[from] Leech Seed|[of] p1b: Calyrex
|-heal|p1b: Calyrex|92/100|[silent]
|-fieldend|move: Trick Room
|upkeep
|turn|6
|
|t:|1750807093
|move|p1a: Kyogre|Water Spout|p2a: Iron Hands|[spread] p2a,p2b
|-resisted|p2b: Calyrex
|-damage|p2a: Iron Hands|44/100
|-damage|p2b: Calyrex|29/100
|move|p1b: Calyrex|Glacial Lance|p2a: Iron Hands|[spread] p2a,p2b
|-resisted|p2b: Calyrex
|-damage|p2a: Iron Hands|0 fnt
|-damage|p2b: Calyrex|5/100
|faint|p2a: Iron Hands
|-end|p2a: Iron Hands|Quark Drive|[silent]
|-ability|p1b: Calyrex|Chilling Neigh|boost
|-boost|p1b: Calyrex|atk|1
|move|p2b: Calyrex|Trick Room|p2b: Calyrex
|-fieldstart|move: Trick Room|[of] p2b: Calyrex
|
|-weather|none
|-heal|p2b: Calyrex|11/100|[from] Grassy Terrain
|-heal|p1b: Calyrex|98/100|[from] Grassy Terrain
|-heal|p1b: Calyrex|100/100|[from] item: Leftovers
|-heal|p1a: Kyogre|84/100|[from] Grassy Terrain
|-damage|p2b: Calyrex|0 fnt|[from] Leech Seed|[of] p1b: Calyrex
|faint|p2b: Calyrex
|upkeep
|-message|ittsaTRAP forfeited.
|
|win|ItsZachStone
|raw|ItsZachStone's rating: 1366 &rarr; <strong>1386</strong><br />(+20 for winning)
|raw|ittsaTRAP's rating: 1367 &rarr; <strong>1347</strong><br />(-20 for losing)
|l|☆ittsaTRAP
|player|p2|
