|j|☆USVGC SSLT Neru
|j|☆kutaka kfc
|t:|1750830067
|gametype|doubles
|player|p1|USVGC SSLT Neru|hilbert|1259
|player|p2|kutaka kfc|lady-gen4|1343
|teamsize|p1|6
|teamsize|p2|6
|gen|9
|tier|[Gen 9] VGC 2025 Reg I
|rated|
|rule|Species Clause: Limit one of each Pokémon
|rule|Item Clause: Limit 1 of each item
|clearpoke
|poke|p1|Grimmsnarl, L50, M|
|poke|p1|Calyrex-Shadow, L50|
|poke|p1|Weezing-Galar, L50, F|
|poke|p1|Flutter Mane, L50|
|poke|p1|Indeedee-F, L50, F|
|poke|p1|Kyurem-Black, L50|
|poke|p2|Eternatus, L50|
|poke|p2|Calyrex-Shadow, L50|
|poke|p2|Bronzong, L50|
|poke|p2|Urshifu-*, L50, M|
|poke|p2|Roaring Moon, L50|
|poke|p2|Clefairy, L50, M|
|teampreview|4
|
|t:|1750830095
|start
|switch|p1a: Kyurem|Kyurem-Black, L50|100/100
|switch|p1b: Weezing|Weezing-Galar, L50, F|100/100
|switch|p2a: Roaring Moon|Roaring Moon, L50|100/100
|switch|p2b: Eternatus|Eternatus, L50|100/100
|-ability|p1b: Weezing|Neutralizing Gas
|turn|1
|
|t:|1750830123
|-terastallize|p1a: Kyurem|Poison
|move|p2b: Eternatus|Sludge Bomb|p1b: Weezing
|-damage|p1b: Weezing|28/100
|move|p2a: Roaring Moon|Knock Off|p1a: Kyurem
|-damage|p1a: Kyurem|53/100
|-enditem|p1a: Kyurem|Clear Amulet|[from] move: Knock Off|[of] p2a: Roaring Moon
|move|p1a: Kyurem|Dragon Dance|p1a: Kyurem
|-boost|p1a: Kyurem|atk|1
|-boost|p1a: Kyurem|spe|1
|move|p1b: Weezing|Taunt|p2b: Eternatus
|-start|p2b: Eternatus|move: Taunt
|
|upkeep
|turn|2
|
|t:|1750830144
|move|p1b: Weezing|Protect|p1b: Weezing
|-singleturn|p1b: Weezing|Protect
|move|p2b: Eternatus|Sludge Bomb|p1b: Weezing
|-activate|p1b: Weezing|move: Protect
|move|p1a: Kyurem|Icicle Spear|p2a: Roaring Moon
|-supereffective|p2a: Roaring Moon
|-damage|p2a: Roaring Moon|44/100
|-supereffective|p2a: Roaring Moon
|-damage|p2a: Roaring Moon|0 fnt
|faint|p2a: Roaring Moon
|-end|p2a: Roaring Moon|Protosynthesis|[silent]
|-hitcount|p2: Roaring Moon|2
|
|upkeep
|
|t:|1750830157
|switch|p2a: Clefairy|Clefairy, L50, M|100/100
|turn|3
|
|t:|1750830166
|move|p2a: Clefairy|Follow Me|p2a: Clefairy
|-singleturn|p2a: Clefairy|move: Follow Me
|move|p2b: Eternatus|Sludge Bomb|p1b: Weezing
|-damage|p1b: Weezing|0 fnt
|faint|p1b: Weezing
|-end|p1b: Weezing|ability: Neutralizing Gas
|-ability|p2b: Eternatus|Pressure
|-ability|p1a: Kyurem|Teravolt
|move|p1a: Kyurem|Fusion Bolt|p2a: Clefairy
|-damage|p2a: Clefairy|49/100
|
|upkeep
|
|t:|1750830175
|switch|p1b: Flutter Mane|Flutter Mane, L50|100/100
|-enditem|p1b: Flutter Mane|Booster Energy
|-activate|p1b: Flutter Mane|ability: Protosynthesis|[fromitem]
|-start|p1b: Flutter Mane|protosynthesisspe
|turn|4
|inactive|Battle timer is ON: inactive players will automatically lose when time's up. (requested by USVGC SSLT Neru)
|
|t:|1750830188
|move|p1a: Kyurem|Protect|p1a: Kyurem
|-singleturn|p1a: Kyurem|Protect
|move|p2a: Clefairy|Follow Me|p2a: Clefairy
|-singleturn|p2a: Clefairy|move: Follow Me
|move|p1b: Flutter Mane|Taunt|p2a: Clefairy
|-start|p2a: Clefairy|move: Taunt
|move|p2b: Eternatus|Sludge Bomb|p1b: Flutter Mane
|-damage|p1b: Flutter Mane|39/100
|
|-end|p2b: Eternatus|move: Taunt
|upkeep
|turn|5
|
|t:|1750830203
|move|p1b: Flutter Mane|Dazzling Gleam|p2a: Clefairy|[spread] p2a,p2b
|-damage|p2a: Clefairy|23/100
|-damage|p2b: Eternatus|82/100
|move|p2b: Eternatus|Sludge Bomb|p1a: Kyurem
|-resisted|p1a: Kyurem
|-damage|p1a: Kyurem|26/100
|move|p1a: Kyurem|Icicle Spear|p2b: Eternatus
|-supereffective|p2b: Eternatus
|-damage|p2b: Eternatus|45/100
|-supereffective|p2b: Eternatus
|-damage|p2b: Eternatus|8/100
|-hitcount|p2b: Eternatus|2
|-activate|p2a: Clefairy|move: Struggle
|move|p2a: Clefairy|Struggle|p1a: Kyurem
|-damage|p1a: Kyurem|21/100
|-damage|p2a: Clefairy|0 fnt|[from] recoil
|faint|p2a: Clefairy
|
|upkeep
|
|t:|1750830210
|switch|p2a: Calyrex|Calyrex-Shadow, L50|100/100
|-ability|p2a: Calyrex|As One
|-ability|p2a: Calyrex|Unnerve
|turn|6
|
|t:|1750830222
|move|p1b: Flutter Mane|Dazzling Gleam|p2b: Eternatus|[spread] p2a,p2b
|-damage|p2a: Calyrex|72/100
|-damage|p2b: Eternatus|0 fnt
|faint|p2b: Eternatus
|move|p1a: Kyurem|Fusion Bolt|p2a: Calyrex
|-damage|p2a: Calyrex|0 fnt
|faint|p2a: Calyrex
|
|win|USVGC SSLT Neru
|raw|USVGC SSLT Neru's rating: 1259 &rarr; <strong>1290</strong><br />(+31 for winning)
|raw|kutaka kfc's rating: 1343 &rarr; <strong>1318</strong><br />(-25 for losing)
|l|☆USVGC SSLT Neru
|player|p1|
|l|☆kutaka kfc
|player|p2|
