|j|☆juacox300
|j|☆dthk1216
|t:|1750878851
|gametype|doubles
|player|p1|juacox300|unknown|1728
|player|p2|dthk1216|dawn|1687
|teamsize|p1|6
|teamsize|p2|6
|gen|9
|tier|[Gen 9] VGC 2025 Reg I
|rated|
|rule|Species Clause: Limit one of each Pokémon
|rule|Item Clause: Limit 1 of each item
|clearpoke
|poke|p1|Miraidon, L50|
|poke|p1|Iron Hands, L50|
|poke|p1|Calyrex-Ice, L50|
|poke|p1|Incineroar, L50, M|
|poke|p1|Chi-Yu, L50|
|poke|p1|Alcremie-Salted-Cream, L50, F|
|poke|p2|Calyrex-Ice, L50|
|poke|p2|Kyogre, L50|
|poke|p2|Urshifu-*, L50, F|
|poke|p2|Rillaboom, L50, F|
|poke|p2|Grimmsnarl, L50, M|
|poke|p2|Amoonguss, L50, F|
|teampreview|4
|
|t:|1750878892
|start
|switch|p1a: Calyrex|Calyrex-Ice, L50|100/100
|switch|p1b: Miraidon|Miraidon, L50|100/100
|switch|p2a: Grimmsnarl|Grimmsnarl, L50, M|100/100
|switch|p2b: Calyrex|Calyrex-Ice, L50|100/100
|-ability|p2b: Calyrex|As One
|-ability|p2b: Calyrex|Unnerve
|-ability|p1a: Calyrex|As One
|-ability|p1a: Calyrex|Unnerve
|-fieldstart|move: Electric Terrain|[from] ability: Hadron Engine|[of] p1b: Miraidon
|turn|1
|inactive|Battle timer is ON: inactive players will automatically lose when time's up. (requested by dthk1216)
|
|t:|1750878918
|-terastallize|p1b: Miraidon|Fairy
|move|p2a: Grimmsnarl|Light Screen|p2a: Grimmsnarl
|-sidestart|p2: dthk1216|move: Light Screen
|move|p1b: Miraidon|Dazzling Gleam|p2a: Grimmsnarl|[spread] p2a,p2b
|-supereffective|p2a: Grimmsnarl
|-damage|p2a: Grimmsnarl|36/100
|-damage|p2b: Calyrex|78/100
|-damage|p1b: Miraidon|91/100|[from] item: Life Orb
|move|p2b: Calyrex|Leech Seed|p1a: Calyrex
|-start|p1a: Calyrex|move: Leech Seed
|move|p1a: Calyrex|Glacial Lance|p2a: Grimmsnarl|[spread] p2a,p2b
|-resisted|p2b: Calyrex
|-damage|p2a: Grimmsnarl|0 fnt
|-damage|p2b: Calyrex|59/100
|faint|p2a: Grimmsnarl
|-ability|p1a: Calyrex|Chilling Neigh|boost
|-boost|p1a: Calyrex|atk|1
|
|-heal|p2b: Calyrex|65/100|[from] item: Leftovers
|-damage|p1a: Calyrex|88/100|[from] Leech Seed|[of] p2b: Calyrex
|-heal|p2b: Calyrex|77/100|[silent]
|upkeep
|
|t:|1750878936
|switch|p2a: Urshifu|Urshifu-Rapid-Strike, L50, F|100/100
|turn|2
|
|t:|1750878948
|switch|p2b: Kyogre|Kyogre, L50|100/100
|-weather|RainDance|[from] ability: Drizzle|[of] p2b: Kyogre
|-terastallize|p2a: Urshifu|Water
|move|p2a: Urshifu|Surging Strikes|p1b: Miraidon
|-crit|p1b: Miraidon
|-damage|p1b: Miraidon|43/100
|-crit|p1b: Miraidon
|-damage|p1b: Miraidon|0 fnt
|faint|p1b: Miraidon
|-hitcount|p1: Miraidon|2
|move|p1a: Calyrex|Glacial Lance|p2a: Urshifu|[spread] p2a,p2b
|-resisted|p2a: Urshifu
|-resisted|p2b: Kyogre
|-damage|p2a: Urshifu|53/100
|-damage|p2b: Kyogre|61/100
|
|-weather|RainDance|[upkeep]
|-damage|p1a: Calyrex|76/100|[from] Leech Seed|[of] p2b: Kyogre
|-heal|p2b: Kyogre|73/100|[silent]
|upkeep
|
|t:|1750878955
|switch|p1b: FerroNalgada|Iron Hands, L50|100/100
|-activate|p1b: FerroNalgada|ability: Quark Drive
|-start|p1b: FerroNalgada|quarkdriveatk
|turn|3
|j| elwafle
|
|t:|1750878970
|move|p1b: FerroNalgada|Fake Out|p2a: Urshifu
|-damage|p2a: Urshifu|32/100
|cant|p2a: Urshifu|flinch
|move|p2b: Kyogre|Water Spout|p1b: FerroNalgada|[spread] p1a,p1b
|-damage|p1a: Calyrex|7/100
|-damage|p1b: FerroNalgada|35/100
|move|p1a: Calyrex|Trick Room|p1a: Calyrex
|-fieldstart|move: Trick Room|[of] p1a: Calyrex
|
|-weather|RainDance|[upkeep]
|-damage|p1a: Calyrex|0 fnt|[from] Leech Seed|[of] p2b: Kyogre
|-heal|p2b: Kyogre|80/100|[silent]
|faint|p1a: Calyrex
|upkeep
|
|t:|1750878974
|switch|p1a: Helena|Alcremie-Salted-Cream, L50, F|100/100
|turn|4
|
|t:|1750878986
|move|p1b: FerroNalgada|Wild Charge|p2b: Kyogre
|-supereffective|p2b: Kyogre
|-damage|p2b: Kyogre|0 fnt
|faint|p2b: Kyogre
|-damage|p1b: FerroNalgada|19/100|[from] Recoil
|move|p1a: Helena|Alluring Voice|p2a: Urshifu
|-damage|p2a: Urshifu|0 fnt
|faint|p2a: Urshifu
|
|-weather|RainDance|[upkeep]
|upkeep
|
|t:|1750878996
|switch|p2a: Calyrex|Calyrex-Ice, L50|77/100
|-ability|p2a: Calyrex|As One
|-ability|p2a: Calyrex|Unnerve
|turn|5
|
|t:|1750879009
|move|p2a: Calyrex|Glacial Lance|p1a: Helena|[spread] p1a,p1b
|-damage|p1a: Helena|45/100
|-damage|p1b: FerroNalgada|0 fnt
|faint|p1b: FerroNalgada
|-end|p1b: FerroNalgada|Quark Drive|[silent]
|-ability|p2a: Calyrex|Chilling Neigh|boost
|-boost|p2a: Calyrex|atk|1
|move|p1a: Helena|Alluring Voice|p2a: Calyrex
|-damage|p2a: Calyrex|64/100
|-start|p2a: Calyrex|confusion
|
|-weather|RainDance|[upkeep]
|-heal|p2a: Calyrex|70/100|[from] item: Leftovers
|-fieldend|move: Electric Terrain
|upkeep
|turn|6
|-message|juacox300 forfeited.
|
|win|dthk1216
|raw|juacox300's rating: 1728 &rarr; <strong>1706</strong><br />(-22 for losing)
|raw|dthk1216's rating: 1687 &rarr; <strong>1709</strong><br />(+22 for winning)
|l|☆juacox300
|player|p1|
|l|☆dthk1216
|player|p2|
|l| elwafle
