|j|☆xixuambam
|j|☆gsbossmonster
|t:|1750826281
|gametype|doubles
|player|p1|xixuambam|gambler|1320
|player|p2|gsbossmonster|biker-gen4|1343
|teamsize|p1|6
|teamsize|p2|6
|gen|9
|tier|[Gen 9] VGC 2025 Reg I
|rated|
|rule|Species Clause: Limit one of each Pokémon
|rule|Item Clause: Limit 1 of each item
|clearpoke
|poke|p1|Miraidon, L50|
|poke|p1|Iron Bundle, L50|
|poke|p1|Zamazenta-*, L50|
|poke|p1|Landorus, L50, M|
|poke|p1|Farigiraf, L50, F|
|poke|p1|Incineroar, L50, M|
|poke|p2|Calyrex-Ice, L50|
|poke|p2|Indeedee-F, L50, F|
|poke|p2|Ursaluna, L50, F|
|poke|p2|Smeargle, L50, M|
|poke|p2|Hydrapple, L50, M|
|poke|p2|Lunala, L50|
|teampreview|4
|inactive|Battle timer is ON: inactive players will automatically lose when time's up. (requested by xixuambam)
gsbossmonster has agreed to open team sheets.
|inactive|xixuambam has 60 seconds left.
|
|t:|1750826312
|start
|switch|p1a: Farigiraf|Farigiraf, L50, F, shiny|100/100
|switch|p1b: Incineroar|Incineroar, L50, M|100/100
|switch|p2a: Calyrex|Calyrex-Ice, L50|100/100
|switch|p2b: Smeargle|Smeargle, L50, M|100/100
|-ability|p2a: Calyrex|As One
|-ability|p2a: Calyrex|Unnerve
|-ability|p1b: Incineroar|Intimidate|boost
|-fail|p2a: Calyrex|unboost|[from] item: Clear Amulet|[of] p2a: Calyrex
|-unboost|p2b: Smeargle|atk|1
|turn|1
|c|☆xixuambam|glhf
|c|☆gsbossmonster|Same to youni suppose
|inactive|xixuambam has 30 seconds left.
|
|t:|1750826341
|move|p2b: Smeargle|Spore|p1a: Farigiraf
|-status|p1a: Farigiraf|slp|[from] move: Spore
|move|p1b: Incineroar|Knock Off|p2a: Calyrex
|-supereffective|p2a: Calyrex
|-damage|p2a: Calyrex|59/100
|-enditem|p2a: Calyrex|Clear Amulet|[from] move: Knock Off|[of] p1b: Incineroar
|cant|p1a: Farigiraf|slp
|move|p2a: Calyrex|High Horsepower|p1b: Incineroar
|-supereffective|p1b: Incineroar
|-damage|p1b: Incineroar|39/100
|
|-ability|p2b: Smeargle|Moody|boost
|-boost|p2b: Smeargle|atk|2
|-unboost|p2b: Smeargle|spd|1
|upkeep
|turn|2
|c|☆xixuambam|I suppose?
|c|☆gsbossmonster|Sorry im not being rude i just tried to be dapper
|c|☆gsbossmonster|Mb
|inactive|gsbossmonster has 30 seconds left.
|
|t:|1750826371
|move|p2b: Smeargle|Decorate|p1b: Incineroar
|-boost|p1b: Incineroar|atk|2
|-boost|p1b: Incineroar|spa|2
|move|p1b: Incineroar|Parting Shot|p2a: Calyrex
|-unboost|p2a: Calyrex|atk|1
|-unboost|p2a: Calyrex|spa|1
|c|☆gsbossmonster|Omg
|
|t:|1750826378
|switch|p1b: Miraidon|Miraidon, L50|100/100|[from] Parting Shot
|-fieldstart|move: Electric Terrain|[from] ability: Hadron Engine|[of] p1b: Miraidon
|cant|p1a: Farigiraf|slp
|move|p2a: Calyrex|Trick Room|p2a: Calyrex
|-fieldstart|move: Trick Room|[of] p2a: Calyrex
|
|-ability|p2b: Smeargle|Moody|boost
|-boost|p2b: Smeargle|spa|2
|-unboost|p2b: Smeargle|spd|1
|upkeep
|turn|3
|c|☆gsbossmonster|I just
|c|☆xixuambam|wrong mon?
|c|☆gsbossmonster|Yeah
|
|t:|1750826397
|switch|p1b: Incineroar|Incineroar, L50, M|39/100
|-ability|p1b: Incineroar|Intimidate|boost
|-unboost|p2a: Calyrex|atk|1
|-unboost|p2b: Smeargle|atk|1
|move|p2a: Calyrex|Protect|p2a: Calyrex
|-singleturn|p2a: Calyrex|Protect
|cant|p1a: Farigiraf|slp
|move|p2b: Smeargle|Spore|p2a: Calyrex
|-activate|p2a: Calyrex|move: Protect
|
|-ability|p2b: Smeargle|Moody|boost
|-boost|p2b: Smeargle|spd|2
|-unboost|p2b: Smeargle|spe|1
|upkeep
|turn|4
|c|☆gsbossmonster|I JUST
|c|☆gsbossmonster|Did it again!
|c|☆xixuambam|dude what?
|inactive|xixuambam has 30 seconds left.
|c|☆xixuambam|also electric terrain
|c|☆gsbossmonster|I used spore on my own calyrex
|inactive|xixuambam has 20 seconds left.
|
|t:|1750826433
|move|p2a: Calyrex|High Horsepower|p1b: Incineroar
|-supereffective|p1b: Incineroar
|-damage|p1b: Incineroar|6/100
|-curestatus|p1a: Farigiraf|slp|[msg]
|move|p1a: Farigiraf|Dazzling Gleam|p2b: Smeargle|[spread] p2a,p2b
|-damage|p2a: Calyrex|45/100
|-damage|p2b: Smeargle|60/100
|move|p1b: Incineroar|Flare Blitz|p2a: Calyrex
|-supereffective|p2a: Calyrex
|-damage|p2a: Calyrex|0 fnt
|faint|p2a: Calyrex
|-damage|p1b: Incineroar|0 fnt|[from] Recoil
|faint|p1b: Incineroar
|move|p2b: Smeargle|Decorate|p2: Calyrex|[notarget]
|-fail|p2b: Smeargle
|
|-ability|p2b: Smeargle|Moody|boost
|-boost|p2b: Smeargle|atk|2
|-unboost|p2b: Smeargle|spa|1
|upkeep
|
|t:|1750826452
|switch|p2a: Lunala|Lunala, L50|100/100
|switch|p1b: Zamazenta|Zamazenta-Crowned, L50, shiny|100/100
|-ability|p1b: Zamazenta|Dauntless Shield|boost
|-boost|p1b: Zamazenta|def|1
|turn|5
|
|t:|1750826467
|move|p1a: Farigiraf|Shadow Ball|p2a: Lunala
|-supereffective|p2a: Lunala
|-damage|p2a: Lunala|63/100
|-unboost|p2a: Lunala|spd|1
|move|p2a: Lunala|Meteor Beam||[still]
|-prepare|p2a: Lunala|Meteor Beam
|-boost|p2a: Lunala|spa|1
|-enditem|p2a: Lunala|Power Herb
|-anim|p2a: Lunala|Meteor Beam|p1a: Farigiraf
|-crit|p1a: Farigiraf
|-damage|p1a: Farigiraf|0 fnt
|faint|p1a: Farigiraf
|move|p2b: Smeargle|Decorate|p2a: Lunala
|-boost|p2a: Lunala|atk|2
|-boost|p2a: Lunala|spa|2
|move|p1b: Zamazenta|Body Press|p2b: Smeargle
|-supereffective|p2b: Smeargle
|-damage|p2b: Smeargle|0 fnt
|faint|p2b: Smeargle
|
|upkeep
|c|☆xixuambam|spore does not work on electric terrain
|
|t:|1750826490
|switch|p1a: Miraidon|Miraidon, L50|100/100
|switch|p2b: Ursaluna|Ursaluna, L50, F|100/100
|-activate|p1a: Miraidon|ability: Hadron Engine
|turn|6
|c|☆gsbossmonster|Ik
|c|☆gsbossmonster|I ment to use decorate
|inactive|xixuambam has 30 seconds left.
|inactive|gsbossmonster has 30 seconds left.
|
|t:|1750826517
|-terastallize|p2b: Ursaluna|Ghost
|-terastallize|p1b: Zamazenta|Dragon
|move|p2b: Ursaluna|Headlong Rush|p1a: Miraidon
|-supereffective|p1a: Miraidon
|-damage|p1a: Miraidon|0 fnt
|-unboost|p2b: Ursaluna|def|1
|-unboost|p2b: Ursaluna|spd|1
|faint|p1a: Miraidon
|move|p2a: Lunala|Moongeist Beam|p1b: Zamazenta
|-damage|p1b: Zamazenta|8/100
|move|p1b: Zamazenta|Crunch|p2a: Lunala
|-supereffective|p2a: Lunala
|-damage|p2a: Lunala|0 fnt
|faint|p2a: Lunala
|
|-fieldend|move: Trick Room
|-fieldend|move: Electric Terrain
|-status|p2b: Ursaluna|brn|[from] item: Flame Orb
|upkeep
|turn|7
|c|☆gsbossmonster|Wow
|c|☆gsbossmonster|Ok
|c|☆gsbossmonster|Was not expecting crunch
|inactive|xixuambam has 30 seconds left.
|inactive|gsbossmonster has 30 seconds left.
|c|☆xixuambam|yeah
|c|☆xixuambam|it works wonders
|inactive|xixuambam has 20 seconds left.
|
|t:|1750826555
|move|p1b: Zamazenta|Crunch|p2b: Ursaluna
|-supereffective|p2b: Ursaluna
|-damage|p2b: Ursaluna|52/100 brn
|move|p2b: Ursaluna|Facade|p1b: Zamazenta
|-damage|p1b: Zamazenta|0 fnt
|faint|p1b: Zamazenta
|
|win|gsbossmonster
|raw|xixuambam's rating: 1320 &rarr; <strong>1301</strong><br />(-19 for losing)
|raw|gsbossmonster's rating: 1343 &rarr; <strong>1362</strong><br />(+19 for winning)
|c|☆xixuambam|gg
|c|☆gsbossmonster|Ggs
|l|☆gsbossmonster
|player|p2|
|l|☆xixuambam
|player|p1|
