|j|☆Lei43
|j|☆InekoAki
|t:|1750837306
|gametype|doubles
|player|p1|Lei43|unknown|1589
|player|p2|InekoAki|lady|1668
|teamsize|p1|6
|teamsize|p2|6
|gen|9
|tier|[Gen 9] VGC 2025 Reg I
|rated|
|rule|Species Clause: Limit one of each Pokémon
|rule|Item Clause: Limit 1 of each item
|clearpoke
|poke|p1|Calyrex-Shadow, L50|
|poke|p1|Smeargle, L50, F|
|poke|p1|Kyogre, L50|
|poke|p1|Urshifu-*, L50, M|
|poke|p1|Indeedee-F, L50, F|
|poke|p1|Iron Jugulis, L50|
|poke|p2|Calyrex-Shadow, L50|
|poke|p2|Zamazenta-*, L50|
|poke|p2|Chien-Pao, L50|
|poke|p2|Raging Bolt, L50|
|poke|p2|Rillaboom, L50, F|
|poke|p2|Entei, L50|
|teampreview|4
|l|☆Lei43
|player|p1|
|j|☆Lei43
|player|p1|Lei43|unknown|
|
|t:|1750837386
|start
|switch|p1a: Kyogre|Kyogre, L50|100/100
|switch|p1b: Iron Jugulis|Iron Jugulis, L50|100/100
|switch|p2a: Calyrex|Calyrex-Shadow, L50|100/100
|switch|p2b: Zamazenta|Zamazenta-Crowned, L50|100/100
|-ability|p2a: Calyrex|As One
|-ability|p2a: Calyrex|Unnerve
|-ability|p2b: Zamazenta|Dauntless Shield|boost
|-boost|p2b: Zamazenta|def|1
|-weather|RainDance|[from] ability: Drizzle|[of] p1a: Kyogre
|-enditem|p1b: Iron Jugulis|Booster Energy
|-activate|p1b: Iron Jugulis|ability: Quark Drive|[fromitem]
|-start|p1b: Iron Jugulis|quarkdrivespe
|turn|1
|l|☆Lei43
|player|p1|
|
|t:|1750837432
|-terastallize|p2b: Zamazenta|Dragon
|move|p2a: Calyrex|Protect|p2a: Calyrex
|-singleturn|p2a: Calyrex|Protect
|move|p1a: Kyogre|Protect|p1a: Kyogre
|-singleturn|p1a: Kyogre|Protect
|move|p1b: Iron Jugulis|Tailwind|p1b: Iron Jugulis
|-sidestart|p1: Lei43|move: Tailwind
|move|p2b: Zamazenta|Body Press|p1a: Kyogre
|-activate|p1a: Kyogre|move: Protect
|
|-weather|RainDance|[upkeep]
|upkeep
|turn|2
|j|☆Lei43
|player|p1|Lei43|unknown|
|
|t:|1750837498
|switch|p2a: Raging Bolt|Raging Bolt, L50|100/100
|-enditem|p2a: Raging Bolt|Booster Energy
|-activate|p2a: Raging Bolt|ability: Protosynthesis|[fromitem]
|-start|p2a: Raging Bolt|protosynthesisspa
|move|p1b: Iron Jugulis|Snarl|p2b: Zamazenta|[spread] p2a,p2b
|-damage|p2a: Raging Bolt|85/100
|-damage|p2b: Zamazenta|90/100
|-unboost|p2a: Raging Bolt|spa|1
|-unboost|p2b: Zamazenta|spa|1
|move|p1a: Kyogre|Ice Beam|p2b: Zamazenta
|-supereffective|p2b: Zamazenta
|-damage|p2b: Zamazenta|35/100
|move|p2b: Zamazenta|Body Press|p1b: Iron Jugulis
|-damage|p1b: Iron Jugulis|34/100
|
|-weather|RainDance|[upkeep]
|upkeep
|turn|3
|
|t:|1750837538
|-end|p1b: Iron Jugulis|Quark Drive|[silent]
|switch|p1b: Indeedee|Indeedee-F, L50, F|100/100
|-fieldstart|move: Psychic Terrain|[from] ability: Psychic Surge|[of] p1b: Indeedee
|move|p2b: Zamazenta|Protect|p2b: Zamazenta
|-singleturn|p2b: Zamazenta|Protect
|move|p2a: Raging Bolt|Thunderclap||[still]
|-fail|p2a: Raging Bolt
|move|p1a: Kyogre|Water Spout|p2a: Raging Bolt|[spread] p2a
|-activate|p2b: Zamazenta|move: Protect
|-resisted|p2a: Raging Bolt
|-damage|p2a: Raging Bolt|38/100
|
|-weather|RainDance|[upkeep]
|upkeep
|turn|4
|
|t:|1750837567
|switch|p2b: Rillaboom|Rillaboom, L50, F|100/100
|-fieldstart|move: Grassy Terrain|[from] ability: Grassy Surge|[of] p2b: Rillaboom
|move|p1b: Indeedee|Follow Me|p1b: Indeedee
|-singleturn|p1b: Indeedee|move: Follow Me
|move|p2a: Raging Bolt|Thunderclap||[still]
|-fail|p2a: Raging Bolt
|move|p1a: Kyogre|Ice Beam|p2b: Rillaboom
|-supereffective|p2b: Rillaboom
|-damage|p2b: Rillaboom|58/100
|
|-weather|RainDance|[upkeep]
|-heal|p2b: Rillaboom|64/100|[from] Grassy Terrain
|-heal|p2a: Raging Bolt|44/100|[from] Grassy Terrain
|-sideend|p1: Lei43|move: Tailwind
|upkeep
|turn|5
|
|t:|1750837615
|move|p1a: Kyogre|Protect|p1a: Kyogre
|-singleturn|p1a: Kyogre|Protect
|move|p2b: Rillaboom|Wood Hammer|p1b: Indeedee
|-damage|p1b: Indeedee|25/100
|-damage|p2b: Rillaboom|47/100|[from] item: Rocky Helmet|[of] p1b: Indeedee
|-damage|p2b: Rillaboom|26/100|[from] Recoil
|move|p2a: Raging Bolt|Thunderbolt|p1b: Indeedee
|-damage|p1b: Indeedee|0 fnt
|faint|p1b: Indeedee
|
|-weather|none
|-heal|p2b: Rillaboom|32/100|[from] Grassy Terrain
|-heal|p2a: Raging Bolt|50/100|[from] Grassy Terrain
|upkeep
|
|t:|1750837640
|switch|p1b: Calyrex|Calyrex-Shadow, L50|100/100
|-ability|p1b: Calyrex|As One
|-ability|p1b: Calyrex|Unnerve
|turn|6
|
|t:|1750837687
|switch|p1a: Iron Jugulis|Iron Jugulis, L50|34/100
|-terastallize|p1b: Calyrex|Ghost
|move|p2b: Rillaboom|Grassy Glide|p1a: Iron Jugulis
|-resisted|p1a: Iron Jugulis
|-damage|p1a: Iron Jugulis|15/100
|move|p2a: Raging Bolt|Thunderclap||[still]
|-fail|p2a: Raging Bolt
|move|p1b: Calyrex|Astral Barrage|p2b: Rillaboom|[spread] p2a,p2b
|-damage|p2a: Raging Bolt|0 fnt
|-damage|p2b: Rillaboom|0 fnt
|faint|p2a: Raging Bolt
|-end|p2a: Raging Bolt|Protosynthesis|[silent]
|faint|p2b: Rillaboom
|-ability|p1b: Calyrex|Grim Neigh|boost
|-boost|p1b: Calyrex|spa|2
|
|upkeep
|
|t:|1750837706
|switch|p2b: Calyrex|Calyrex-Shadow, L50|100/100
|switch|p2a: Zamazenta|Zamazenta-Crowned, L50, tera:Dragon|35/100
|-ability|p2b: Calyrex|As One
|-ability|p2b: Calyrex|Unnerve
|turn|7
|
|t:|1750837734
|move|p2a: Zamazenta|Wide Guard|p2a: Zamazenta
|-singleturn|p2a: Zamazenta|Wide Guard
|move|p2b: Calyrex|Astral Barrage|p1a: Iron Jugulis|[spread] p1a,p1b
|-resisted|p1a: Iron Jugulis
|-supereffective|p1b: Calyrex
|-damage|p1a: Iron Jugulis|0 fnt
|-damage|p1b: Calyrex|0 fnt
|faint|p1a: Iron Jugulis
|-end|p1a: Iron Jugulis|Quark Drive|[silent]
|faint|p1b: Calyrex
|-ability|p2b: Calyrex|Grim Neigh|boost
|-boost|p2b: Calyrex|spa|2
|
|-heal|p2a: Zamazenta|41/100|[from] Grassy Terrain
|upkeep
|-message|Lei43 forfeited.
|
|win|InekoAki
|raw|Lei43's rating: 1589 &rarr; <strong>1573</strong><br />(-16 for losing)
|raw|InekoAki's rating: 1668 &rarr; <strong>1684</strong><br />(+16 for winning)
|l|☆Lei43
|player|p1|
