|j|☆yi0721
|j|☆amandaToriMeating
|t:|1750873624
|gametype|doubles
|player|p1|yi0721|rosa|1374
|player|p2|amandaToriMeating|265|1485
|teamsize|p1|6
|teamsize|p2|6
|gen|9
|tier|[Gen 9] VGC 2025 Reg I
|rated|
|rule|Species Clause: Limit one of each Pokémon
|rule|Item Clause: Limit 1 of each item
|clearpoke
|poke|p1|Kyurem-White, L50|
|poke|p1|Calyrex-Ice, L50|
|poke|p1|Ninetales-Alola, L50, F|
|poke|p1|Urshifu-*, L50, F|
|poke|p1|Ogerpon-Hearthflame, L50, F|
|poke|p1|Rillaboom, L50, F|
|poke|p2|Rillaboom, L50, M|
|poke|p2|Incineroar, L50, F|
|poke|p2|Calyrex-Shadow, L50|
|poke|p2|Volcarona, L50, F|
|poke|p2|Zamazenta-*, L50|
|poke|p2|Raging Bolt, L50|
|teampreview|4
|inactive|Battle timer is ON: inactive players will automatically lose when time's up. (requested by amandaToriMeating)
|
|t:|1750873650
|start
|switch|p1a: Calyrex|Calyrex-Ice, L50|100/100
|switch|p1b: Ogerpon|Ogerpon-Hearthflame, L50, F|100/100
|switch|p2a: Rillaboom|Rillaboom, L50, M|100/100
|switch|p2b: Volcarona|Volcarona, L50, F|100/100
|-ability|p1a: Calyrex|As One
|-ability|p1a: Calyrex|Unnerve
|-ability|p1b: Ogerpon|Mold Breaker
|-fieldstart|move: Grassy Terrain|[from] ability: Grassy Surge|[of] p2a: Rillaboom
|-enditem|p2b: Volcarona|Grassy Seed
|-boost|p2b: Volcarona|def|1|[from] item: Grassy Seed
|turn|1
|
|t:|1750873669
|move|p1a: Calyrex|Protect|p1a: Calyrex
|-singleturn|p1a: Calyrex|Protect
|move|p2a: Rillaboom|Fake Out|p1b: Ogerpon
|-damage|p1b: Ogerpon|82/100
|cant|p1b: Ogerpon|flinch
|move|p2b: Volcarona|Quiver Dance|p2b: Volcarona
|-boost|p2b: Volcarona|spa|1
|-boost|p2b: Volcarona|spd|1
|-boost|p2b: Volcarona|spe|1
|
|-heal|p1b: Ogerpon|89/100|[from] Grassy Terrain
|upkeep
|turn|2
|
|t:|1750873687
|switch|p2a: Incineroar|Incineroar, L50, F|100/100
|-ability|p2a: Incineroar|Intimidate|boost
|-unboost|p1a: Calyrex|atk|1
|-unboost|p1b: Ogerpon|atk|1
|-terastallize|p1a: Calyrex|Water
|move|p2b: Volcarona|Protect|p2b: Volcarona
|-singleturn|p2b: Volcarona|Protect
|move|p1b: Ogerpon|Ivy Cudgel|p2a: Incineroar|[anim] Ivy Cudgel Fire
|-resisted|p2a: Incineroar
|-damage|p2a: Incineroar|84/100
|move|p1a: Calyrex|Trick Room|p1a: Calyrex
|-fieldstart|move: Trick Room|[of] p1a: Calyrex
|
|-heal|p2a: Incineroar|90/100|[from] Grassy Terrain
|-heal|p1b: Ogerpon|95/100|[from] Grassy Terrain
|upkeep
|turn|3
|inactive|amandaToriMeating has 30 seconds left.
|inactive|amandaToriMeating has 20 seconds left.
|inactive|amandaToriMeating has 15 seconds left.
|inactive|amandaToriMeating has 10 seconds left.
|
|t:|1750873733
|switch|p1a: Ninetales|Ninetales-Alola, L50, F, shiny|100/100
|-weather|Snowscape|[from] ability: Snow Warning|[of] p1a: Ninetales
|move|p1b: Ogerpon|Follow Me|p1b: Ogerpon
|-singleturn|p1b: Ogerpon|move: Follow Me
|move|p2a: Incineroar|Parting Shot|p1b: Ogerpon
|-unboost|p1b: Ogerpon|atk|1
|-unboost|p1b: Ogerpon|spa|1
|
|t:|1750873745
|switch|p2a: Rillaboom|Rillaboom, L50, M|100/100|[from] Parting Shot
|move|p2b: Volcarona|Giga Drain|p1b: Ogerpon
|-resisted|p1b: Ogerpon
|-damage|p1b: Ogerpon|81/100
|
|-weather|Snowscape|[upkeep]
|-heal|p1b: Ogerpon|87/100|[from] Grassy Terrain
|upkeep
|turn|4
|
|t:|1750873759
|move|p2a: Rillaboom|Fake Out|p1a: Ninetales
|-damage|p1a: Ninetales|89/100
|move|p1b: Ogerpon|Ivy Cudgel|p2a: Rillaboom|[anim] Ivy Cudgel Fire
|-supereffective|p2a: Rillaboom
|-crit|p2a: Rillaboom
|-damage|p2a: Rillaboom|0 fnt
|faint|p2a: Rillaboom
|cant|p1a: Ninetales|flinch
|move|p2b: Volcarona|Quiver Dance|p2b: Volcarona
|-boost|p2b: Volcarona|spa|1
|-boost|p2b: Volcarona|spd|1
|-boost|p2b: Volcarona|spe|1
|
|-weather|Snowscape|[upkeep]
|-heal|p1b: Ogerpon|93/100|[from] Grassy Terrain
|-heal|p1a: Ninetales|95/100|[from] Grassy Terrain
|upkeep
|
|t:|1750873774
|switch|p2a: Incineroar|Incineroar, L50, F|90/100
|-ability|p2a: Incineroar|Intimidate|boost
|-unboost|p1a: Ninetales|atk|1
|-unboost|p1b: Ogerpon|atk|1
|turn|5
|
|t:|1750873785
|move|p1b: Ogerpon|Spiky Shield|p1b: Ogerpon
|-singleturn|p1b: Ogerpon|move: Protect
|move|p1a: Ninetales|Protect|p1a: Ninetales
|-singleturn|p1a: Ninetales|Protect
|move|p2a: Incineroar|Fake Out|p1a: Ninetales
|-activate|p1a: Ninetales|move: Protect
|move|p2b: Volcarona|Fiery Dance|p1b: Ogerpon
|-activate|p1b: Ogerpon|move: Protect
|
|-weather|Snowscape|[upkeep]
|-heal|p2a: Incineroar|96/100|[from] Grassy Terrain
|-heal|p1b: Ogerpon|99/100|[from] Grassy Terrain
|-heal|p1a: Ninetales|100/100|[from] Grassy Terrain
|-fieldend|move: Grassy Terrain
|upkeep
|turn|6
|
|t:|1750873802
|move|p1b: Ogerpon|Follow Me|p1b: Ogerpon
|-singleturn|p1b: Ogerpon|move: Follow Me
|move|p2a: Incineroar|Parting Shot|p1b: Ogerpon
|-unboost|p1b: Ogerpon|atk|1
|-unboost|p1b: Ogerpon|spa|1
|
|t:|1750873807
|switch|p2a: Zamazenta|Zamazenta-Crowned, L50|100/100|[from] Parting Shot
|-ability|p2a: Zamazenta|Dauntless Shield|boost
|-boost|p2a: Zamazenta|def|1
|move|p1a: Ninetales|Aurora Veil|p1a: Ninetales
|-sidestart|p1: yi0721|move: Aurora Veil
|move|p2b: Volcarona|Fiery Dance|p1b: Ogerpon
|-damage|p1b: Ogerpon|35/100
|-boost|p2b: Volcarona|spa|1
|
|-weather|Snowscape|[upkeep]
|-fieldend|move: Trick Room
|upkeep
|turn|7
|
|t:|1750873827
|switch|p1a: Calyrex|Calyrex-Ice, L50, tera:Water|100/100
|-ability|p1a: Calyrex|As One
|-ability|p1a: Calyrex|Unnerve
|move|p2b: Volcarona|Fiery Dance|p1b: Ogerpon
|-damage|p1b: Ogerpon|0 fnt
|faint|p1b: Ogerpon
|move|p2a: Zamazenta|Iron Defense|p2a: Zamazenta
|-boost|p2a: Zamazenta|def|2
|
|-weather|none
|upkeep
|
|t:|1750873841
|switch|p1b: Ninetales|Ninetales-Alola, L50, F, shiny|100/100
|-weather|Snowscape|[from] ability: Snow Warning|[of] p1b: Ninetales
|turn|8
|
|t:|1750873850
|switch|p1b: Kyurem|Kyurem-White, L50, shiny|100/100
|-ability|p1b: Kyurem|Turboblaze
|-terastallize|p2b: Volcarona|Grass
|move|p2a: Zamazenta|Wide Guard|p2a: Zamazenta
|-singleturn|p2a: Zamazenta|Wide Guard
|move|p2b: Volcarona|Giga Drain|p1a: Calyrex
|-supereffective|p1a: Calyrex
|-damage|p1a: Calyrex|3/100
|move|p1a: Calyrex|Trick Room|p1a: Calyrex
|-fieldstart|move: Trick Room|[of] p1a: Calyrex
|
|-weather|Snowscape|[upkeep]
|upkeep
|turn|9
|
|t:|1750873873
|switch|p1a: Ninetales|Ninetales-Alola, L50, F, shiny|100/100
|move|p2b: Volcarona|Protect|p2b: Volcarona
|-singleturn|p2b: Volcarona|Protect
|move|p1b: Kyurem|Freeze-Dry|p2b: Volcarona
|-activate|p2b: Volcarona|move: Protect
|move|p2a: Zamazenta|Body Press|p1b: Kyurem
|-supereffective|p1b: Kyurem
|-damage|p1b: Kyurem|21/100
|
|-weather|Snowscape|[upkeep]
|upkeep
|turn|10
|
|t:|1750873894
|move|p1b: Kyurem|Freeze-Dry|p2b: Volcarona
|-supereffective|p2b: Volcarona
|-damage|p2b: Volcarona|55/100
|move|p2a: Zamazenta|Body Press|p1b: Kyurem
|-supereffective|p1b: Kyurem
|-damage|p1b: Kyurem|0 fnt
|faint|p1b: Kyurem
|move|p1a: Ninetales|Blizzard|p2a: Zamazenta|[spread] p2a,p2b
|-resisted|p2a: Zamazenta
|-supereffective|p2b: Volcarona
|-damage|p2a: Zamazenta|92/100
|-damage|p2b: Volcarona|33/100
|move|p2b: Volcarona|Fiery Dance|p1a: Ninetales
|-supereffective|p1a: Ninetales
|-damage|p1a: Ninetales|0 fnt
|faint|p1a: Ninetales
|
|-weather|Snowscape|[upkeep]
|upkeep
|
|t:|1750873915
|switch|p1b: Calyrex|Calyrex-Ice, L50, tera:Water|3/100
|-ability|p1b: Calyrex|As One
|-ability|p1b: Calyrex|Unnerve
|turn|11
|
|t:|1750873926
|move|p2b: Volcarona|Protect|p2b: Volcarona
|-singleturn|p2b: Volcarona|Protect
|move|p1b: Calyrex|Glacial Lance|p2a: Zamazenta|[spread] p2a
|-activate|p2b: Volcarona|move: Protect
|-resisted|p2a: Zamazenta
|-damage|p2a: Zamazenta|84/100
|move|p2a: Zamazenta|Body Press|p1b: Calyrex
|-damage|p1b: Calyrex|0 fnt
|faint|p1b: Calyrex
|
|win|amandaToriMeating
|raw|yi0721's rating: 1374 &rarr; <strong>1360</strong><br />(-14 for losing)
|raw|amandaToriMeating's rating: 1485 &rarr; <strong>1499</strong><br />(+14 for winning)
|l|☆yi0721
|player|p1|
|l|☆amandaToriMeating
|player|p2|
