|j|☆OneLongWorm
|j|☆professortoke
|t:|1750813488
|gametype|doubles
|player|p1|OneLongWorm|266|1194
|player|p2|professortoke|psychicf-gen4|1217
|teamsize|p1|6
|teamsize|p2|6
|gen|9
|tier|[Gen 9] VGC 2025 Reg I
|rated|
|rule|Species Clause: Limit one of each Pokémon
|rule|Item Clause: Limit 1 of each item
|clearpoke
|poke|p1|Urshifu-*, L50, F|
|poke|p1|Volcarona, L50, F|
|poke|p1|Calyrex-Shadow, L50|
|poke|p1|Rillaboom, L50, F|
|poke|p1|Miraidon, L50|
|poke|p1|Iron Valiant, L50|
|poke|p2|Brute Bonnet, L50|
|poke|p2|Farigiraf, L50, F|
|poke|p2|Calyrex-Ice, L50|
|poke|p2|Grimmsnarl, L50, M|
|poke|p2|Arcanine-Hisui, L50, M|
|poke|p2|Raging Bolt, L50|
|teampreview|4
|
|t:|1750813518
|start
|switch|p1a: Miraidon|Miraidon, L50|100/100
|switch|p1b: Iron Valiant|Iron Valiant, L50|100/100
|switch|p2a: Nigel|Grimmsnarl, L50, M|100/100
|switch|p2b: OG Caly Kush|Calyrex-Ice, L50|100/100
|-ability|p2b: OG Caly Kush|As One
|-ability|p2b: OG Caly Kush|Unnerve
|-fieldstart|move: Electric Terrain|[from] ability: Hadron Engine|[of] p1a: Miraidon
|-activate|p1b: Iron Valiant|ability: Quark Drive
|-start|p1b: Iron Valiant|quarkdrivespe
|turn|1
|
|t:|1750813551
|move|p2a: Nigel|Fake Out|p1a: Miraidon
|-damage|p1a: Miraidon|89/100
|move|p1b: Iron Valiant|Taunt|p2b: OG Caly Kush
|-start|p2b: OG Caly Kush|move: Taunt
|cant|p1a: Miraidon|flinch
|cant|p2b: OG Caly Kush|move: Taunt|Trick Room
|
|upkeep
|turn|2
|
|t:|1750813574
|-terastallize|p1a: Miraidon|Fairy
|move|p2a: Nigel|Misty Terrain|p2a: Nigel
|-fieldstart|move: Misty Terrain
|-end|p1b: Iron Valiant|Quark Drive
|-enditem|p1b: Iron Valiant|Booster Energy
|-activate|p1b: Iron Valiant|ability: Quark Drive|[fromitem]
|-start|p1b: Iron Valiant|quarkdrivespe
|move|p1b: Iron Valiant|Moonblast|p2a: Nigel
|-supereffective|p2a: Nigel
|-damage|p2a: Nigel|34/100
|move|p1a: Miraidon|Dazzling Gleam|p2b: OG Caly Kush|[spread] p2a,p2b
|-supereffective|p2a: Nigel
|-damage|p2a: Nigel|0 fnt
|-damage|p2b: OG Caly Kush|71/100
|faint|p2a: Nigel
|-damage|p1a: Miraidon|79/100|[from] item: Life Orb
|move|p2b: OG Caly Kush|Glacial Lance|p1b: Iron Valiant|[spread] p1a,p1b
|-crit|p1a: Miraidon
|-damage|p1a: Miraidon|0 fnt
|-damage|p1b: Iron Valiant|27/100
|faint|p1a: Miraidon
|-ability|p2b: OG Caly Kush|Chilling Neigh|boost
|-boost|p2b: OG Caly Kush|atk|1
|
|upkeep
|
|t:|1750813599
|switch|p1a: Calyrex|Calyrex-Shadow, L50|100/100
|switch|p2a: RK9|Arcanine-Hisui, L50, M|100/100
|-ability|p1a: Calyrex|As One
|-ability|p1a: Calyrex|Unnerve
|-ability|p2a: RK9|Intimidate|boost
|-unboost|p1a: Calyrex|atk|1
|-unboost|p1b: Iron Valiant|atk|1
|turn|3
|
|t:|1750813647
|-terastallize|p2a: RK9|Normal
|move|p2a: RK9|Extreme Speed|p1b: Iron Valiant
|-damage|p1b: Iron Valiant|0 fnt
|faint|p1b: Iron Valiant
|-end|p1b: Iron Valiant|Quark Drive|[silent]
|move|p1a: Calyrex|Astral Barrage|p2b: OG Caly Kush|[spread] p2b
|-immune|p2a: RK9
|-supereffective|p2b: OG Caly Kush
|-damage|p2b: OG Caly Kush|0 fnt
|faint|p2b: OG Caly Kush
|-ability|p1a: Calyrex|Grim Neigh|boost
|-boost|p1a: Calyrex|spa|1
|
|upkeep
|
|t:|1750813660
|switch|p1b: Urshifu|Urshifu-Rapid-Strike, L50, F|100/100
|switch|p2b: Brute Bonnet|Brute Bonnet, L50|100/100
|turn|4
|
|t:|1750813683
|move|p2a: RK9|Extreme Speed|p1b: Urshifu
|-damage|p1b: Urshifu|66/100
|move|p2b: Brute Bonnet|Sucker Punch|p1a: Calyrex
|-supereffective|p1a: Calyrex
|-damage|p1a: Calyrex|0 fnt
|faint|p1a: Calyrex
|move|p1b: Urshifu|Close Combat|p2a: RK9
|-supereffective|p2a: RK9
|-damage|p2a: RK9|0 fnt
|-unboost|p1b: Urshifu|def|1
|-unboost|p1b: Urshifu|spd|1
|faint|p2a: RK9
|
|upkeep
|turn|5
|
|t:|1750813706
|move|p1b: Urshifu|Close Combat|p2b: Brute Bonnet
|-supereffective|p2b: Brute Bonnet
|-damage|p2b: Brute Bonnet|10/100
|-unboost|p1b: Urshifu|def|1
|-unboost|p1b: Urshifu|spd|1
|-enditem|p2b: Brute Bonnet|Sitrus Berry|[eat]
|-heal|p2b: Brute Bonnet|34/100|[from] item: Sitrus Berry
|move|p2b: Brute Bonnet|Seed Bomb|p1b: Urshifu
|-supereffective|p1b: Urshifu
|-damage|p1b: Urshifu|0 fnt
|faint|p1b: Urshifu
|
|win|professortoke
|raw|OneLongWorm's rating: 1194 &rarr; <strong>1171</strong><br />(-23 for losing)
|raw|professortoke's rating: 1217 &rarr; <strong>1240</strong><br />(+23 for winning)
|c|☆OneLongWorm|gg
|l|☆OneLongWorm
|player|p1|
|c|☆professortoke|gg
