|j|☆stellarsoulz
|j|☆HardFreaQ
|t:|1750794763
|gametype|doubles
|player|p1|stellarsoulz|nancy|
|player|p2|HardFreaQ|lucas|
|teamsize|p1|6
|teamsize|p2|6
|gen|9
|tier|[Gen 9] VGC 2025 Reg I
|rated|Tournament battle
|rule|Species Clause: Limit one of each Pokémon
|rule|Item Clause: Limit 1 of each item
|raw|<div class="infobox"><details class="readmore" open><summary><strong>2 custom rules:</strong></summary> Force Open Team Sheets, !Open Team Sheets</details></div>
|clearpoke
|poke|p1|Terapagos, L50, M|
|poke|p1|Incineroar, L50, F|
|poke|p1|Rillaboom, L50, M|
|poke|p1|Zacian-*, L50|
|poke|p1|Farigiraf, L50, M|
|poke|p1|Smeargle, L50, F|
|poke|p2|Calyrex-Ice, L50|
|poke|p2|Miraidon, L50|
|poke|p2|Farigiraf, L50, F|
|poke|p2|Volcarona, L50, F|
|poke|p2|Iron Hands, L50|
|poke|p2|Annihilape, L50, M|
|teampreview|4
|showteam|p1|Terapagos||Leftovers|TeraShift|CalmMind,Protect,EarthPower,TeraStarstorm|||M|||50|,,,,,Stellar]Incineroar||SafetyGoggles|Intimidate|KnockOff,PartingShot,FakeOut,WillOWisp|||F|||50|,,,,,Ghost]Rillaboom||AssaultVest|GrassySurge|WoodHammer,GrassyGlide,FakeOut,Uturn|||M|||50|,,,,,Fire]Zacian-Crowned||RustedSword|IntrepidSword|behemothblade,SacredSword,PlayRough,Protect||||||50|,,,,,Fire]Farigiraf||MentalHerb|ArmorTail|TrickRoom,HelpingHand,Roar,FoulPlay|||M|||50|,,,,,Water]Smeargle||FocusSash|Moody|FakeOut,Spore,Decorate,FollowMe|||F|||50|,,,,,Grass
|showteam|p2|Calyrex-Ice||ClearAmulet|AsOneGlastrier|GlacialLance,HighHorsepower,TrickRoom,Protect||||||50|,,,,,Fire]Miraidon||ChoiceSpecs|HadronEngine|ElectroDrift,VoltSwitch,DracoMeteor,DazzlingGleam||||||50|,,,,,Fairy]Farigiraf||ElectricSeed|ArmorTail|Psychic,FoulPlay,TrickRoom,HelpingHand|||F|||50|,,,,,Water]Volcarona||RockyHelmet|FlameBody|FieryDance,StruggleBug,RagePowder,Protect|||F|||50|,,,,,Water]Iron Hands||AssaultVest|QuarkDrive|LowKick,DrainPunch,WildCharge,FakeOut||||||50|,,,,,Bug]Annihilape||ChoiceScarf|Defiant|FinalGambit,ShadowClaw,Uturn,Coaching|||M|||50|,,,,,Grass
|inactive|Battle timer is ON: inactive players will automatically lose when time's up. (requested by stellarsoulz)
|inactive|HardFreaQ also wants the timer to be on.
|inactive|stellarsoulz has 60 seconds left.
|
|t:|1750794795
|start
|switch|p1a: Terapagos|Terapagos, L50, M|100/100
|switch|p1b: Smeargle|Smeargle, L50, F|100/100
|switch|p2a: Calyrex|Calyrex-Ice, L50|100/100
|switch|p2b: Annihilape|Annihilape, L50, M|100/100
|-activate|p1a: Terapagos|ability: Tera Shift
|detailschange|p1a: Terapagos|Terapagos-Terastal, L50, M
|-heal|p1a: Terapagos|100/100|[silent]
|-ability|p2a: Calyrex|As One
|-ability|p2a: Calyrex|Unnerve
|turn|1
|
|t:|1750794811
|move|p1b: Smeargle|Follow Me|p1b: Smeargle
|-singleturn|p1b: Smeargle|move: Follow Me
|move|p2b: Annihilape|U-turn|p1b: Smeargle
|-damage|p1b: Smeargle|55/100
|
|t:|1750794814
|switch|p2b: Volcarona|Volcarona, L50, F|100/100|[from] U-turn
|move|p1a: Terapagos|Calm Mind|p1a: Terapagos
|-boost|p1a: Terapagos|spa|1
|-boost|p1a: Terapagos|spd|1
|move|p2a: Calyrex|Glacial Lance|p1b: Smeargle|[spread] p1a,p1b
|-activate|p1a: Terapagos|ability: Tera Shell
|-resisted|p1a: Terapagos
|-damage|p1a: Terapagos|81/100
|-damage|p1b: Smeargle|0 fnt
|faint|p1b: Smeargle
|-ability|p2a: Calyrex|Chilling Neigh|boost
|-boost|p2a: Calyrex|atk|1
|
|-heal|p1a: Terapagos|87/100|[from] item: Leftovers
|upkeep
|n|☆stellarsoulz|stellarsoulz
|
|t:|1750794829
|switch|p1b: Zacian|Zacian-Crowned, L50|100/100
|-ability|p1b: Zacian|Intrepid Sword|boost
|-boost|p1b: Zacian|atk|1
|turn|2
|
|t:|1750794835
|move|p2a: Calyrex|Protect|p2a: Calyrex
|-singleturn|p2a: Calyrex|Protect
|move|p1b: Zacian|Behemoth Blade|p2a: Calyrex
|-activate|p2a: Calyrex|move: Protect
|move|p2b: Volcarona|Struggle Bug|p1b: Zacian|[spread] p1a,p1b
|-resisted|p1b: Zacian
|-damage|p1a: Terapagos|78/100
|-damage|p1b: Zacian|97/100
|-unboost|p1a: Terapagos|spa|1
|-unboost|p1b: Zacian|spa|1
|move|p1a: Terapagos|Calm Mind|p1a: Terapagos
|-boost|p1a: Terapagos|spa|1
|-boost|p1a: Terapagos|spd|1
|
|-heal|p1a: Terapagos|84/100|[from] item: Leftovers
|upkeep
|turn|3
|
|t:|1750794841
|-terastallize|p2a: Calyrex|Fire
|move|p1b: Zacian|Behemoth Blade|p2a: Calyrex
|-resisted|p2a: Calyrex
|-damage|p2a: Calyrex|75/100
|move|p2b: Volcarona|Struggle Bug|p1b: Zacian|[spread] p1a,p1b
|-resisted|p1b: Zacian
|-damage|p1a: Terapagos|76/100
|-damage|p1b: Zacian|93/100
|-unboost|p1a: Terapagos|spa|1
|-unboost|p1b: Zacian|spa|1
|move|p1a: Terapagos|Calm Mind|p1a: Terapagos
|-boost|p1a: Terapagos|spa|1
|-boost|p1a: Terapagos|spd|1
|move|p2a: Calyrex|Glacial Lance|p1b: Zacian|[spread] p1a,p1b
|-resisted|p1b: Zacian
|-damage|p1a: Terapagos|11/100
|-damage|p1b: Zacian|57/100
|
|-heal|p1a: Terapagos|18/100|[from] item: Leftovers
|upkeep
|turn|4
|inactive|HardFreaQ has 30 seconds left.
|
|t:|1750794867
|move|p1a: Terapagos|Protect|p1a: Terapagos
|-singleturn|p1a: Terapagos|Protect
|move|p2b: Volcarona|Rage Powder|p2b: Volcarona
|-singleturn|p2b: Volcarona|move: Rage Powder
|move|p1b: Zacian|Behemoth Blade|p2b: Volcarona
|-resisted|p2b: Volcarona
|-crit|p2b: Volcarona
|-damage|p2b: Volcarona|38/100
|-damage|p1b: Zacian|40/100|[from] item: Rocky Helmet|[of] p2b: Volcarona
|-status|p1b: Zacian|brn|[from] ability: Flame Body|[of] p2b: Volcarona
|move|p2a: Calyrex|Glacial Lance|p1a: Terapagos|[spread] p1b
|-activate|p1a: Terapagos|move: Protect
|-resisted|p1b: Zacian
|-damage|p1b: Zacian|3/100 brn
|
|-heal|p1a: Terapagos|24/100|[from] item: Leftovers
|-damage|p1b: Zacian|0 fnt|[from] brn
|faint|p1b: Zacian
|upkeep
|
|t:|1750794878
|switch|p1b: Rillaboom|Rillaboom, L50, M, shiny|100/100
|-fieldstart|move: Grassy Terrain|[from] ability: Grassy Surge|[of] p1b: Rillaboom
|turn|5
|-message|stellarsoulz forfeited.
|
|win|HardFreaQ
|n|☆stellarsoulz|stellarsoulz
|n|☆HardFreaQ|hardfreaq
