|j|☆HendSaBe
|j|☆liksem
|t:|1750768178
|gametype|doubles
|player|p1|HendSaBe|roxie|1145
|player|p2|liksem|265|1057
|teamsize|p1|6
|teamsize|p2|6
|gen|9
|tier|[Gen 9] VGC 2025 Reg I
|rated|
|rule|Species Clause: Limit one of each Pokémon
|rule|Item Clause: Limit 1 of each item
|clearpoke
|poke|p1|Kyogre, L50|
|poke|p1|Zacian-*, L50|
|poke|p1|Zapdos, L50|
|poke|p1|Incineroar, L50, F|
|poke|p1|Landorus, L50, M|
|poke|p1|Whimsicott, L50, M|
|poke|p2|Lunala, L50|
|poke|p2|Moltres-Galar, L50|
|poke|p2|Farigiraf, L50, M|
|poke|p2|Kilowattrel, L50, F|
|poke|p2|Comfey, L50, M|
|poke|p2|Kyogre, L50|
|teampreview|4
HendSaBe rejected open team sheets.
|inactive|Battle timer is ON: inactive players will automatically lose when time's up. (requested by HendSaBe)
|inactive|liksem has 60 seconds left.
|c|☆HendSaBe|Glhf
|inactive|liksem has 30 seconds left.
|
|t:|1750768243
|start
|switch|p1a: Incineroar|Incineroar, L50, F, shiny|100/100
|switch|p1b: Zacian|Zacian-Crowned, L50|100/100
|switch|p2a: Farigiraf|Farigiraf, L50, M|100/100
|switch|p2b: Kilowattrel|Kilowattrel, L50, F|100/100
|-ability|p1b: Zacian|Intrepid Sword|boost
|-boost|p1b: Zacian|atk|1
|-ability|p1a: Incineroar|Intimidate|boost
|-unboost|p2a: Farigiraf|atk|1
|-unboost|p2b: Kilowattrel|atk|1
|turn|1
|c|☆liksem|u21
|inactive|HendSaBe has 30 seconds left.
|inactive|liksem has 30 seconds left.
|
|t:|1750768270
|move|p1b: Zacian|Behemoth Blade|p2a: Farigiraf
|-damage|p2a: Farigiraf|8/100
|move|p2b: Kilowattrel|Tailwind|p2b: Kilowattrel
|-sidestart|p2: liksem|move: Tailwind
|move|p2a: Farigiraf|Hyper Voice|p1a: Incineroar|[spread] p1a,p1b
|-resisted|p1b: Zacian
|-damage|p1a: Incineroar|69/100
|-damage|p1b: Zacian|76/100
|move|p1a: Incineroar|Knock Off|p2a: Farigiraf
|-supereffective|p2a: Farigiraf
|-damage|p2a: Farigiraf|0 fnt
|-enditem|p2a: Farigiraf|Choice Specs|[from] move: Knock Off|[of] p1a: Incineroar
|faint|p2a: Farigiraf
|
|upkeep
|
|t:|1750768288
|switch|p2a: Lunala|Lunala, L50|100/100
|turn|2
|c|☆HendSaBe|bro specs is crazy
|c|☆HendSaBe|but cool!
|inactive|HendSaBe has 30 seconds left.
|inactive|HendSaBe has 20 seconds left.
|inactive|HendSaBe has 15 seconds left.
|inactive|HendSaBe has 10 seconds left.
|c|☆liksem|I like differet stuff
|inactive|HendSaBe has 5 seconds left.
|
|t:|1750768339
|move|p2b: Kilowattrel|Air Cutter|p1a: Incineroar|[spread] p1b
|-miss|p2b: Kilowattrel|p1a: Incineroar
|-resisted|p1b: Zacian
|-damage|p1b: Zacian|66/100
|move|p2a: Lunala|Meteor Beam||[still]
|-prepare|p2a: Lunala|Meteor Beam
|-boost|p2a: Lunala|spa|1
|-enditem|p2a: Lunala|Power Herb
|-anim|p2a: Lunala|Meteor Beam|p1a: Incineroar
|-supereffective|p1a: Incineroar
|-damage|p1a: Incineroar|0 fnt
|faint|p1a: Incineroar
|move|p1b: Zacian|Behemoth Blade|p2a: Lunala
|-damage|p2a: Lunala|59/100
|
|upkeep
|
|t:|1750768355
|switch|p1a: Kyogre|Kyogre, L50|100/100
|-weather|RainDance|[from] ability: Drizzle|[of] p1a: Kyogre
|turn|3
|
|t:|1750768378
|-terastallize|p1a: Kyogre|Grass
|move|p2a: Lunala|Protect|p2a: Lunala
|-singleturn|p2a: Lunala|Protect
|move|p2b: Kilowattrel|Air Cutter|p1b: Zacian|[spread] p1a,p1b
|-supereffective|p1a: Kyogre
|-resisted|p1b: Zacian
|-damage|p1a: Kyogre|73/100
|-damage|p1b: Zacian|56/100
|move|p1b: Zacian|Behemoth Blade|p2a: Lunala
|-activate|p2a: Lunala|move: Protect
|move|p1a: Kyogre|Water Spout|p2a: Lunala|[spread] p2b
|-activate|p2a: Lunala|move: Protect
|-enditem|p2b: Kilowattrel|Focus Sash
|-damage|p2b: Kilowattrel|1/100
|
|-weather|RainDance|[upkeep]
|upkeep
|turn|4
|inactive|liksem has 30 seconds left.
|inactive|liksem has 20 seconds left.
|
|t:|1750768415
|move|p2b: Kilowattrel|Air Cutter|p1b: Zacian|[spread] p1a,p1b
|-supereffective|p1a: Kyogre
|-resisted|p1b: Zacian
|-crit|p1b: Zacian
|-damage|p1a: Kyogre|46/100
|-damage|p1b: Zacian|43/100
|move|p2a: Lunala|Moongeist Beam|p1a: Kyogre
|-damage|p1a: Kyogre|0 fnt
|faint|p1a: Kyogre
|move|p1b: Zacian|Behemoth Blade|p2a: Lunala
|-damage|p2a: Lunala|0 fnt
|faint|p2a: Lunala
|
|-weather|RainDance|[upkeep]
|-sideend|p2: liksem|move: Tailwind
|upkeep
|
|t:|1750768427
|switch|p2a: Moltres|Moltres-Galar, L50|100/100
|switch|p1a: Zapdos|Zapdos, L50|100/100
|turn|5
|
|t:|1750768440
|-terastallize|p2a: Moltres|Fairy
|move|p2b: Kilowattrel|Protect|p2b: Kilowattrel
|-singleturn|p2b: Kilowattrel|Protect
|move|p1b: Zacian|Behemoth Blade|p2a: Moltres
|-supereffective|p2a: Moltres
|-damage|p2a: Moltres|0 fnt
|faint|p2a: Moltres
|move|p1a: Zapdos|Thunder|p2b: Kilowattrel
|-activate|p2b: Kilowattrel|move: Protect
|
|-weather|RainDance|[upkeep]
|upkeep
|turn|6
|
|t:|1750768454
|move|p1b: Zacian|Protect|p1b: Zacian
|-singleturn|p1b: Zacian|Protect
|move|p2b: Kilowattrel|Endeavor|p1a: Zapdos
|-damage|p1a: Zapdos|1/100
|move|p1a: Zapdos|Thunder|p2b: Kilowattrel
|-heal|p2b: Kilowattrel|26/100|[from] ability: Volt Absorb|[of] p1a: Zapdos
|
|-weather|RainDance|[upkeep]
|upkeep
|turn|7
|
|t:|1750768467
|move|p1b: Zacian|Behemoth Blade|p2b: Kilowattrel
|-resisted|p2b: Kilowattrel
|-damage|p2b: Kilowattrel|0 fnt
|faint|p2b: Kilowattrel
|
|win|HendSaBe
|raw|HendSaBe's rating: 1145 &rarr; <strong>1164</strong><br />(+19 for winning)
|raw|liksem's rating: 1057 &rarr; <strong>1043</strong><br />(-14 for losing)
|c|☆liksem|haha gg
|l|☆HendSaBe
|player|p1|
|l|☆liksem
|player|p2|
