|j|☆willycoult
|j|☆bogan7595
|t:|1750713662
|gametype|doubles
|player|p1|willycoult|crasherwake|1076
|player|p2|bogan7595|nate|1062
|teamsize|p1|6
|teamsize|p2|6
|gen|9
|tier|[Gen 9] VGC 2025 Reg I
|rated|
|rule|Species Clause: Limit one of each Pokémon
|rule|Item Clause: Limit 1 of each item
|clearpoke
|poke|p1|Conkeldurr, L50, F|
|poke|p1|Regieleki, L50|
|poke|p1|Lucario, L50, F|
|poke|p1|Ho-Oh, L50|
|poke|p1|Sableye, L50, M|
|poke|p1|Flygon, L50, F|
|poke|p2|Braviary-Hisui, L50, M|
|poke|p2|Indeedee-F, L50, F|
|poke|p2|Terapagos, L50, M|
|poke|p2|Calyrex-Ice, L50|
|poke|p2|Flamigo, L50, F|
|poke|p2|Ogerpon-Hearthflame, L50, F|
|teampreview|4
|
|t:|1750713715
|start
|switch|p1a: Regieleki|Regieleki, L50|100/100
|switch|p1b: Sableye|Sableye, L50, M|100/100
|switch|p2a: Indeedee|Indeedee-F, L50, F|100/100
|switch|p2b: Calyrex|Calyrex-Ice, L50|100/100
|-ability|p2b: Calyrex|As One
|-ability|p2b: Calyrex|Unnerve
|-fieldstart|move: Psychic Terrain|[from] ability: Psychic Surge|[of] p2a: Indeedee
|turn|1
|
|t:|1750713746
|move|p2a: Indeedee|Follow Me|p2a: Indeedee
|-singleturn|p2a: Indeedee|move: Follow Me
|move|p1a: Regieleki|Volt Switch|p2a: Indeedee
|-damage|p2a: Indeedee|63/100
|
|t:|1750713751
|switch|p1a: Conkeldurr|Conkeldurr, L50, F|100/100|[from] Volt Switch
|move|p1b: Sableye|Foul Play|p2a: Indeedee
|-supereffective|p2a: Indeedee
|-damage|p2a: Indeedee|32/100
|-damage|p1b: Sableye|84/100|[from] item: Rocky Helmet|[of] p2a: Indeedee
|move|p2b: Calyrex|Trick Room|p2b: Calyrex
|-fieldstart|move: Trick Room|[of] p2b: Calyrex
|
|upkeep
|turn|2
|
|t:|1750713768
|move|p2a: Indeedee|Helping Hand|p2b: Calyrex
|-singleturn|p2b: Calyrex|Helping Hand|[of] p2a: Indeedee
|move|p1a: Conkeldurr|Wide Guard|p1a: Conkeldurr
|-singleturn|p1a: Conkeldurr|Wide Guard
|move|p1b: Sableye|Foul Play|p2b: Calyrex
|-supereffective|p2b: Calyrex
|-damage|p2b: Calyrex|22/100
|move|p2b: Calyrex|Glacial Lance|p1b: Sableye|[spread] 
|-activate|p1a: Conkeldurr|move: Wide Guard
|-activate|p1b: Sableye|move: Wide Guard
|
|upkeep
|turn|3
|
|t:|1750713791
|move|p2a: Indeedee|Follow Me|p2a: Indeedee
|-singleturn|p2a: Indeedee|move: Follow Me
|move|p1a: Conkeldurr|Mach Punch|p2a: Indeedee
|-activate|p2a: Indeedee|move: Psychic Terrain
|move|p1b: Sableye|Foul Play|p2a: Indeedee
|-supereffective|p2a: Indeedee
|-damage|p2a: Indeedee|4/100
|-damage|p1b: Sableye|67/100|[from] item: Rocky Helmet|[of] p2a: Indeedee
|move|p2b: Calyrex|Leech Seed|p1a: Conkeldurr
|-start|p1a: Conkeldurr|move: Leech Seed
|
|-damage|p1a: Conkeldurr|88/100|[from] Leech Seed|[of] p2b: Calyrex
|-heal|p2b: Calyrex|34/100|[silent]
|upkeep
|turn|4
|
|t:|1750713814
|switch|p2b: Braviary|Braviary-Hisui, L50, M|100/100
|move|p1a: Conkeldurr|Wide Guard|p1a: Conkeldurr
|-singleturn|p1a: Conkeldurr|Wide Guard
|move|p2a: Indeedee|Follow Me|p2a: Indeedee
|-singleturn|p2a: Indeedee|move: Follow Me
|move|p1b: Sableye|Foul Play|p2a: Indeedee
|-supereffective|p2a: Indeedee
|-damage|p2a: Indeedee|0 fnt
|-damage|p1b: Sableye|51/100|[from] item: Rocky Helmet|[of] p2a: Indeedee
|faint|p2a: Indeedee
|
|-damage|p1a: Conkeldurr|76/100|[from] Leech Seed|[of] p2b: Braviary
|upkeep
|
|t:|1750713827
|switch|p2a: Calyrex|Calyrex-Ice, L50|34/100
|-ability|p2a: Calyrex|As One
|-ability|p2a: Calyrex|Unnerve
|turn|5
|
|t:|1750713838
|move|p1a: Conkeldurr|Wide Guard|p1a: Conkeldurr
|-singleturn|p1a: Conkeldurr|Wide Guard
|move|p2a: Calyrex|High Horsepower|p1a: Conkeldurr
|-damage|p1a: Conkeldurr|34/100
|move|p1b: Sableye|Foul Play|p2a: Calyrex
|-supereffective|p2a: Calyrex
|-damage|p2a: Calyrex|0 fnt
|-enditem|p1a: Conkeldurr|Sitrus Berry|[eat]
|-heal|p1a: Conkeldurr|59/100|[from] item: Sitrus Berry
|faint|p2a: Calyrex
|move|p2b: Braviary|Expanding Force|p1a: Conkeldurr
|-supereffective|p1a: Conkeldurr
|-damage|p1a: Conkeldurr|0 fnt
|faint|p1a: Conkeldurr
|-damage|p2b: Braviary|91/100|[from] item: Life Orb
|
|-fieldend|move: Trick Room
|-fieldend|move: Psychic Terrain
|upkeep
|
|t:|1750713857
|switch|p2a: Terapagos|Terapagos, L50, M|100/100
|switch|p1a: Lucario|Lucario, L50, F|100/100
|-activate|p2a: Terapagos|ability: Tera Shift
|detailschange|p2a: Terapagos|Terapagos-Terastal, L50, M
|-heal|p2a: Terapagos|100/100|[silent]
|turn|6
|
|t:|1750713868
|move|p1b: Sableye|Encore|p2b: Braviary
|-start|p2b: Braviary|Encore
|move|p1a: Lucario|Swords Dance|p1a: Lucario
|-boost|p1a: Lucario|atk|2
|move|p2a: Terapagos|Calm Mind|p2a: Terapagos
|-boost|p2a: Terapagos|spa|1
|-boost|p2a: Terapagos|spd|1
|move|p2b: Braviary|Expanding Force|p1a: Lucario
|-damage|p1a: Lucario|11/100
|-damage|p2b: Braviary|81/100|[from] item: Life Orb
|
|upkeep
|turn|7
|
|t:|1750713894
|-terastallize|p2a: Terapagos|Stellar
|detailschange|p2a: Terapagos|Terapagos-Stellar, L50, M, tera:Stellar
|-heal|p2a: Terapagos|100/100|[silent]
|move|p1b: Sableye|Encore|p2a: Terapagos
|-start|p2a: Terapagos|Encore
|move|p1a: Lucario|Close Combat|p2b: Braviary
|-resisted|p2b: Braviary
|-damage|p2b: Braviary|50/100
|-unboost|p1a: Lucario|def|1
|-unboost|p1a: Lucario|spd|1
|move|p2a: Terapagos|Calm Mind|p2a: Terapagos
|-boost|p2a: Terapagos|spa|1
|-boost|p2a: Terapagos|spd|1
|move|p2b: Braviary|Expanding Force|p1a: Lucario
|-damage|p1a: Lucario|0 fnt
|faint|p1a: Lucario
|-damage|p2b: Braviary|41/100|[from] item: Life Orb
|
|upkeep
|
|t:|1750713913
|switch|p1a: Regieleki|Regieleki, L50|100/100
|turn|8
|
|t:|1750713928
|-terastallize|p1a: Regieleki|Electric
|move|p1a: Regieleki|Electroweb|p2a: Terapagos|[spread] p2a,p2b
|-supereffective|p2b: Braviary
|-damage|p2a: Terapagos|91/100
|-damage|p2b: Braviary|0 fnt
|-unboost|p2a: Terapagos|spe|1
|faint|p2b: Braviary
|move|p2a: Terapagos|Calm Mind|p2a: Terapagos
|-boost|p2a: Terapagos|spa|1
|-boost|p2a: Terapagos|spd|1
|move|p1b: Sableye|Foul Play|p2a: Terapagos
|-damage|p2a: Terapagos|76/100
|
|upkeep
|turn|9
|
|t:|1750713947
|move|p1b: Sableye|Light Screen|p1b: Sableye
|-sidestart|p1: willycoult|move: Light Screen
|move|p1a: Regieleki|Volt Switch|p2a: Terapagos
|-damage|p2a: Terapagos|62/100
|move|p2a: Terapagos|Calm Mind|p2a: Terapagos
|-boost|p2a: Terapagos|spa|1
|-boost|p2a: Terapagos|spd|1
|
|-end|p2a: Terapagos|Encore
|upkeep
|turn|10
|
|t:|1750713959
|move|p1b: Sableye|Encore|p2a: Terapagos
|-start|p2a: Terapagos|Encore
|move|p1a: Regieleki|Thunder|p2a: Terapagos
|-damage|p2a: Terapagos|44/100
|move|p2a: Terapagos|Calm Mind|p2a: Terapagos
|-boost|p2a: Terapagos|spa|1
|-boost|p2a: Terapagos|spd|1
|
|upkeep
|turn|11
|-message|bogan7595 forfeited.
|
|win|willycoult
|raw|willycoult's rating: 1076 &rarr; <strong>1103</strong><br />(+27 for winning)
|raw|bogan7595's rating: 1062 &rarr; <strong>1043</strong><br />(-19 for losing)
|l|☆bogan7595
|player|p2|
|l|☆willycoult
|player|p1|
