|j|‽xGSx3ntr0py
|j|☆je8
|t:|1750725008
|gametype|doubles
|player|p1|xGSx3ntr0py|101|1516
|player|p2|je8|266|1580
|teamsize|p1|6
|teamsize|p2|6
|gen|9
|tier|[Gen 9] VGC 2025 Reg I
|rated|
|rule|Species Clause: Limit one of each Pokémon
|rule|Item Clause: Limit 1 of each item
|clearpoke
|poke|p1|Calyrex-Ice, L50|
|poke|p1|Smeargle, L50, F|
|poke|p1|Incineroar, L50, F|
|poke|p1|Rillaboom, L50, F|
|poke|p1|Lunala, L50|
|poke|p1|Muk-Alola, L50, F|
|poke|p2|Zacian-*, L50|
|poke|p2|Calyrex-Shadow, L50|
|poke|p2|Tornadus, L50, M|
|poke|p2|Urshifu-*, L50, F|
|poke|p2|Umbreon, L50, M|
|poke|p2|Farigiraf, L50, F|
|teampreview|4
|
|t:|1750725048
|start
|switch|p1a: Muk|Muk-Alola, L50, F|100/100
|switch|p1b: Smeargle|Smeargle, L50, F|100/100
|switch|p2a: Calyrex|Calyrex-Shadow, L50|100/100
|switch|p2b: Urshifu|Urshifu-Rapid-Strike, L50, F|100/100
|-ability|p2a: Calyrex|As One
|-ability|p2a: Calyrex|Unnerve
|turn|1
|
|t:|1750725066
|-terastallize|p2b: Urshifu|Water
|move|p1b: Smeargle|Follow Me|p1b: Smeargle
|-singleturn|p1b: Smeargle|move: Follow Me
|move|p2a: Calyrex|Nasty Plot|p2a: Calyrex
|-boost|p2a: Calyrex|spa|2
|move|p2b: Urshifu|Surging Strikes|p1b: Smeargle
|-crit|p1b: Smeargle
|-damage|p1b: Smeargle|55/100
|-crit|p1b: Smeargle
|-damage|p1b: Smeargle|10/100
|-crit|p1b: Smeargle
|-damage|p1b: Smeargle|0 fnt
|faint|p1b: Smeargle
|-ability|p1a: Muk|Moody|[from] ability: Power of Alchemy|[of] p1b: Smeargle
|-hitcount|p1: Smeargle|3
|move|p1a: Muk|Minimize|p1a: Muk
|-boost|p1a: Muk|evasion|2
|
|-ability|p1a: Muk|Moody|boost
|-boost|p1a: Muk|atk|2
|-unboost|p1a: Muk|def|1
|upkeep
|
|t:|1750725077
|switch|p1b: Incineroar|Incineroar, L50, F|100/100
|-ability|p1b: Incineroar|Intimidate|boost
|-unboost|p2a: Calyrex|atk|1
|-unboost|p2b: Urshifu|atk|1
|turn|2
|
|t:|1750725091
|move|p1b: Incineroar|Fake Out|p2b: Urshifu
|-damage|p2b: Urshifu|89/100
|move|p2a: Calyrex|Astral Barrage|p1a: Muk|[spread] p1b
|-miss|p2a: Calyrex|p1a: Muk
|-resisted|p1b: Incineroar
|-damage|p1b: Incineroar|58/100
|-damage|p2a: Calyrex|91/100|[from] item: Life Orb
|cant|p2b: Urshifu|flinch
|move|p1a: Muk|Minimize|p1a: Muk
|-boost|p1a: Muk|evasion|2
|
|-ability|p1a: Muk|Moody|boost
|-boost|p1a: Muk|atk|2
|-unboost|p1a: Muk|def|1
|upkeep
|turn|3
|
|t:|1750725108
|move|p2a: Calyrex|Astral Barrage|p1a: Muk|[spread] p1b
|-miss|p2a: Calyrex|p1a: Muk
|-resisted|p1b: Incineroar
|-damage|p1b: Incineroar|12/100
|-damage|p2a: Calyrex|81/100|[from] item: Life Orb
|move|p2b: Urshifu|Surging Strikes|p1a: Muk|[miss]
|-miss|p2b: Urshifu|p1a: Muk
|move|p1b: Incineroar|Parting Shot|p2a: Calyrex
|-unboost|p2a: Calyrex|atk|1
|-unboost|p2a: Calyrex|spa|1
|
|t:|1750725119
|switch|p1b: Lunala|Lunala, L50|100/100|[from] Parting Shot
|move|p1a: Muk|Minimize|p1a: Muk
|-boost|p1a: Muk|evasion|2
|
|-ability|p1a: Muk|Moody|boost
|-boost|p1a: Muk|spa|2
|-unboost|p1a: Muk|spe|1
|upkeep
|turn|4
|l|☆je8
|player|p2|
|j|☆je8
|player|p2|je8|266|
|
|t:|1750725185
|-terastallize|p1b: Lunala|Fairy
|move|p2a: Calyrex|Psychic|p1b: Lunala
|-damage|p1b: Lunala|65/100
|-damage|p2a: Calyrex|72/100|[from] item: Life Orb
|move|p2b: Urshifu|Surging Strikes|p1b: Lunala
|-crit|p1b: Lunala
|-damage|p1b: Lunala|42/100
|-crit|p1b: Lunala
|-damage|p1b: Lunala|19/100
|-crit|p1b: Lunala
|-damage|p1b: Lunala|0 fnt
|faint|p1b: Lunala
|-hitcount|p1: Lunala|3
|move|p1a: Muk|Toxic|p2b: Urshifu
|-status|p2b: Urshifu|tox
|
|-damage|p2b: Urshifu|82/100 tox|[from] psn
|-ability|p1a: Muk|Moody|boost
|-boost|p1a: Muk|def|2
|-unboost|p1a: Muk|spd|1
|upkeep
|
|t:|1750725196
|switch|p1b: Incineroar|Incineroar, L50, F|12/100
|-ability|p1b: Incineroar|Intimidate|boost
|-unboost|p2a: Calyrex|atk|1
|-unboost|p2b: Urshifu|atk|1
|turn|5
|
|t:|1750725204
|move|p1b: Incineroar|Fake Out|p2b: Urshifu
|-damage|p2b: Urshifu|72/100 tox
|move|p2a: Calyrex|Astral Barrage|p1a: Muk|[spread] p1b
|-miss|p2a: Calyrex|p1a: Muk
|-resisted|p1b: Incineroar
|-damage|p1b: Incineroar|0 fnt
|faint|p1b: Incineroar
|-ability|p2a: Calyrex|Grim Neigh|boost
|-boost|p2a: Calyrex|spa|1
|-damage|p2a: Calyrex|62/100|[from] item: Life Orb
|cant|p2b: Urshifu|flinch
|move|p1a: Muk|Toxic|p2a: Calyrex
|-status|p2a: Calyrex|tox
|
|-damage|p2a: Calyrex|56/100 tox|[from] psn
|-damage|p2b: Urshifu|59/100 tox|[from] psn
|-ability|p1a: Muk|Moody|boost
|-boost|p1a: Muk|spe|2
|-unboost|p1a: Muk|atk|1
|upkeep
|turn|6
|
|t:|1750725218
|move|p2a: Calyrex|Astral Barrage|p1a: Muk|[miss]
|-miss|p2a: Calyrex|p1a: Muk
|move|p2b: Urshifu|Surging Strikes|p1a: Muk
|-crit|p1a: Muk
|-damage|p1a: Muk|78/100
|-crit|p1a: Muk
|-damage|p1a: Muk|55/100
|-crit|p1a: Muk
|-damage|p1a: Muk|31/100
|-hitcount|p1a: Muk|3
|move|p1a: Muk|Drain Punch|p2b: Urshifu
|-damage|p2b: Urshifu|19/100 tox
|-heal|p1a: Muk|47/100|[from] drain|[of] p2b: Urshifu
|
|-heal|p1a: Muk|53/100|[from] item: Black Sludge
|-damage|p2a: Calyrex|44/100 tox|[from] psn
|-damage|p2b: Urshifu|0 fnt|[from] psn
|faint|p2b: Urshifu
|-ability|p1a: Muk|Moody|boost
|-boost|p1a: Muk|spd|2
|-unboost|p1a: Muk|spa|1
|upkeep
|inactive|Battle timer is ON: inactive players will automatically lose when time's up. (requested by je8)
|
|t:|1750725235
|switch|p2b: Zacian|Zacian-Crowned, L50|100/100
|-ability|p2b: Zacian|Intrepid Sword|boost
|-boost|p2b: Zacian|atk|1
|turn|7
|
|t:|1750725240
|move|p1a: Muk|Protect|p1a: Muk
|-singleturn|p1a: Muk|Protect
|move|p2a: Calyrex|Astral Barrage|p1a: Muk
|-activate|p1a: Muk|move: Protect
|move|p2b: Zacian|Behemoth Blade|p1a: Muk
|-activate|p1a: Muk|move: Protect
|
|-heal|p1a: Muk|59/100|[from] item: Black Sludge
|-damage|p2a: Calyrex|26/100 tox|[from] psn
|-ability|p1a: Muk|Moody|boost
|-boost|p1a: Muk|atk|2
|-unboost|p1a: Muk|spe|1
|upkeep
|turn|8
|
|t:|1750725249
|move|p2a: Calyrex|Astral Barrage|p1a: Muk|[miss]
|-miss|p2a: Calyrex|p1a: Muk
|move|p2b: Zacian|Behemoth Blade|p1a: Muk|[miss]
|-miss|p2b: Zacian|p1a: Muk
|move|p1a: Muk|Drain Punch|p2b: Zacian
|-damage|p2b: Zacian|49/100
|-heal|p1a: Muk|81/100|[from] drain|[of] p2b: Zacian
|
|-heal|p1a: Muk|87/100|[from] item: Black Sludge
|-damage|p2a: Calyrex|2/100 tox|[from] psn
|-ability|p1a: Muk|Moody|boost
|-boost|p1a: Muk|spa|2
|-unboost|p1a: Muk|spe|1
|upkeep
|turn|9
|
|t:|1750725272
|move|p1a: Muk|Protect|p1a: Muk
|-singleturn|p1a: Muk|Protect
|move|p2a: Calyrex|Astral Barrage|p1a: Muk
|-activate|p1a: Muk|move: Protect
|move|p2b: Zacian|Behemoth Blade|p1a: Muk
|-activate|p1a: Muk|move: Protect
|
|-heal|p1a: Muk|93/100|[from] item: Black Sludge
|-damage|p2a: Calyrex|0 fnt|[from] psn
|faint|p2a: Calyrex
|-ability|p1a: Muk|Moody|boost
|-boost|p1a: Muk|atk|1
|-unboost|p1a: Muk|def|1
|upkeep
|
|t:|1750725274
|switch|p2a: Umbreon|Umbreon, L50, M|100/100
|turn|10
|
|t:|1750725291
|move|p2b: Zacian|Behemoth Blade|p1a: Muk|[miss]
|-miss|p2b: Zacian|p1a: Muk
|move|p2a: Umbreon|Foul Play|p1a: Muk|[miss]
|-miss|p2a: Umbreon|p1a: Muk
|move|p1a: Muk|Toxic|p2a: Umbreon
|-status|p2a: Umbreon|tox
|
|-heal|p1a: Muk|99/100|[from] item: Black Sludge
|-damage|p2a: Umbreon|95/100 tox|[from] psn
|-ability|p1a: Muk|Moody|boost
|-boost|p1a: Muk|spe|2
|-unboost|p1a: Muk|spa|1
|upkeep
|turn|11
|
|t:|1750725299
|move|p1a: Muk|Protect|p1a: Muk
|-singleturn|p1a: Muk|Protect
|move|p2b: Zacian|Behemoth Blade|p1a: Muk
|-activate|p1a: Muk|move: Protect
|move|p2a: Umbreon|Thunder Wave|p1a: Muk
|-activate|p1a: Muk|move: Protect
|
|-heal|p1a: Muk|100/100|[from] item: Black Sludge
|-damage|p2a: Umbreon|83/100 tox|[from] psn
|-ability|p1a: Muk|Moody|boost
|-boost|p1a: Muk|spa|2
|-unboost|p1a: Muk|def|1
|upkeep
|turn|12
|
|t:|1750725314
|move|p2b: Zacian|Behemoth Blade|p1a: Muk|[miss]
|-miss|p2b: Zacian|p1a: Muk
|move|p1a: Muk|Drain Punch|p2b: Zacian
|-damage|p2b: Zacian|0 fnt
|faint|p2b: Zacian
|move|p2a: Umbreon|Thunder Wave|p1a: Muk|[miss]
|-miss|p2a: Umbreon|p1a: Muk
|
|-damage|p2a: Umbreon|65/100 tox|[from] psn
|-ability|p1a: Muk|Moody|boost
|-boost|p1a: Muk|def|2
|-unboost|p1a: Muk|atk|1
|upkeep
|turn|13
|
|t:|1750725323
|move|p1a: Muk|Drain Punch|p2a: Umbreon
|-supereffective|p2a: Umbreon
|-damage|p2a: Umbreon|0 fnt
|faint|p2a: Umbreon
|
|win|xGSx3ntr0py
|raw|xGSx3ntr0py's rating: 1516 &rarr; <strong>1540</strong><br />(+24 for winning)
|raw|je8's rating: 1580 &rarr; <strong>1556</strong><br />(-24 for losing)
|l|‽xGSx3ntr0py
|player|p1|
|l|☆je8
|player|p2|
