|j|‽xGSx3ntr0py
|j|☆Bokkimano
|t:|1750739517
|gametype|doubles
|player|p1|xGSx3ntr0py|169|1468
|player|p2|Bokkimano|skierf|1465
|teamsize|p1|6
|teamsize|p2|6
|gen|9
|tier|[Gen 9] VGC 2025 Reg I
|rated|
|rule|Species Clause: Limit one of each Pokémon
|rule|Item Clause: Limit 1 of each item
|clearpoke
|poke|p1|Calyrex-Ice, L50|
|poke|p1|Smeargle, L50, F|
|poke|p1|Incineroar, L50, M|
|poke|p1|Rillaboom, L50, M|
|poke|p1|Lunala, L50|
|poke|p1|Muk-Alola, L50, M|
|poke|p2|Terapagos, L50, M|
|poke|p2|Koraidon, L50|
|poke|p2|Flutter Mane, L50|
|poke|p2|Incineroar, L50, F|
|poke|p2|Volcarona, L50, F|
|poke|p2|Rillaboom, L50, F|
|teampreview|4
|inactive|Battle timer is ON: inactive players will automatically lose when time's up. (requested by Bokkimano)
|inactive|xGSx3ntr0py has 60 seconds left.
|inactive|Bokkimano has 60 seconds left.
|
|t:|1750739561
|start
|switch|p1a: Muk|Muk-Alola, L50, M|100/100
|switch|p1b: Smeargle|Smeargle, L50, F|100/100
|switch|p2a: Incineroar|Incineroar, L50, F|100/100
|switch|p2b: Flutter Mane|Flutter Mane, L50|100/100
|-ability|p2a: Incineroar|Intimidate|boost
|-unboost|p1a: Muk|atk|1
|-unboost|p1b: Smeargle|atk|1
|turn|1
|
|t:|1750739578
|move|p1b: Smeargle|Spiky Shield|p1b: Smeargle
|-singleturn|p1b: Smeargle|move: Protect
|move|p1a: Muk|Protect|p1a: Muk
|-singleturn|p1a: Muk|Protect
|move|p2a: Incineroar|Fake Out|p1b: Smeargle
|-activate|p1b: Smeargle|move: Protect
|-damage|p2a: Incineroar|88/100|[from] Spiky Shield|[of] p1b: Smeargle
|move|p2b: Flutter Mane|Moonblast|p1a: Muk
|-activate|p1a: Muk|move: Protect
|
|-ability|p1b: Smeargle|Moody|boost
|-boost|p1b: Smeargle|spd|2
|-unboost|p1b: Smeargle|spe|1
|upkeep
|turn|2
|
|t:|1750739597
|move|p1b: Smeargle|Follow Me|p1b: Smeargle
|-singleturn|p1b: Smeargle|move: Follow Me
|move|p2b: Flutter Mane|Moonblast|p1b: Smeargle
|-damage|p1b: Smeargle|58/100
|move|p2a: Incineroar|Taunt|p1b: Smeargle
|-start|p1b: Smeargle|move: Taunt
|move|p1a: Muk|Minimize|p1a: Muk
|-boost|p1a: Muk|evasion|2
|
|-ability|p1b: Smeargle|Moody|boost
|-boost|p1b: Smeargle|def|2
|-unboost|p1b: Smeargle|spd|1
|upkeep
|turn|3
|
|t:|1750739613
|switch|p1b: Incineroar|Incineroar, L50, M|100/100
|-ability|p1b: Incineroar|Intimidate|boost
|-unboost|p2a: Incineroar|atk|1
|-unboost|p2b: Flutter Mane|atk|1
|move|p1a: Muk|Protect|p1a: Muk
|-singleturn|p1a: Muk|Protect
|move|p2b: Flutter Mane|Moonblast|p1a: Muk
|-activate|p1a: Muk|move: Protect
|move|p2a: Incineroar|U-turn|p1b: Incineroar
|-damage|p1b: Incineroar|88/100
|
|t:|1750739624
|switch|p2a: Terapagos|Terapagos, L50, M|100/100|[from] U-turn
|-activate|p2a: Terapagos|ability: Tera Shift
|detailschange|p2a: Terapagos|Terapagos-Terastal, L50, M
|-heal|p2a: Terapagos|100/100|[silent]
|
|upkeep
|turn|4
|
|t:|1750739637
|move|p1b: Incineroar|Fake Out|p2a: Terapagos
|-activate|p2a: Terapagos|ability: Tera Shell
|-resisted|p2a: Terapagos
|-damage|p2a: Terapagos|97/100
|move|p2b: Flutter Mane|Moonblast|p1a: Muk
|-damage|p1a: Muk|57/100
|-unboost|p1a: Muk|spa|1
|cant|p2a: Terapagos|flinch
|move|p1a: Muk|Minimize|p1a: Muk
|-boost|p1a: Muk|evasion|2
|
|-heal|p2a: Terapagos|100/100|[from] item: Leftovers
|-heal|p1a: Muk|63/100|[from] item: Black Sludge
|upkeep
|turn|5
|
|t:|1750739658
|move|p2b: Flutter Mane|Moonblast|p1a: Muk|[miss]
|-miss|p2b: Flutter Mane|p1a: Muk
|move|p2a: Terapagos|Calm Mind|p2a: Terapagos
|-boost|p2a: Terapagos|spa|1
|-boost|p2a: Terapagos|spd|1
|move|p1b: Incineroar|Parting Shot|p2a: Terapagos
|-unboost|p2a: Terapagos|atk|1
|-unboost|p2a: Terapagos|spa|1
|
|t:|1750739669
|switch|p1b: Smeargle|Smeargle, L50, F|58/100|[from] Parting Shot
|move|p1a: Muk|Toxic|p2a: Terapagos
|-status|p2a: Terapagos|tox
|
|-heal|p1a: Muk|69/100|[from] item: Black Sludge
|-damage|p2a: Terapagos|94/100 tox|[from] psn
|-ability|p1b: Smeargle|Moody|boost
|-boost|p1b: Smeargle|spa|2
|-unboost|p1b: Smeargle|spe|1
|upkeep
|turn|6
|
|t:|1750739690
|move|p2b: Flutter Mane|Moonblast|p1b: Smeargle
|-damage|p1b: Smeargle|0 fnt
|faint|p1b: Smeargle
|-ability|p1a: Muk|Moody|[from] ability: Power of Alchemy|[of] p1b: Smeargle
|move|p2a: Terapagos|Earth Power|p1a: Muk|[miss]
|-miss|p2a: Terapagos|p1a: Muk
|move|p1a: Muk|Minimize|p1a: Muk
|-boost|p1a: Muk|evasion|2
|
|-heal|p2a: Terapagos|100/100 tox|[from] item: Leftovers
|-heal|p1a: Muk|75/100|[from] item: Black Sludge
|-damage|p2a: Terapagos|88/100 tox|[from] psn
|-ability|p1a: Muk|Moody|boost
|-boost|p1a: Muk|spd|2
|-unboost|p1a: Muk|spa|1
|upkeep
|
|t:|1750739701
|switch|p1b: Incineroar|Incineroar, L50, M|88/100
|-ability|p1b: Incineroar|Intimidate|boost
|-unboost|p2a: Terapagos|atk|1
|-unboost|p2b: Flutter Mane|atk|1
|turn|7
|
|t:|1750739719
|switch|p2a: Incineroar|Incineroar, L50, F|88/100
|-ability|p2a: Incineroar|Intimidate|boost
|-unboost|p1a: Muk|atk|1
|-unboost|p1b: Incineroar|atk|1
|move|p1b: Incineroar|Fake Out|p2a: Incineroar
|-damage|p2a: Incineroar|83/100
|move|p2b: Flutter Mane|Moonblast|p1b: Incineroar
|-damage|p1b: Incineroar|50/100
|move|p1a: Muk|Toxic|p2b: Flutter Mane
|-status|p2b: Flutter Mane|tox
|
|-heal|p1a: Muk|81/100|[from] item: Black Sludge
|-damage|p2b: Flutter Mane|94/100 tox|[from] psn
|-ability|p1a: Muk|Moody|boost
|-boost|p1a: Muk|atk|2
|-unboost|p1a: Muk|spa|1
|upkeep
|turn|8
|inactive|xGSx3ntr0py has 30 seconds left.
|
|t:|1750739748
|move|p2a: Incineroar|Fake Out|p1b: Incineroar
|-damage|p1b: Incineroar|40/100
|move|p2b: Flutter Mane|Moonblast|p1b: Incineroar
|-damage|p1b: Incineroar|7/100
|-unboost|p1b: Incineroar|spa|1
|cant|p1b: Incineroar|flinch
|move|p1a: Muk|Toxic|p2a: Incineroar
|-status|p2a: Incineroar|tox
|
|-heal|p1a: Muk|87/100|[from] item: Black Sludge
|-damage|p2b: Flutter Mane|82/100 tox|[from] psn
|-damage|p2a: Incineroar|77/100 tox|[from] psn
|-ability|p1a: Muk|Moody|boost
|-boost|p1a: Muk|spa|2
|-unboost|p1a: Muk|spd|1
|upkeep
|turn|9
|inactive|xGSx3ntr0py has 30 seconds left.
|inactive|xGSx3ntr0py has 20 seconds left.
|
|t:|1750739787
|move|p2b: Flutter Mane|Icy Wind|p1a: Muk|[spread] p1a,p1b
|-resisted|p1b: Incineroar
|-damage|p1a: Muk|79/100
|-damage|p1b: Incineroar|1/100
|-unboost|p1a: Muk|spe|1
|-unboost|p1b: Incineroar|spe|1
|move|p2a: Incineroar|U-turn|p1b: Incineroar
|-damage|p1b: Incineroar|0 fnt
|faint|p1b: Incineroar
|
|t:|1750739796
|switch|p2a: Terapagos|Terapagos-Terastal, L50, M|88/100 tox|[from] U-turn
|move|p1a: Muk|Drain Punch|p2a: Terapagos
|-supereffective|p2a: Terapagos
|-damage|p2a: Terapagos|63/100 tox
|-heal|p1a: Muk|90/100|[from] drain|[of] p2a: Terapagos
|
|-heal|p2a: Terapagos|69/100 tox|[from] item: Leftovers
|-heal|p1a: Muk|96/100|[from] item: Black Sludge
|-damage|p2b: Flutter Mane|64/100 tox|[from] psn
|-damage|p2a: Terapagos|63/100 tox|[from] psn
|-ability|p1a: Muk|Moody|boost
|-boost|p1a: Muk|def|2
|-unboost|p1a: Muk|spa|1
|upkeep
|
|t:|1750739812
|switch|p1b: Lunala|Lunala, L50|100/100
|turn|10
|
|t:|1750739826
|-terastallize|p2a: Terapagos|Stellar
|detailschange|p2a: Terapagos|Terapagos-Stellar, L50, M, tera:Stellar
|-heal|p2a: Terapagos|72/100 tox|[silent]
|move|p1b: Lunala|Protect|p1b: Lunala
|-singleturn|p1b: Lunala|Protect
|move|p2b: Flutter Mane|Shadow Ball|p1b: Lunala
|-activate|p1b: Lunala|move: Protect
|move|p2a: Terapagos|Tera Starstorm|p1b: Lunala|[spread] p1a
|-activate|p1b: Lunala|move: Protect
|-damage|p1a: Muk|78/100
|move|p1a: Muk|Drain Punch|p2a: Terapagos
|-supereffective|p2a: Terapagos
|-damage|p2a: Terapagos|53/100 tox
|-heal|p1a: Muk|90/100|[from] drain|[of] p2a: Terapagos
|
|-heal|p2a: Terapagos|59/100 tox|[from] item: Leftovers
|-heal|p1a: Muk|96/100|[from] item: Black Sludge
|-damage|p2b: Flutter Mane|39/100 tox|[from] psn
|-damage|p2a: Terapagos|47/100 tox|[from] psn
|-ability|p1a: Muk|Moody|boost
|-boost|p1a: Muk|spd|2
|-unboost|p1a: Muk|spa|1
|upkeep
|turn|11
|inactive|xGSx3ntr0py has 30 seconds left.
|inactive|xGSx3ntr0py has 20 seconds left.
|inactive|xGSx3ntr0py has 15 seconds left.
|inactive|xGSx3ntr0py has 10 seconds left.
|
|t:|1750739872
|switch|p2a: Incineroar|Incineroar, L50, F|77/100 tox
|-ability|p2a: Incineroar|Intimidate|boost
|-unboost|p1a: Muk|atk|1
|-unboost|p1b: Lunala|atk|1
|-terastallize|p1b: Lunala|Fairy
|move|p2b: Flutter Mane|Shadow Ball|p1b: Lunala
|-damage|p1b: Lunala|87/100
|move|p1b: Lunala|Psych Up|p1a: Muk
|-copyboost|p1b: Lunala|p1a: Muk|[from] move: Psych Up
|move|p1a: Muk|Drain Punch|p2a: Incineroar
|-supereffective|p2a: Incineroar
|-damage|p2a: Incineroar|60/100 tox
|-heal|p1a: Muk|100/100|[from] drain|[of] p2a: Incineroar
|
|-heal|p1b: Lunala|93/100|[from] item: Leftovers
|-damage|p2b: Flutter Mane|9/100 tox|[from] psn
|-damage|p2a: Incineroar|54/100 tox|[from] psn
|-ability|p1a: Muk|Moody|boost
|-boost|p1a: Muk|spd|2
|-unboost|p1a: Muk|def|1
|upkeep
|turn|12
|inactive|xGSx3ntr0py has 30 seconds left.
|inactive|Bokkimano has 30 seconds left.
|inactive|Bokkimano has 20 seconds left.
|
|t:|1750739909
|move|p1b: Lunala|Protect|p1b: Lunala
|-singleturn|p1b: Lunala|Protect
|move|p2b: Flutter Mane|Moonblast|p1a: Muk|[miss]
|-miss|p2b: Flutter Mane|p1a: Muk
|move|p2a: Incineroar|U-turn|p1a: Muk
|-damage|p1a: Muk|91/100
|
|t:|1750739920
|switch|p2a: Koraidon|Koraidon, L50|100/100|[from] U-turn
|-weather|SunnyDay|[from] ability: Orichalcum Pulse|[of] p2a: Koraidon
|-activate|p2b: Flutter Mane|ability: Protosynthesis
|-start|p2b: Flutter Mane|protosynthesisspe
|-activate|p2a: Koraidon|Orichalcum Pulse|[source]
|move|p1a: Muk|Drain Punch|p2a: Koraidon
|-damage|p2a: Koraidon|89/100
|-heal|p1a: Muk|96/100|[from] drain|[of] p2a: Koraidon
|
|-weather|SunnyDay|[upkeep]
|-heal|p1b: Lunala|99/100|[from] item: Leftovers
|-heal|p1a: Muk|100/100|[from] item: Black Sludge
|-damage|p2b: Flutter Mane|0 fnt|[from] psn
|faint|p2b: Flutter Mane
|-end|p2b: Flutter Mane|Protosynthesis|[silent]
|-ability|p1a: Muk|Moody|boost
|-boost|p1a: Muk|atk|2
|-unboost|p1a: Muk|spa|1
|upkeep
|
|t:|1750739937
|switch|p2b: Incineroar|Incineroar, L50, F|54/100 tox
|-ability|p2b: Incineroar|Intimidate|boost
|-unboost|p1a: Muk|atk|1
|-unboost|p1b: Lunala|atk|1
|turn|13
|
|t:|1750739948
|move|p2b: Incineroar|Fake Out|p1b: Lunala
|-damage|p1b: Lunala|94/100
|move|p2a: Koraidon|Flare Blitz|p1a: Muk|[miss]
|-miss|p2a: Koraidon|p1a: Muk
|cant|p1b: Lunala|flinch
|move|p1a: Muk|Toxic|p2a: Koraidon
|-status|p2a: Koraidon|tox
|
|-weather|SunnyDay|[upkeep]
|-heal|p1b: Lunala|100/100|[from] item: Leftovers
|-damage|p2a: Koraidon|83/100 tox|[from] psn
|-damage|p2b: Incineroar|48/100 tox|[from] psn
|-ability|p1a: Muk|Moody|boost
|-boost|p1a: Muk|atk|2
|-unboost|p1a: Muk|def|1
|upkeep
|turn|14
|
|t:|1750739968
|move|p2a: Koraidon|Flare Blitz|p1a: Muk|[miss]
|-miss|p2a: Koraidon|p1a: Muk
|move|p2b: Incineroar|Knock Off|p1b: Lunala
|-resisted|p1b: Lunala
|-damage|p1b: Lunala|97/100
|-enditem|p1b: Lunala|Leftovers|[from] move: Knock Off|[of] p2b: Incineroar
|move|p1b: Lunala|Moonblast|p2a: Koraidon
|-supereffective|p2a: Koraidon
|-damage|p2a: Koraidon|0 fnt
|faint|p2a: Koraidon
|move|p1a: Muk|Drain Punch|p2b: Incineroar
|-supereffective|p2b: Incineroar
|-damage|p2b: Incineroar|0 fnt
|faint|p2b: Incineroar
|
|-weather|SunnyDay|[upkeep]
|-ability|p1a: Muk|Moody|boost
|-boost|p1a: Muk|atk|2
|-unboost|p1a: Muk|spd|1
|upkeep
|
|t:|1750739984
|switch|p2b: Terapagos|Terapagos-Stellar, L50, M, tera:Stellar|47/100 tox
|turn|15
|
|t:|1750739991
|move|p2b: Terapagos|Tera Starstorm|p1a: Muk|[spread] 
|-miss|p2b: Terapagos|p1a: Muk
|-miss|p2b: Terapagos|p1b: Lunala
|move|p1b: Lunala|Moonblast|p2b: Terapagos
|-damage|p2b: Terapagos|32/100 tox
|move|p1a: Muk|Drain Punch|p2b: Terapagos
|-supereffective|p2b: Terapagos
|-damage|p2b: Terapagos|0 fnt
|faint|p2b: Terapagos
|detailschange|p2: Terapagos|Terapagos, L50, M|[silent]
|
|win|xGSx3ntr0py
|raw|xGSx3ntr0py's rating: 1468 &rarr; <strong>1488</strong><br />(+20 for winning)
|raw|Bokkimano's rating: 1465 &rarr; <strong>1445</strong><br />(-20 for losing)
|l|‽xGSx3ntr0py
|player|p1|
|l|☆Bokkimano
|player|p2|
