|j|☆Boltsy VGC
|j|☆It'sJustKen VGC
|html|<table width="100%"><tr><td align="left">Boltsy VGC</td><td align="right">It&apos;sJustKen VGC</tr><tr><td align="left"><i class="fa fa-circle"></i> <i class="fa fa-circle-o"></i> </td><td align="right"><i class="fa fa-circle-o"></i> <i class="fa fa-circle-o"></i> </tr></table>
|uhtml|bestof|<h2><strong>Game 2</strong> of <a href="/game-bestof3-gen9vgc2025regi-2391230487">a best-of-3</a></h2>
|t:|1750819998
|gametype|doubles
|player|p1|Boltsy VGC|cynthia|
|player|p2|It'sJustKen VGC|caitlin|
|teamsize|p1|6
|teamsize|p2|6
|gen|9
|tier|[Gen 9] VGC 2025 Reg I
|rule|Species Clause: Limit one of each Pokémon
|rule|Item Clause: Limit 1 of each item
|rule|Evasion Moves Clause: Evasion moves are banned
|raw|<div class="infobox"><details class="readmore"><summary><strong>38 custom rules:</strong></summary> Force Open Team Sheets, Best Of = 3, -calyrex-shadow-rider, -miraidon, -rusted shield, -koraidon, -lunala, -calyrex-ice-rider, -kyogre, -terapagos, -rusted-sword, -ho-oh, -urshifu-rapid-strike, -incineroar, -rillaboom, -tornadus-incarnate, -iron hands, -cornerstone mask, -chi-yu, -flutter mane, -raging bolt, -farigiraf, -hearthflame mask, -amoonguss, -chien-pao, -indeedee-f, -whimsicott, -grimmsnarl, -brute bonnet, -landorus-incarnate, -ursaluna, +ursaluna-bloodmoon, -ditto, -urshifu, -smeargle, -Tatsugiri, -bright powder, Evasion Moves Clause</details></div>
|clearpoke
|poke|p1|Scream Tail, L50|
|poke|p1|Gothitelle, L50, F|
|poke|p1|Groudon, L50|
|poke|p1|Zacian-*, L50|
|poke|p1|Walking Wake, L50|
|poke|p1|Kingambit, L50, F|
|poke|p2|Necrozma-Dusk-Mane, L50|
|poke|p2|Gothitelle, L50, F|
|poke|p2|Hatterene, L50, F|
|poke|p2|Kingambit, L50, F|
|poke|p2|Politoed, L50, F|
|poke|p2|Palkia, L50|
|teampreview|4
|showteam|p1|Scream Tail||BoosterEnergy|Protosynthesis|Protect,Encore,Disable,PerishSong||||||50|,,,,,Dark]Gothitelle||SitrusBerry|ShadowTag|Protect,FakeOut,TrickRoom,Psychic|||F|||50|,,,,,Water]Groudon||ClearAmulet|Drought|Protect,PrecipiceBlades,HeatCrash,SwordsDance||||||50|,,,,,Water]Zacian||ChoiceBand|IntrepidSword|PlayRough,SacredSword,Crunch,TeraBlast||||||50|,,,,,Fire]Walking Wake||LifeOrb|Protosynthesis|Protect,HydroSteam,DracoMeteor,Flamethrower||||||50|,,,,,Fire]Kingambit||BlackGlasses|Defiant|Protect,KowtowCleave,IronHead,SuckerPunch|||F|||50|,,,,,Fire
|showteam|p2|Necrozma-Dusk-Mane||ClearAmulet|PrismArmor|TrickRoom,SunsteelStrike,PhotonGeyser,KnockOff||||||50|,,,,,Dark]Gothitelle||CovertCloak|ShadowTag|FakeOut,Taunt,Psychic,HelpingHand|||F|||50|,,,,,Grass]Hatterene||LifeOrb|MagicBounce|TrickRoom,Psychic,TeraBlast,DazzlingGleam|||F|||50|,,,,,Fairy]Kingambit||AssaultVest|Defiant|IronHead,KowtowCleave,SuckerPunch,LowKick|||F|||50|,,,,,Fighting]Politoed||SafetyGoggles|Drizzle|WeatherBall,Encore,IcyWind,HelpingHand|||F|||50|,,,,,Ghost]Palkia||ChoiceScarf|Pressure|DracoMeteor,Surf,Trick,HydroPump||||||50|,,,,,Stellar
|inactive|Battle timer is ON: inactive players will automatically lose when time's up. (requested by It'sJustKen VGC)
|inactive|It'sJustKen VGC has 60 seconds left.
|
|t:|1750820031
|start
|switch|p1a: Groudon|Groudon, L50|100/100
|switch|p1b: Scream Tail|Scream Tail, L50, shiny|100/100
|switch|p2a: Gothitelle|Gothitelle, L50, F|100/100
|switch|p2b: Palkia|Palkia, L50|100/100
|-ability|p2b: Palkia|Pressure
|-weather|SunnyDay|[from] ability: Drought|[of] p1a: Groudon
|-activate|p1b: Scream Tail|ability: Protosynthesis
|-start|p1b: Scream Tail|protosynthesisspe
|turn|1
|inactive|Boltsy VGC has 30 seconds left.
|
|t:|1750820064
|switch|p2a: Politoed|Politoed, L50, F|100/100
|-weather|RainDance|[from] ability: Drizzle|[of] p2a: Politoed
|-end|p1b: Scream Tail|Protosynthesis
|-enditem|p1b: Scream Tail|Booster Energy
|-activate|p1b: Scream Tail|ability: Protosynthesis|[fromitem]
|-start|p1b: Scream Tail|protosynthesisspe
|-terastallize|p1a: Groudon|Water
|move|p1b: Scream Tail|Protect|p1b: Scream Tail
|-singleturn|p1b: Scream Tail|Protect
|move|p2b: Palkia|Hydro Pump|p1a: Groudon
|-resisted|p1a: Groudon
|-damage|p1a: Groudon|50/100
|move|p1a: Groudon|Swords Dance|p1a: Groudon
|-boost|p1a: Groudon|atk|2
|
|-weather|RainDance|[upkeep]
|upkeep
|turn|2
|inactive|Boltsy VGC has 30 seconds left.
|inactive|It'sJustKen VGC has 30 seconds left.
|inactive|Boltsy VGC has 20 seconds left.
|inactive|Boltsy VGC has 15 seconds left.
|
|t:|1750820104
|switch|p2b: Gothitelle|Gothitelle, L50, F|100/100
|switch|p1a: Gothitelle|Gothitelle, L50, F|100/100
|move|p1b: Scream Tail|Perish Song|p1b: Scream Tail
|-start|p1a: Gothitelle|perish3|[silent]
|-start|p1b: Scream Tail|perish3|[silent]
|-start|p2a: Politoed|perish3|[silent]
|-start|p2b: Gothitelle|perish3|[silent]
|-fieldactivate|move: Perish Song
|move|p2a: Politoed|Icy Wind|p1a: Gothitelle|[spread] p1a,p1b
|-damage|p1a: Gothitelle|94/100
|-damage|p1b: Scream Tail|93/100
|-unboost|p1a: Gothitelle|spe|1
|-unboost|p1b: Scream Tail|spe|1
|
|-weather|RainDance|[upkeep]
|-start|p1b: Scream Tail|perish3
|-start|p2a: Politoed|perish3
|-start|p2b: Gothitelle|perish3
|-start|p1a: Gothitelle|perish3
|upkeep
|turn|3
|
|t:|1750820140
|move|p1b: Scream Tail|Protect|p1b: Scream Tail
|-singleturn|p1b: Scream Tail|Protect
|move|p2b: Gothitelle|Fake Out|p1a: Gothitelle
|-damage|p1a: Gothitelle|89/100
|cant|p1a: Gothitelle|flinch
|move|p2a: Politoed|Encore||[still]
|-fail|p2a: Politoed
|
|-weather|RainDance|[upkeep]
|-start|p1b: Scream Tail|perish2
|-start|p2a: Politoed|perish2
|-start|p2b: Gothitelle|perish2
|-start|p1a: Gothitelle|perish2
|upkeep
|turn|4
|inactive|Boltsy VGC has 30 seconds left.
|
|t:|1750820174
|move|p1b: Scream Tail|Encore|p2b: Gothitelle
|-start|p2b: Gothitelle|Encore
|move|p2a: Politoed|Encore||[still]
|-fail|p2a: Politoed
|move|p2b: Gothitelle|Fake Out||[still]
|-hint|Fake Out only works on your first turn out.
|-fail|p2b: Gothitelle
|move|p1a: Gothitelle|Trick Room|p1a: Gothitelle
|-fieldstart|move: Trick Room|[of] p1a: Gothitelle
|
|-weather|RainDance|[upkeep]
|-start|p1a: Gothitelle|perish1
|-start|p2b: Gothitelle|perish1
|-start|p2a: Politoed|perish1
|-start|p1b: Scream Tail|perish1
|upkeep
|turn|5
|
|t:|1750820195
|switch|p2b: Necrozma|Necrozma-Dusk-Mane, L50|100/100
|move|p1a: Gothitelle|Psychic|p2b: Necrozma
|-resisted|p2b: Necrozma
|-damage|p2b: Necrozma|94/100
|move|p2a: Politoed|Encore||[still]
|-fail|p2a: Politoed
|move|p1b: Scream Tail|Disable|p2a: Politoed
|-start|p2a: Politoed|Disable|Encore
|
|-weather|none
|-start|p1a: Gothitelle|perish0
|-start|p2a: Politoed|perish0
|-start|p1b: Scream Tail|perish0
|faint|p1a: Gothitelle
|faint|p2a: Politoed
|faint|p1b: Scream Tail
|-end|p1b: Scream Tail|Protosynthesis|[silent]
|upkeep
|
|t:|1750820212
|switch|p1a: Groudon|Groudon, L50, tera:Water|50/100
|switch|p2a: Gothitelle|Gothitelle, L50, F|100/100
|switch|p1b: Kingambit|Kingambit, L50, F|100/100
|-weather|SunnyDay|[from] ability: Drought|[of] p1a: Groudon
|turn|6
|inactive|It'sJustKen VGC has 30 seconds left.
|inactive|It'sJustKen VGC has 20 seconds left.
|inactive|It'sJustKen VGC has 15 seconds left.
|inactive|It'sJustKen VGC has 10 seconds left.
|inactive|It'sJustKen VGC has 5 seconds left.
|
|t:|1750820264
|-terastallize|p2b: Necrozma|Dark
|move|p2a: Gothitelle|Helping Hand|p2b: Necrozma
|-singleturn|p2b: Necrozma|Helping Hand|[of] p2a: Gothitelle
|move|p1a: Groudon|Protect|p1a: Groudon
|-singleturn|p1a: Groudon|Protect
|move|p1b: Kingambit|Sucker Punch||[still]
|-fail|p1b: Kingambit
|move|p2b: Necrozma|Knock Off|p1a: Groudon
|-activate|p1a: Groudon|move: Protect
|
|-weather|SunnyDay|[upkeep]
|upkeep
|turn|7
|inactive|Boltsy VGC has 30 seconds left.
|inactive|It'sJustKen VGC has 30 seconds left.
|
|t:|1750820296
|move|p2a: Gothitelle|Helping Hand|p2b: Necrozma
|-singleturn|p2b: Necrozma|Helping Hand|[of] p2a: Gothitelle
|move|p2b: Necrozma|Photon Geyser|p1a: Groudon
|-damage|p1a: Groudon|0 fnt
|faint|p1a: Groudon
|move|p1b: Kingambit|Kowtow Cleave|p2a: Gothitelle
|-supereffective|p2a: Gothitelle
|-damage|p2a: Gothitelle|0 fnt
|faint|p2a: Gothitelle
|
|-weather|SunnyDay|[upkeep]
|upkeep
|
|t:|1750820304
|switch|p2a: Palkia|Palkia, L50|100/100
|-ability|p2a: Palkia|Pressure
|turn|8
|
|t:|1750820329
|move|p2b: Necrozma|Knock Off|p1b: Kingambit
|-resisted|p1b: Kingambit
|-damage|p1b: Kingambit|77/100
|-enditem|p1b: Kingambit|Black Glasses|[from] move: Knock Off|[of] p2b: Necrozma
|move|p1b: Kingambit|Kowtow Cleave|p2a: Palkia
|-damage|p2a: Palkia|46/100
|move|p2a: Palkia|Trick|p1b: Kingambit
|-activate|p2a: Palkia|move: Trick|[of] p1b: Kingambit
|-item|p1b: Kingambit|Choice Scarf|[from] move: Trick
|-enditem|p2a: Palkia|Choice Scarf|[silent]|[from] move: Trick
|
|-weather|SunnyDay|[upkeep]
|-fieldend|move: Trick Room
|upkeep
|turn|9
|
|t:|1750820346
|move|p2a: Palkia|Draco Meteor|p1b: Kingambit
|-resisted|p1b: Kingambit
|-crit|p1b: Kingambit
|-damage|p1b: Kingambit|18/100
|-unboost|p2a: Palkia|spa|2
|move|p1b: Kingambit|Kowtow Cleave|p2a: Palkia
|-damage|p2a: Palkia|0 fnt
|faint|p2a: Palkia
|move|p2b: Necrozma|Sunsteel Strike|p1b: Kingambit
|-resisted|p1b: Kingambit
|-damage|p1b: Kingambit|0 fnt
|faint|p1b: Kingambit
|
|win|It'sJustKen VGC
||It'sJustKen VGC is ready for game 3.
||Boltsy VGC is ready for game 3.
|uhtml|next|Next: <a href="/battle-gen9vgc2025regi-2391235502"><strong>Game 3 of 3</strong></a>
|l|☆It'sJustKen VGC
|player|p2|
