|j|☆HeadHunt3rZ
|j|☆t1me2sleep
|t:|1750829763
|gametype|doubles
|player|p1|HeadHunt3rZ|acetrainer-gen4dp|1231
|player|p2|t1me2sleep|265|1128
|teamsize|p1|6
|teamsize|p2|6
|gen|9
|tier|[Gen 9] VGC 2025 Reg I
|rated|
|rule|Species Clause: Limit one of each Pokémon
|rule|Item Clause: Limit 1 of each item
|clearpoke
|poke|p1|Kyogre, L50|
|poke|p1|Volcarona, L50, F|
|poke|p1|Rillaboom, L50, F|
|poke|p1|Whimsicott, L50, F|
|poke|p1|Chien-Pao, L50|
|poke|p1|Giratina-Origin, L50|
|poke|p2|Calyrex-Ice, L50|
|poke|p2|Gallade, L50, M|
|poke|p2|Indeedee-F, L50, F|
|poke|p2|Hatterene, L50, F|
|poke|p2|Smeargle, L50, F|
|poke|p2|Torkoal, L50, M|
|teampreview|4
|inactive|Battle timer is ON: inactive players will automatically lose when time's up. (requested by HeadHunt3rZ)
t1me2sleep rejected open team sheets.
|
|t:|1750829787
|start
|switch|p1a: Volcarona|Volcarona, L50, F|100/100
|switch|p1b: Giratina|Giratina-Origin, L50|100/100
|switch|p2a: Calyrex|Calyrex-Ice, L50|100/100
|switch|p2b: Indeedee|Indeedee-F, L50, F|100/100
|-ability|p2a: Calyrex|As One
|-ability|p2a: Calyrex|Unnerve
|-fieldstart|move: Psychic Terrain|[from] ability: Psychic Surge|[of] p2b: Indeedee
|turn|1
|
|t:|1750829806
|move|p2b: Indeedee|Follow Me|p2b: Indeedee
|-singleturn|p2b: Indeedee|move: Follow Me
|move|p1a: Volcarona|Will-O-Wisp|p2b: Indeedee
|-status|p2b: Indeedee|brn
|move|p1b: Giratina|Draco Meteor|p2b: Indeedee
|-damage|p2b: Indeedee|36/100 brn
|-unboost|p1b: Giratina|spa|2
|move|p2a: Calyrex|Trick Room|p2a: Calyrex
|-fieldstart|move: Trick Room|[of] p2a: Calyrex
|
|-damage|p2b: Indeedee|30/100 brn|[from] brn
|upkeep
|turn|2
|
|t:|1750829830
|move|p1b: Giratina|Protect|p1b: Giratina
|-singleturn|p1b: Giratina|Protect
|move|p2b: Indeedee|Follow Me|p2b: Indeedee
|-singleturn|p2b: Indeedee|move: Follow Me
|move|p2a: Calyrex|Glacial Lance|p1b: Giratina|[spread] p1a
|-activate|p1b: Giratina|move: Protect
|-resisted|p1a: Volcarona
|-damage|p1a: Volcarona|69/100
|move|p1a: Volcarona|Struggle Bug|p2b: Indeedee|[spread] p2a,p2b
|-supereffective|p2a: Calyrex
|-supereffective|p2b: Indeedee
|-damage|p2a: Calyrex|77/100
|-damage|p2b: Indeedee|0 fnt
|faint|p2b: Indeedee
|
|upkeep
|
|t:|1750829845
|switch|p2b: Torkoal|Torkoal, L50, M|100/100
|-weather|SunnyDay|[from] ability: Drought|[of] p2b: Torkoal
|turn|3
|inactive|HeadHunt3rZ has 30 seconds left.
|
|t:|1750829873
|-terastallize|p2a: Calyrex|Fire
|-terastallize|p1b: Giratina|Fire
|move|p2b: Torkoal|Eruption|p1b: Giratina|[spread] p1a,p1b
|-resisted|p1b: Giratina
|-damage|p1a: Volcarona|0 fnt
|-damage|p1b: Giratina|64/100
|faint|p1a: Volcarona
|move|p2a: Calyrex|High Horsepower|p1b: Giratina
|-immune|p1b: Giratina|[from] ability: Levitate
|move|p1b: Giratina|Poltergeist|p2a: Calyrex
|-activate|p2a: Calyrex|move: Poltergeist|Clear Amulet
|-damage|p2a: Calyrex|36/100
|
|-weather|SunnyDay|[upkeep]
|upkeep
|
|t:|1750829884
|switch|p1a: Kyogre|Kyogre, L50|100/100
|-weather|RainDance|[from] ability: Drizzle|[of] p1a: Kyogre
|turn|4
|inactive|HeadHunt3rZ has 30 seconds left.
|inactive|t1me2sleep has 30 seconds left.
|
|t:|1750829910
|switch|p1a: Rillaboom|Rillaboom, L50, F|100/100
|-fieldstart|move: Grassy Terrain|[from] ability: Grassy Surge|[of] p1a: Rillaboom
|move|p2b: Torkoal|Eruption|p1b: Giratina|[spread] p1a,p1b
|-supereffective|p1a: Rillaboom
|-resisted|p1b: Giratina
|-damage|p1a: Rillaboom|61/100
|-damage|p1b: Giratina|52/100
|move|p2a: Calyrex|High Horsepower|p1a: Rillaboom
|-resisted|p1a: Rillaboom
|-damage|p1a: Rillaboom|38/100
|move|p1b: Giratina|Poltergeist|p2a: Calyrex
|-activate|p2a: Calyrex|move: Poltergeist|Clear Amulet
|-damage|p2a: Calyrex|0 fnt
|faint|p2a: Calyrex
|
|-weather|RainDance|[upkeep]
|-heal|p1a: Rillaboom|44/100|[from] Grassy Terrain
|upkeep
|
|t:|1750829929
|switch|p2a: Smeargle|Smeargle, L50, F|100/100
|turn|5
|
|t:|1750829944
|move|p1b: Giratina|Protect|p1b: Giratina
|-singleturn|p1b: Giratina|Protect
|move|p2b: Torkoal|Eruption|p1a: Rillaboom|[spread] p1a
|-activate|p1b: Giratina|move: Protect
|-supereffective|p1a: Rillaboom
|-damage|p1a: Rillaboom|1/100
|move|p1a: Rillaboom|U-turn|p2a: Smeargle
|-damage|p2a: Smeargle|44/100
|
|t:|1750829949
|switch|p1a: Kyogre|Kyogre, L50|100/100|[from] U-turn
|move|p2a: Smeargle|Spore|p1b: Giratina
|-activate|p1b: Giratina|move: Protect
|
|-weather|RainDance|[upkeep]
|-heal|p2a: Smeargle|50/100|[from] Grassy Terrain
|-fieldend|move: Trick Room
|upkeep
|turn|6
|
|t:|1750829972
|move|p1b: Giratina|Shadow Sneak|p2b: Torkoal
|-damage|p2b: Torkoal|80/100
|move|p2a: Smeargle|Spore|p1a: Kyogre
|-status|p1a: Kyogre|slp|[from] move: Spore
|cant|p1a: Kyogre|slp
|move|p2b: Torkoal|Eruption|p1a: Kyogre|[spread] p1a,p1b
|-resisted|p1a: Kyogre
|-resisted|p1b: Giratina
|-damage|p1a: Kyogre|90/100 slp
|-damage|p1b: Giratina|42/100
|
|-weather|RainDance|[upkeep]
|-heal|p2a: Smeargle|56/100|[from] Grassy Terrain
|-heal|p1a: Kyogre|96/100 slp|[from] Grassy Terrain
|-heal|p2b: Torkoal|86/100|[from] Grassy Terrain
|upkeep
|turn|7
|
|t:|1750829994
|move|p1b: Giratina|Protect|p1b: Giratina
|-singleturn|p1b: Giratina|Protect
|move|p2a: Smeargle|Decorate|p2b: Torkoal
|-boost|p2b: Torkoal|atk|2
|-boost|p2b: Torkoal|spa|2
|cant|p1a: Kyogre|slp
|move|p2b: Torkoal|Eruption|p1b: Giratina|[spread] p1a
|-activate|p1b: Giratina|move: Protect
|-resisted|p1a: Kyogre
|-damage|p1a: Kyogre|75/100 slp
|
|-weather|RainDance|[upkeep]
|-heal|p2a: Smeargle|62/100|[from] Grassy Terrain
|-heal|p1a: Kyogre|81/100 slp|[from] Grassy Terrain
|-heal|p2b: Torkoal|93/100|[from] Grassy Terrain
|upkeep
|turn|8
|
|t:|1750830012
|move|p2a: Smeargle|Decorate|p2b: Torkoal
|-boost|p2b: Torkoal|atk|2
|-boost|p2b: Torkoal|spa|2
|-curestatus|p1a: Kyogre|slp|[msg]
|move|p1a: Kyogre|Water Spout|p2b: Torkoal|[spread] p2a,p2b
|-supereffective|p2b: Torkoal
|-crit|p2b: Torkoal
|-damage|p2a: Smeargle|0 fnt
|-damage|p2b: Torkoal|0 fnt
|faint|p2a: Smeargle
|faint|p2b: Torkoal
|
|win|HeadHunt3rZ
|raw|HeadHunt3rZ's rating: 1231 &rarr; <strong>1249</strong><br />(+18 for winning)
|raw|t1me2sleep's rating: 1128 &rarr; <strong>1110</strong><br />(-18 for losing)
|l|☆t1me2sleep
|player|p2|
|l|☆HeadHunt3rZ
|player|p1|
