|j|☆dibz10
|j|☆Iusjs
|t:|1750741340
|gametype|doubles
|player|p1|dibz10|101|1284
|player|p2|Iusjs|102|1274
|teamsize|p1|6
|teamsize|p2|6
|gen|9
|tier|[Gen 9] VGC 2025 Reg I
|rated|
|rule|Species Clause: Limit one of each Pokémon
|rule|Item Clause: Limit 1 of each item
|clearpoke
|poke|p1|Miraidon, L50|
|poke|p1|Zamazenta-*, L50|
|poke|p1|Iron Hands, L50|
|poke|p1|Chien-Pao, L50|
|poke|p1|Urshifu-*, L50, F|
|poke|p1|Whimsicott, L50, M|
|poke|p2|Mudsdale, L50, M|
|poke|p2|Dialga, L50|
|poke|p2|Gallade, L50, M|
|poke|p2|Incineroar, L50, F|
|poke|p2|Indeedee-F, L50, F|
|poke|p2|Lunala, L50|
|teampreview|4
Iusjs has agreed to open team sheets.
dibz10 has agreed to open team sheets.
|showteam|p1|Miraidon||ChoiceSpecs|HadronEngine|DazzlingGleam,DracoMeteor,ElectroDrift,VoltSwitch||||||50|,,,,,Fairy]Zamazenta-Crowned||RustedShield|DauntlessShield|BodyPress,HeavySlam,WideGuard,Protect||||||50|,,,,,Ghost]Iron Hands||AssaultVest|QuarkDrive|DrainPunch,LowKick,WildCharge,FakeOut||||||50|,,,,,Water]Chien-Pao||FocusSash|SwordofRuin|IcicleCrash,Crunch,SuckerPunch,Protect||||||50|,,,,,Stellar]Urshifu-Rapid-Strike||ChoiceScarf|UnseenFist|SurgingStrikes,CloseCombat,AquaJet,Uturn|||F|||50|,,,,,Water]Whimsicott||CovertCloak|Prankster|Moonblast,LightScreen,Tailwind,Encore|||M|||50|,,,,,Dark
|showteam|p2|Mudsdale||ChoiceBand|InnerFocus|Earthquake,HighHorsepower,RockSlide,Superpower|||M|||50|,,,,,Grass]Dialga||PsychicSeed|Telepathy|TrickRoom,FlashCannon,RoarofTime,Protect||||||50|,,,,,Fairy]Gallade||FocusSash|Sharpness|TrickRoom,PsychoCut,SacredSword,WideGuard|||M|||50|,,,,,Ghost]Incineroar||CovertCloak|Intimidate|FakeOut,KnockOff,Roar,PartingShot|||F|||50|,,,,,Grass]Indeedee-F||SafetyGoggles|PsychicSurge|FollowMe,TrickRoom,DazzlingGleam,HelpingHand|||F|||50|,,,,,Fairy]Lunala||RockyHelmet|ShadowShield|WideGuard,MoongeistBeam,Moonblast,Protect||||||50|,,,,,Fairy
|inactive|Battle timer is ON: inactive players will automatically lose when time's up. (requested by Iusjs)
|
|t:|1750741427
|start
|switch|p1a: Chien-Pao|Chien-Pao, L50|100/100
|switch|p1b: Zamazenta|Zamazenta-Crowned, L50|100/100
|switch|p2a: Gallade|Gallade, L50, M|100/100
|switch|p2b: Incineroar|Incineroar, L50, F|100/100
|-ability|p1a: Chien-Pao|Sword of Ruin
|-ability|p1b: Zamazenta|Dauntless Shield|boost
|-boost|p1b: Zamazenta|def|1
|-ability|p2b: Incineroar|Intimidate|boost
|-unboost|p1a: Chien-Pao|atk|1
|-unboost|p1b: Zamazenta|atk|1
|turn|1
|inactive|Iusjs has 30 seconds left.
|inactive|Iusjs has 20 seconds left.
|inactive|Iusjs has 15 seconds left.
|
|t:|1750741468
|move|p1a: Chien-Pao|Protect|p1a: Chien-Pao
|-singleturn|p1a: Chien-Pao|Protect
|move|p1b: Zamazenta|Protect|p1b: Zamazenta
|-singleturn|p1b: Zamazenta|Protect
|move|p2b: Incineroar|Fake Out|p1a: Chien-Pao
|-activate|p1a: Chien-Pao|move: Protect
|move|p2a: Gallade|Trick Room|p2a: Gallade
|-fieldstart|move: Trick Room|[of] p2a: Gallade
|
|upkeep
|turn|2
|inactive|dibz10 has 30 seconds left.
|inactive|Iusjs has 30 seconds left.
|inactive|dibz10 has 20 seconds left.
|inactive|Iusjs has 20 seconds left.
|inactive|dibz10 has 15 seconds left.
|inactive|Iusjs has 15 seconds left.
|inactive|Iusjs has 10 seconds left.
|inactive|Iusjs has 5 seconds left.
|
|t:|1750741523
|-terastallize|p1b: Zamazenta|Ghost
|move|p2b: Incineroar|Fake Out||[still]
|-hint|Fake Out only works on your first turn out.
|-fail|p2b: Incineroar
|move|p1a: Chien-Pao|Sucker Punch||[still]
|-fail|p1a: Chien-Pao
|move|p1b: Zamazenta|Body Press|p2b: Incineroar
|-supereffective|p2b: Incineroar
|-damage|p2b: Incineroar|0 fnt
|faint|p2b: Incineroar
|move|p2a: Gallade|Trick Room|p2a: Gallade
|-fieldend|move: Trick Room
|
|upkeep
|
|t:|1750741538
|switch|p2b: Lunala|Lunala, L50|100/100
|turn|3
|
|t:|1750741547
|-terastallize|p2b: Lunala|Fairy
|move|p1a: Chien-Pao|Crunch|p2b: Lunala
|-resisted|p2b: Lunala
|-damage|p2b: Lunala|93/100
|-unboost|p2b: Lunala|def|1
|-damage|p1a: Chien-Pao|84/100|[from] item: Rocky Helmet|[of] p2b: Lunala
|move|p1b: Zamazenta|Body Press|p2a: Gallade
|-resisted|p2a: Gallade
|-damage|p2a: Gallade|20/100
|move|p2b: Lunala|Moongeist Beam|p1b: Zamazenta
|-supereffective|p1b: Zamazenta
|-damage|p1b: Zamazenta|7/100
|move|p2a: Gallade|Trick Room|p2a: Gallade
|-fieldstart|move: Trick Room|[of] p2a: Gallade
|
|upkeep
|turn|4
|
|t:|1750741569
|move|p1b: Zamazenta|Protect|p1b: Zamazenta
|-singleturn|p1b: Zamazenta|Protect
|move|p1a: Chien-Pao|Sucker Punch|p2a: Gallade
|-damage|p2a: Gallade|0 fnt
|faint|p2a: Gallade
|move|p2b: Lunala|Moonblast|p1b: Zamazenta
|-activate|p1b: Zamazenta|move: Protect
|
|upkeep
|
|t:|1750741577
|switch|p2a: Mudsdale|Mudsdale, L50, M|100/100
|turn|5
|
|t:|1750741595
|move|p1b: Zamazenta|Protect||[still]
|-fail|p1b: Zamazenta
|move|p1a: Chien-Pao|Protect|p1a: Chien-Pao
|-singleturn|p1a: Chien-Pao|Protect
|move|p2b: Lunala|Wide Guard|p2b: Lunala
|-singleturn|p2b: Lunala|Wide Guard
|move|p2a: Mudsdale|Earthquake|p1b: Zamazenta|[spread] p1b
|-activate|p2b: Lunala|move: Wide Guard
|-activate|p1a: Chien-Pao|move: Protect
|-damage|p1b: Zamazenta|0 fnt
|faint|p1b: Zamazenta
|
|upkeep
|
|t:|1750741608
|switch|p1b: Urshifu|Urshifu-Rapid-Strike, L50, F|100/100
|turn|6
|inactive|Iusjs has 30 seconds left.
|
|t:|1750741633
|move|p2a: Mudsdale|Earthquake|p1b: Urshifu|[spread] p2b,p1a,p1b
|-damage|p2b: Lunala|0 fnt
|-damage|p1a: Chien-Pao|4/100
|-damage|p1b: Urshifu|19/100
|faint|p2b: Lunala
|move|p1a: Chien-Pao|Icicle Crash|p2a: Mudsdale
|-supereffective|p2a: Mudsdale
|-damage|p2a: Mudsdale|30/100
|move|p1b: Urshifu|Surging Strikes|p2a: Mudsdale
|-supereffective|p2a: Mudsdale
|-crit|p2a: Mudsdale
|-damage|p2a: Mudsdale|0 fnt
|faint|p2a: Mudsdale
|-hitcount|p2: Mudsdale|1
|
|win|dibz10
|raw|dibz10's rating: 1284 &rarr; <strong>1308</strong><br />(+24 for winning)
|raw|Iusjs's rating: 1274 &rarr; <strong>1250</strong><br />(-24 for losing)
|l|☆dibz10
|player|p1|
