|j|☆Boltsy VGC
|j|☆NotCassieMD
|html|<table width="100%"><tr><td align="left">Boltsy VGC</td><td align="right">NotCassieMD</tr><tr><td align="left"><i class="fa fa-circle-o"></i> <i class="fa fa-circle-o"></i> </td><td align="right"><i class="fa fa-circle-o"></i> <i class="fa fa-circle-o"></i> </tr></table>
|uhtml|bestof|<h2><strong>Game 1</strong> of <a href="/game-bestof3-gen9vgc2025regi-2391305096">a best-of-3</a></h2>
|t:|1750832366
|gametype|doubles
|player|p1|Boltsy VGC|cynthia|
|player|p2|NotCassieMD|caitlin-masters|
|teamsize|p1|6
|teamsize|p2|6
|gen|9
|tier|[Gen 9] VGC 2025 Reg I
|rule|Species Clause: Limit one of each Pokémon
|rule|Item Clause: Limit 1 of each item
|rule|Evasion Moves Clause: Evasion moves are banned
|raw|<div class="infobox"><details class="readmore"><summary><strong>38 custom rules:</strong></summary> Force Open Team Sheets, Best Of = 3, -calyrex-shadow-rider, -miraidon, -rusted shield, -koraidon, -lunala, -calyrex-ice-rider, -kyogre, -terapagos, -rusted-sword, -ho-oh, -urshifu-rapid-strike, -incineroar, -rillaboom, -tornadus-incarnate, -iron hands, -cornerstone mask, -chi-yu, -flutter mane, -raging bolt, -farigiraf, -hearthflame mask, -amoonguss, -chien-pao, -indeedee-f, -whimsicott, -grimmsnarl, -brute bonnet, -landorus-incarnate, -ursaluna, +ursaluna-bloodmoon, -ditto, -urshifu, -smeargle, -Tatsugiri, -bright powder, Evasion Moves Clause</details></div>
|clearpoke
|poke|p1|Scream Tail, L50|
|poke|p1|Gothitelle, L50, F|
|poke|p1|Groudon, L50|
|poke|p1|Zacian-*, L50|
|poke|p1|Walking Wake, L50|
|poke|p1|Kingambit, L50, F|
|poke|p2|Zacian-*, L50|
|poke|p2|Talonflame, L50, F|
|poke|p2|Zamazenta-*, L50|
|poke|p2|Sinistcha, L50|
|poke|p2|Heatran, L50, F|
|poke|p2|Ogerpon-Wellspring, L50, F|
|teampreview|4
|showteam|p1|Scream Tail||BoosterEnergy|Protosynthesis|Protect,Encore,Disable,PerishSong||||||50|,,,,,Dark]Gothitelle||SitrusBerry|ShadowTag|Protect,FakeOut,TrickRoom,Psychic|||F|||50|,,,,,Water]Groudon||ClearAmulet|Drought|Protect,PrecipiceBlades,HeatCrash,SwordsDance||||||50|,,,,,Water]Zacian||ChoiceBand|IntrepidSword|PlayRough,SacredSword,Crunch,TeraBlast||||||50|,,,,,Fire]Walking Wake||LifeOrb|Protosynthesis|Protect,HydroSteam,DracoMeteor,Flamethrower||||||50|,,,,,Fire]Kingambit||BlackGlasses|Defiant|Protect,KowtowCleave,IronHead,SuckerPunch|||F|||50|,,,,,Fire
|showteam|p2|Zacian||ExpertBelt|IntrepidSword|PlayRough,PsychicFangs,SacredSword,Protect||||||50|,,,,,Psychic]Talonflame||MentalHerb|GaleWings|Tailwind,DualWingbeat,WillOWisp,Protect|||F|||50|,,,,,Ghost]Zamazenta||ClearAmulet|DauntlessShield|IronDefense,BodyPress,HeavySlam,Protect||||||50|,,,,,Steel]Sinistcha||OccaBerry|Hospitality|RagePowder,MatchaGotcha,Protect,LifeDew||||||50|,,,,,Water]Heatran||AssaultVest|FlashFire|HeatWave,FlashCannon,MagmaStorm,EarthPower|||F|||50|,,,,,Grass]Ogerpon-Wellspring||WellspringMask|WaterAbsorb|FollowMe,SpikyShield,IvyCudgel,WoodHammer|||F|||50|,,,,,Water
|c|☆NotCassieMD|glhf!
NotCassieMD has agreed to open team sheets.
|c|☆Boltsy VGC|glhf
|
|t:|1750832411
|start
|switch|p1a: Groudon|Groudon, L50|100/100
|switch|p1b: Walking Wake|Walking Wake, L50|100/100
|switch|p2a: Sinistcha|Sinistcha, L50|100/100
|switch|p2b: Zamazenta|Zamazenta, L50|100/100
|-ability|p2b: Zamazenta|Dauntless Shield|boost
|-boost|p2b: Zamazenta|def|1
|-weather|SunnyDay|[from] ability: Drought|[of] p1a: Groudon
|-activate|p1b: Walking Wake|ability: Protosynthesis
|-start|p1b: Walking Wake|protosynthesisspe
|turn|1
|
|t:|1750832477
|-terastallize|p2a: Sinistcha|Water
|move|p1a: Groudon|Protect|p1a: Groudon
|-singleturn|p1a: Groudon|Protect
|move|p2a: Sinistcha|Rage Powder|p2a: Sinistcha
|-singleturn|p2a: Sinistcha|move: Rage Powder
|move|p1b: Walking Wake|Flamethrower|p2a: Sinistcha
|-resisted|p2a: Sinistcha
|-damage|p2a: Sinistcha|77/100
|-damage|p1b: Walking Wake|91/100|[from] item: Life Orb
|move|p2b: Zamazenta|Iron Defense|p2b: Zamazenta
|-boost|p2b: Zamazenta|def|2
|
|-weather|SunnyDay|[upkeep]
|upkeep
|turn|2
|
|t:|1750832549
|move|p2a: Sinistcha|Rage Powder|p2a: Sinistcha
|-singleturn|p2a: Sinistcha|move: Rage Powder
|move|p1b: Walking Wake|Hydro Steam|p2a: Sinistcha
|-resisted|p2a: Sinistcha
|-damage|p2a: Sinistcha|46/100
|-damage|p1b: Walking Wake|81/100|[from] item: Life Orb
|move|p2b: Zamazenta|Body Press|p1b: Walking Wake
|-damage|p1b: Walking Wake|0 fnt
|faint|p1b: Walking Wake
|-end|p1b: Walking Wake|Protosynthesis|[silent]
|move|p1a: Groudon|Precipice Blades|p2a: Sinistcha|[spread] p2a,p2b
|-damage|p2a: Sinistcha|0 fnt
|-damage|p2b: Zamazenta|84/100
|faint|p2a: Sinistcha
|
|-weather|SunnyDay|[upkeep]
|upkeep
|
|t:|1750832579
|switch|p1b: Scream Tail|Scream Tail, L50, shiny|100/100
|switch|p2a: Talonflame|Talonflame, L50, F|100/100
|-activate|p1b: Scream Tail|ability: Protosynthesis
|-start|p1b: Scream Tail|protosynthesisspe
|turn|3
|
|t:|1750832612
|move|p1b: Scream Tail|Disable|p2b: Zamazenta
|-start|p2b: Zamazenta|Disable|Body Press
|move|p2b: Zamazenta|Heavy Slam|p1b: Scream Tail
|-supereffective|p1b: Scream Tail
|-damage|p1b: Scream Tail|46/100
|move|p2a: Talonflame|Will-O-Wisp|p1a: Groudon
|-status|p1a: Groudon|brn
|move|p1a: Groudon|Swords Dance|p1a: Groudon
|-boost|p1a: Groudon|atk|2
|
|-weather|SunnyDay|[upkeep]
|-damage|p1a: Groudon|94/100 brn|[from] brn
|upkeep
|turn|4
|
|t:|1750832644
|move|p2a: Talonflame|Tailwind|p2a: Talonflame
|-sidestart|p2: NotCassieMD|move: Tailwind
|move|p2b: Zamazenta|Heavy Slam|p1b: Scream Tail
|-supereffective|p1b: Scream Tail
|-damage|p1b: Scream Tail|0 fnt
|faint|p1b: Scream Tail
|-end|p1b: Scream Tail|Protosynthesis|[silent]
|move|p1a: Groudon|Precipice Blades|p2a: Talonflame|[spread] p2b
|-immune|p2a: Talonflame
|-damage|p2b: Zamazenta|69/100
|
|-weather|SunnyDay|[upkeep]
|-damage|p1a: Groudon|88/100 brn|[from] brn
|upkeep
|
|t:|1750832654
|switch|p1b: Kingambit|Kingambit, L50, F|100/100
|turn|5
|
|t:|1750832692
|-terastallize|p1b: Kingambit|Fire
|move|p2b: Zamazenta|Iron Defense|p2b: Zamazenta
|-boost|p2b: Zamazenta|def|2
|move|p2a: Talonflame|Will-O-Wisp|p1b: Kingambit
|-immune|p1b: Kingambit
|move|p1a: Groudon|Heat Crash|p2b: Zamazenta
|-damage|p2b: Zamazenta|56/100
|move|p1b: Kingambit|Kowtow Cleave|p2b: Zamazenta
|-resisted|p2b: Zamazenta
|-damage|p2b: Zamazenta|50/100
|
|-weather|none
|-damage|p1a: Groudon|82/100 brn|[from] brn
|upkeep
|turn|6
|
|t:|1750832734
|move|p2b: Zamazenta|Protect|p2b: Zamazenta
|-singleturn|p2b: Zamazenta|Protect
|move|p2a: Talonflame|Dual Wingbeat|p1b: Kingambit
|-damage|p1b: Kingambit|91/100
|-damage|p1b: Kingambit|82/100
|-hitcount|p1b: Kingambit|2
|move|p1b: Kingambit|Sucker Punch||[still]
|-fail|p1b: Kingambit
|move|p1a: Groudon|Heat Crash|p2b: Zamazenta
|-activate|p2b: Zamazenta|move: Protect
|
|-damage|p1a: Groudon|76/100 brn|[from] brn
|-end|p2b: Zamazenta|Disable
|upkeep
|turn|7
|
|t:|1750832760
|move|p2a: Talonflame|Dual Wingbeat|p1b: Kingambit
|-damage|p1b: Kingambit|73/100
|-damage|p1b: Kingambit|64/100
|-hitcount|p1b: Kingambit|2
|move|p2b: Zamazenta|Body Press|p1b: Kingambit
|-crit|p1b: Kingambit
|-damage|p1b: Kingambit|0 fnt
|faint|p1b: Kingambit
|move|p1a: Groudon|Heat Crash|p2b: Zamazenta
|-damage|p2b: Zamazenta|41/100
|
|-damage|p1a: Groudon|70/100 brn|[from] brn
|-sideend|p2: NotCassieMD|move: Tailwind
|upkeep
|turn|8
|
|t:|1750832784
|move|p2a: Talonflame|Dual Wingbeat|p1a: Groudon
|-damage|p1a: Groudon|62/100 brn
|-damage|p1a: Groudon|55/100 brn
|-hitcount|p1a: Groudon|2
|move|p2b: Zamazenta|Body Press|p1a: Groudon
|-damage|p1a: Groudon|0 fnt
|faint|p1a: Groudon
|
|win|NotCassieMD
||Boltsy VGC is ready for game 2.
||NotCassieMD is ready for game 2.
|uhtml|next|Next: <a href="/battle-gen9vgc2025regi-2391307236"><strong>Game 2 of 3</strong></a>
