|j|☆Richard123456789
|j|☆Dylukss
|t:|1750814606
|gametype|doubles
|player|p1|Richard123456789|harlequin|1230
|player|p2|Dylukss|burglar|1328
|teamsize|p1|6
|teamsize|p2|6
|gen|9
|tier|[Gen 9] VGC 2025 Reg I
|rated|
|rule|Species Clause: Limit one of each Pokémon
|rule|Item Clause: Limit 1 of each item
|clearpoke
|poke|p1|Koraidon, L50|
|poke|p1|Zamazenta-*, L50|
|poke|p1|Lilligant-Hisui, L50, F|
|poke|p1|Zapdos-Galar, L50|
|poke|p1|Iron Valiant, L50|
|poke|p1|Scrafty, L50, M|
|poke|p2|Iron Bundle, L50|
|poke|p2|Calyrex-Shadow, L50|
|poke|p2|Zamazenta-*, L50|
|poke|p2|Incineroar, L50, M|
|poke|p2|Raging Bolt, L50|
|poke|p2|Amoonguss, L50, M|
|teampreview|4
|inactive|Battle timer is ON: inactive players will automatically lose when time's up. (requested by Dylukss)
|inactive|Richard123456789 also wants the timer to be on.
|inactive|Richard123456789 has 60 seconds left.
|inactive|Richard123456789 has 30 seconds left.
|
|t:|1750814671
|start
|switch|p1a: Koraidon|Koraidon, L50|100/100
|switch|p1b: Lilligant|Lilligant-Hisui, L50, F|100/100
|switch|p2a: Amoonguss|Amoonguss, L50, M, shiny|100/100
|switch|p2b: Raging Bolt|Raging Bolt, L50|100/100
|-weather|SunnyDay|[from] ability: Orichalcum Pulse|[of] p1a: Koraidon
|-activate|p2b: Raging Bolt|ability: Protosynthesis
|-start|p2b: Raging Bolt|protosynthesisspa
|-activate|p1a: Koraidon|Orichalcum Pulse|[source]
|turn|1
|inactive|Dylukss has 30 seconds left.
|
|t:|1750814703
|move|p2a: Amoonguss|Protect|p2a: Amoonguss
|-singleturn|p2a: Amoonguss|Protect
|move|p2b: Raging Bolt|Thunderclap|p1a: Koraidon
|-resisted|p1a: Koraidon
|-damage|p1a: Koraidon|90/100
|move|p1b: Lilligant|Sleep Powder|p2b: Raging Bolt
|-status|p2b: Raging Bolt|slp|[from] move: Sleep Powder
|move|p1a: Koraidon|Flare Blitz|p2a: Amoonguss
|-activate|p2a: Amoonguss|move: Protect
|
|-weather|SunnyDay|[upkeep]
|upkeep
|turn|2
|
|t:|1750814724
|-terastallize|p2a: Amoonguss|Dark
|move|p1b: Lilligant|Encore|p2a: Amoonguss
|-start|p2a: Amoonguss|Encore
|move|p1a: Koraidon|Flame Charge|p2b: Raging Bolt
|-resisted|p2b: Raging Bolt
|-damage|p2b: Raging Bolt|87/100 slp
|-boost|p1a: Koraidon|spe|1
|cant|p2b: Raging Bolt|slp
|move|p2a: Amoonguss|Protect||[still]
|-fail|p2a: Amoonguss
|
|-weather|SunnyDay|[upkeep]
|upkeep
|turn|3
|
|t:|1750814740
|move|p2a: Amoonguss|Protect|p2a: Amoonguss
|-singleturn|p2a: Amoonguss|Protect
|move|p1b: Lilligant|Coaching|p1a: Koraidon
|-boost|p1a: Koraidon|atk|1
|-boost|p1a: Koraidon|def|1
|move|p1a: Koraidon|Breaking Swipe|p2a: Amoonguss|[spread] p2b
|-activate|p2a: Amoonguss|move: Protect
|-supereffective|p2b: Raging Bolt
|-damage|p2b: Raging Bolt|9/100 slp
|-unboost|p2b: Raging Bolt|atk|1
|cant|p2b: Raging Bolt|slp
|
|-weather|SunnyDay|[upkeep]
|upkeep
|turn|4
|
|t:|1750814756
|move|p2a: Amoonguss|Protect||[still]
|-fail|p2a: Amoonguss
|move|p1b: Lilligant|Coaching|p1a: Koraidon
|-boost|p1a: Koraidon|atk|1
|-boost|p1a: Koraidon|def|1
|move|p1a: Koraidon|Breaking Swipe|p2a: Amoonguss|[spread] p2a,p2b
|-supereffective|p2b: Raging Bolt
|-damage|p2a: Amoonguss|54/100
|-damage|p2b: Raging Bolt|0 fnt
|-unboost|p2a: Amoonguss|atk|1
|-damage|p1a: Koraidon|74/100|[from] item: Rocky Helmet|[of] p2a: Amoonguss
|faint|p2b: Raging Bolt
|-end|p2b: Raging Bolt|Protosynthesis|[silent]
|
|-weather|SunnyDay|[upkeep]
|-end|p2a: Amoonguss|Encore
|upkeep
|
|t:|1750814762
|switch|p2b: Iron Bundle|Iron Bundle, L50, shiny|100/100
|-enditem|p2b: Iron Bundle|Booster Energy
|-activate|p2b: Iron Bundle|ability: Quark Drive|[fromitem]
|-start|p2b: Iron Bundle|quarkdrivespe
|turn|5
|inactive|Richard123456789 has 30 seconds left.
|
|t:|1750814789
|move|p2b: Iron Bundle|Protect|p2b: Iron Bundle
|-singleturn|p2b: Iron Bundle|Protect
|move|p2a: Amoonguss|Protect|p2a: Amoonguss
|-singleturn|p2a: Amoonguss|Protect
|move|p1b: Lilligant|Pollen Puff|p1a: Koraidon
|-heal|p1a: Koraidon|100/100
|move|p1a: Koraidon|Collision Course|p2a: Amoonguss
|-activate|p2a: Amoonguss|move: Protect
|
|-weather|none
|upkeep
|turn|6
|inactive|Richard123456789 has 30 seconds left.
|inactive|Richard123456789 has 20 seconds left.
|inactive|Richard123456789 has 15 seconds left.
|inactive|Richard123456789 has 10 seconds left.
|
|t:|1750814837
|-terastallize|p1a: Koraidon|Fire
|move|p2b: Iron Bundle|Icy Wind|p1b: Lilligant|[spread] p1a,p1b
|-resisted|p1a: Koraidon
|-supereffective|p1b: Lilligant
|-damage|p1a: Koraidon|96/100
|-damage|p1b: Lilligant|50/100
|-unboost|p1a: Koraidon|spe|1
|move|p1b: Lilligant|Sleep Powder|p2b: Iron Bundle
|-status|p2b: Iron Bundle|slp|[from] move: Sleep Powder
|move|p1a: Koraidon|Flame Charge|p2a: Amoonguss
|-damage|p2a: Amoonguss|6/100
|-boost|p1a: Koraidon|spe|1
|-damage|p1a: Koraidon|79/100|[from] item: Rocky Helmet|[of] p2a: Amoonguss
|move|p2a: Amoonguss|Pollen Puff|p1b: Lilligant
|-damage|p1b: Lilligant|29/100
|
|upkeep
|turn|7
|inactive|Richard123456789 has 30 seconds left.
|inactive|Dylukss has 30 seconds left.
|inactive|Richard123456789 has 20 seconds left.
|inactive|Dylukss has 20 seconds left.
|inactive|Richard123456789 has 15 seconds left.
|inactive|Richard123456789 has 10 seconds left.
|
|t:|1750814888
|move|p2a: Amoonguss|Rage Powder|p2a: Amoonguss
|-singleturn|p2a: Amoonguss|move: Rage Powder
|cant|p2b: Iron Bundle|slp
|move|p1a: Koraidon|Breaking Swipe|p2a: Amoonguss|[spread] p2a,p2b
|-damage|p2a: Amoonguss|0 fnt
|-damage|p2b: Iron Bundle|37/100 slp
|-unboost|p2b: Iron Bundle|atk|1
|-damage|p1a: Koraidon|63/100|[from] item: Rocky Helmet|[of] p2a: Amoonguss
|faint|p2a: Amoonguss
|move|p1b: Lilligant|Pollen Puff|p1a: Koraidon
|-heal|p1a: Koraidon|100/100
|
|upkeep
|
|t:|1750814898
|switch|p2a: Calyrex|Calyrex-Shadow, L50|100/100
|-ability|p2a: Calyrex|As One
|-ability|p2a: Calyrex|Unnerve
|turn|8
|
|t:|1750814917
|switch|p1b: Scrafty|Scrafty, L50, M|100/100
|-ability|p1b: Scrafty|Intimidate|boost
|-unboost|p2a: Calyrex|atk|1
|-unboost|p2b: Iron Bundle|atk|1
|cant|p2b: Iron Bundle|slp
|move|p1a: Koraidon|Flame Charge|p2a: Calyrex
|-damage|p2a: Calyrex|20/100
|-boost|p1a: Koraidon|spe|1
|move|p2a: Calyrex|Psychic|p1a: Koraidon
|-damage|p1a: Koraidon|70/100
|-unboost|p1a: Koraidon|spd|1
|
|upkeep
|turn|9
|-message|Dylukss forfeited.
|
|win|Richard123456789
|raw|Richard123456789's rating: 1230 &rarr; <strong>1262</strong><br />(+32 for winning)
|raw|Dylukss's rating: 1328 &rarr; <strong>1303</strong><br />(-25 for losing)
|l|☆Dylukss
|player|p2|
|l|☆Richard123456789
|player|p1|
