|j|☆andandandandand
|j|☆Cloud Uwu
|t:|1750872060
|gametype|doubles
|player|p1|andandandandand|skyla|1321
|player|p2|Cloud Uwu|parasollady|1293
|teamsize|p1|6
|teamsize|p2|6
|gen|9
|tier|[Gen 9] VGC 2025 Reg I
|rated|
|rule|Species Clause: Limit one of each Pokémon
|rule|Item Clause: Limit 1 of each item
|clearpoke
|poke|p1|Whimsicott, L50, M|
|poke|p1|Reshiram, L50|
|poke|p1|Groudon, L50|
|poke|p1|Walking Wake, L50|
|poke|p1|Urshifu-*, L50, M|
|poke|p1|Sinistcha-Masterpiece, L50|
|poke|p2|Terapagos, L50, M|
|poke|p2|Kyogre, L50|
|poke|p2|Tsareena, L50, F|
|poke|p2|Talonflame, L50, F|
|poke|p2|Clefairy, L50, F|
|poke|p2|Smeargle, L50, F|
|teampreview|4
|inactive|Battle timer is ON: inactive players will automatically lose when time's up. (requested by andandandandand)
|
|t:|1750872090
|start
|switch|p1a: Whimsicott|Whimsicott, L50, M, shiny|100/100
|switch|p1b: Groudon|Groudon, L50, shiny|100/100
|switch|p2a: Paige|Terapagos, L50, M|100/100
|switch|p2b: Frida|Smeargle, L50, F, shiny|100/100
|-activate|p2a: Paige|ability: Tera Shift
|detailschange|p2a: Paige|Terapagos-Terastal, L50, M
|-heal|p2a: Paige|100/100|[silent]
|-weather|SunnyDay|[from] ability: Drought|[of] p1b: Groudon
|turn|1
|inactive|andandandandand has 30 seconds left.
|
|t:|1750872115
|-terastallize|p1b: Groudon|Fire
|move|p2b: Frida|Fake Out|p1a: Whimsicott
|-damage|p1a: Whimsicott|93/100
|move|p1a: Whimsicott|Moonblast|p2a: Paige
|-activate|p2a: Paige|ability: Tera Shell
|-resisted|p2a: Paige
|-damage|p2a: Paige|87/100
|move|p1b: Groudon|Eruption|p2b: Frida|[spread] p2a,p2b
|-damage|p2a: Paige|14/100
|-enditem|p2b: Frida|Focus Sash
|-damage|p2b: Frida|1/100
|move|p2a: Paige|Calm Mind|p2a: Paige
|-boost|p2a: Paige|spa|1
|-boost|p2a: Paige|spd|1
|
|-weather|SunnyDay|[upkeep]
|-heal|p2a: Paige|20/100|[from] item: Leftovers
|upkeep
|turn|2
|inactive|Cloud Uwu has 30 seconds left.
|
|t:|1750872147
|move|p2b: Frida|Wide Guard|p2b: Frida
|-singleturn|p2b: Frida|Wide Guard
|move|p1a: Whimsicott|Moonblast|p2b: Frida
|-damage|p2b: Frida|0 fnt
|faint|p2b: Frida
|move|p1b: Groudon|Eruption|p2a: Paige
|-activate|p2a: Paige|move: Wide Guard
|move|p2a: Paige|Tera Starstorm|p1b: Groudon
|-damage|p1b: Groudon|18/100
|
|-weather|SunnyDay|[upkeep]
|-heal|p2a: Paige|26/100|[from] item: Leftovers
|upkeep
|
|t:|1750872160
|switch|p2b: Submotherine|Kyogre, L50|100/100
|-weather|RainDance|[from] ability: Drizzle|[of] p2b: Submotherine
|turn|3
|
|t:|1750872171
|move|p2a: Paige|Protect|p2a: Paige
|-singleturn|p2a: Paige|Protect
|move|p1a: Whimsicott|Sunny Day|p1a: Whimsicott
|-weather|SunnyDay
|move|p2b: Submotherine|Water Spout|p1a: Whimsicott|[spread] p1a,p1b
|-resisted|p1a: Whimsicott
|-supereffective|p1b: Groudon
|-damage|p1a: Whimsicott|62/100
|-damage|p1b: Groudon|0 fnt
|faint|p1b: Groudon
|
|-weather|SunnyDay|[upkeep]
|-heal|p2a: Paige|32/100|[from] item: Leftovers
|upkeep
|
|t:|1750872189
|switch|p1b: Reshiram|Reshiram, L50, shiny|100/100
|-ability|p1b: Reshiram|Turboblaze
|turn|4
|
|t:|1750872204
|move|p1a: Whimsicott|Encore|p2a: Paige
|-start|p2a: Paige|Encore
|move|p2b: Submotherine|Ice Beam|p1a: Whimsicott
|-supereffective|p1a: Whimsicott
|-damage|p1a: Whimsicott|0 fnt
|faint|p1a: Whimsicott
|move|p1b: Reshiram|Solar Beam||[still]
|-prepare|p1b: Reshiram|Solar Beam
|-anim|p1b: Reshiram|Solar Beam|p2b: Submotherine
|-supereffective|p2b: Submotherine
|-damage|p2b: Submotherine|0 fnt
|faint|p2b: Submotherine
|move|p2a: Paige|Protect||[still]
|-fail|p2a: Paige
|
|-weather|SunnyDay|[upkeep]
|-heal|p2a: Paige|38/100|[from] item: Leftovers
|upkeep
|
|t:|1750872215
|switch|p1a: Walking Wake|Walking Wake, L50|100/100
|switch|p2b: Ari Zona|Talonflame, L50, F, shiny|100/100
|-activate|p1a: Walking Wake|ability: Protosynthesis
|-start|p1a: Walking Wake|protosynthesisspe
|turn|5
|
|t:|1750872224
|move|p2a: Paige|Protect|p2a: Paige
|-singleturn|p2a: Paige|Protect
|move|p2b: Ari Zona|Tailwind|p2b: Ari Zona
|-sidestart|p2: Cloud Uwu|move: Tailwind
|move|p1a: Walking Wake|Hydro Steam|p2b: Ari Zona
|-supereffective|p2b: Ari Zona
|-damage|p2b: Ari Zona|0 fnt
|faint|p2b: Ari Zona
|-damage|p1a: Walking Wake|91/100|[from] item: Life Orb
|move|p1b: Reshiram|Solar Beam||[still]
|-prepare|p1b: Reshiram|Solar Beam
|-anim|p1b: Reshiram|Solar Beam|p2a: Paige
|-activate|p2a: Paige|move: Protect
|
|-weather|SunnyDay|[upkeep]
|-heal|p2a: Paige|44/100|[from] item: Leftovers
|upkeep
|turn|6
|
|t:|1750872236
|-terastallize|p2a: Paige|Stellar
|detailschange|p2a: Paige|Terapagos-Stellar, L50, M, tera:Stellar
|-heal|p2a: Paige|58/100|[silent]
|-ability|p2a: Paige|Teraform Zero
|-weather|none
|-end|p1a: Walking Wake|Protosynthesis
|move|p2a: Paige|Protect||[still]
|-fail|p2a: Paige
|move|p1a: Walking Wake|Hydro Steam|p2a: Paige
|-damage|p2a: Paige|35/100
|-damage|p1a: Walking Wake|81/100|[from] item: Life Orb
|move|p1b: Reshiram|Solar Beam||[still]
|-prepare|p1b: Reshiram|Solar Beam
|
|-heal|p2a: Paige|41/100|[from] item: Leftovers
|-end|p2a: Paige|Encore
|upkeep
|turn|7
|
|t:|1750872258
|move|p2a: Paige|Tera Starstorm|p1b: Reshiram|[spread] p1a,p1b
|-crit|p1a: Walking Wake
|-damage|p1a: Walking Wake|0 fnt
|-damage|p1b: Reshiram|55/100
|faint|p1a: Walking Wake
|-end|p1a: Walking Wake|Protosynthesis|[silent]
|move|p1b: Reshiram|Solar Beam|p2a: Paige|[from] lockedmove
|-damage|p2a: Paige|9/100
|
|-heal|p2a: Paige|15/100|[from] item: Leftovers
|upkeep
|turn|8
|
|t:|1750872270
|move|p2a: Paige|Earth Power|p1b: Reshiram
|-supereffective|p1b: Reshiram
|-damage|p1b: Reshiram|0 fnt
|faint|p1b: Reshiram
|
|win|Cloud Uwu
|raw|andandandandand's rating: 1321 &rarr; <strong>1299</strong><br />(-22 for losing)
|raw|Cloud Uwu's rating: 1293 &rarr; <strong>1320</strong><br />(+27 for winning)
|l|☆andandandandand
|player|p1|
