|j|☆cream 670
|j|☆Voltx1
|t:|1750811916
|gametype|doubles
|player|p1|cream 670|kimonogirl|1473
|player|p2|Voltx1|alder|1423
|teamsize|p1|6
|teamsize|p2|6
|gen|9
|tier|[Gen 9] VGC 2025 Reg I
|rated|
|rule|Species Clause: Limit one of each Pokémon
|rule|Item Clause: Limit 1 of each item
|clearpoke
|poke|p1|Rillaboom, L50, F|
|poke|p1|Koraidon, L50|
|poke|p1|Incineroar, L50, M|
|poke|p1|Calyrex-Ice, L50|
|poke|p1|Volcarona, L50, F|
|poke|p1|Sandy Shocks, L50|
|poke|p2|Calyrex-Shadow, L50|
|poke|p2|Zamazenta-*, L50|
|poke|p2|Incineroar, L50, F|
|poke|p2|Rillaboom, L50, M|
|poke|p2|Amoonguss, L50, F|
|poke|p2|Urshifu-*, L50, M|
|teampreview|4
|
|t:|1750811954
|start
|switch|p1a: Volcarona|Volcarona, L50, F|100/100
|switch|p1b: Calyrex|Calyrex-Ice, L50|100/100
|switch|p2a: Amoonguss|Amoonguss, L50, F|100/100
|switch|p2b: Urshifu|Urshifu, L50, M|100/100
|-ability|p1b: Calyrex|As One
|-ability|p1b: Calyrex|Unnerve
|turn|1
|inactive|Battle timer is ON: inactive players will automatically lose when time's up. (requested by Voltx1)
|inactive|Voltx1 has 60 seconds left.
|
|t:|1750812081
|-terastallize|p2a: Amoonguss|Fire
|move|p1a: Volcarona|Rage Powder|p1a: Volcarona
|-singleturn|p1a: Volcarona|move: Rage Powder
|move|p2b: Urshifu|Sucker Punch||[still]
|-fail|p2b: Urshifu
|move|p1b: Calyrex|Glacial Lance|p2b: Urshifu|[spread] p2a,p2b
|-resisted|p2a: Amoonguss
|-damage|p2a: Amoonguss|75/100
|-damage|p2b: Urshifu|42/100
|move|p2a: Amoonguss|Spore|p1a: Volcarona
|-status|p1a: Volcarona|slp|[from] move: Spore
|
|upkeep
|turn|2
|inactive|cream 670 has 30 seconds left.
|inactive|Voltx1 has 30 seconds left.
|inactive|cream 670 has 20 seconds left.
|
|t:|1750812118
|-terastallize|p1b: Calyrex|Dragon
|cant|p1a: Volcarona|slp
|move|p2b: Urshifu|Wicked Blow|p1b: Calyrex
|-crit|p1b: Calyrex
|-damage|p1b: Calyrex|54/100
|move|p1b: Calyrex|High Horsepower|p2a: Amoonguss
|-supereffective|p2a: Amoonguss
|-damage|p2a: Amoonguss|2/100
|move|p2a: Amoonguss|Spore|p1b: Calyrex
|-status|p1b: Calyrex|slp|[from] move: Spore
|
|upkeep
|turn|3
|
|t:|1750812138
|switch|p1b: コライドンv|Koraidon, L50|100/100
|-weather|SunnyDay|[from] ability: Orichalcum Pulse|[of] p1b: コライドンv
|-activate|p1b: コライドンv|Orichalcum Pulse|[source]
|switch|p2a: Calyrex|Calyrex-Shadow, L50|100/100
|-ability|p2a: Calyrex|As One
|-ability|p2a: Calyrex|Unnerve
|move|p2b: Urshifu|Wicked Blow|p1a: Volcarona
|-crit|p1a: Volcarona
|-damage|p1a: Volcarona|29/100 slp
|-damage|p2b: Urshifu|25/100|[from] item: Rocky Helmet|[of] p1a: Volcarona
|-status|p2b: Urshifu|brn|[from] ability: Flame Body|[of] p1a: Volcarona
|cant|p1a: Volcarona|slp
|
|-weather|SunnyDay|[upkeep]
|-damage|p2b: Urshifu|19/100 brn|[from] brn
|upkeep
|turn|4
|inactive|Voltx1 has 30 seconds left.
|
|t:|1750812166
|move|p1b: コライドンv|Protect|p1b: コライドンv
|-singleturn|p1b: コライドンv|Protect
|move|p2b: Urshifu|Sucker Punch||[still]
|-fail|p2b: Urshifu
|move|p2a: Calyrex|Psychic|p1b: コライドンv
|-activate|p1b: コライドンv|move: Protect
|-curestatus|p1a: Volcarona|slp|[msg]
|move|p1a: Volcarona|Struggle Bug|p2b: Urshifu|[spread] p2a,p2b
|-damage|p2a: Calyrex|83/100
|-damage|p2b: Urshifu|0 fnt
|-unboost|p2a: Calyrex|spa|1
|faint|p2b: Urshifu
|
|-weather|SunnyDay|[upkeep]
|upkeep
|
|t:|1750812176
|switch|p2b: Zamazenta|Zamazenta-Crowned, L50|100/100
|-ability|p2b: Zamazenta|Dauntless Shield|boost
|-boost|p2b: Zamazenta|def|1
|turn|5
|inactive|Voltx1 has 30 seconds left.
|
|t:|1750812208
|move|p1a: Volcarona|Rage Powder|p1a: Volcarona
|-singleturn|p1a: Volcarona|move: Rage Powder
|move|p2a: Calyrex|Astral Barrage|p1a: Volcarona|[spread] p1a,p1b
|-damage|p1a: Volcarona|0 fnt
|-damage|p1b: コライドンv|64/100
|faint|p1a: Volcarona
|-ability|p2a: Calyrex|Grim Neigh|boost
|-boost|p2a: Calyrex|spa|1
|move|p1b: コライドンv|Flame Charge|p2b: Zamazenta
|-supereffective|p2b: Zamazenta
|-damage|p2b: Zamazenta|66/100
|-boost|p1b: コライドンv|spe|1
|-damage|p1b: コライドンv|55/100|[from] item: Life Orb
|move|p2b: Zamazenta|Body Press|p1b: コライドンv
|-damage|p1b: コライドンv|0 fnt
|faint|p1b: コライドンv
|
|-weather|SunnyDay|[upkeep]
|upkeep
|
|t:|1750812224
|switch|p1b: Calyrex|Calyrex-Ice, L50, tera:Dragon|54/100 slp
|switch|p1a: Sandy Shocks|Sandy Shocks, L50|100/100
|-ability|p1b: Calyrex|As One
|-ability|p1b: Calyrex|Unnerve
|-activate|p1a: Sandy Shocks|ability: Protosynthesis
|-start|p1a: Sandy Shocks|protosynthesisspe
|turn|6
|
|t:|1750812245
|move|p1a: Sandy Shocks|Earth Power|p2b: Zamazenta
|-supereffective|p2b: Zamazenta
|-damage|p2b: Zamazenta|11/100
|move|p2a: Calyrex|Astral Barrage|p1a: Sandy Shocks|[spread] p1a,p1b
|-crit|p1b: Calyrex
|-damage|p1a: Sandy Shocks|33/100
|-damage|p1b: Calyrex|4/100 slp
|move|p2b: Zamazenta|Body Press|p1a: Sandy Shocks
|-damage|p1a: Sandy Shocks|0 fnt
|faint|p1a: Sandy Shocks
|-end|p1a: Sandy Shocks|Protosynthesis|[silent]
|cant|p1b: Calyrex|slp
|
|-weather|SunnyDay|[upkeep]
|upkeep
|turn|7
|-message|cream 670 forfeited.
|
|win|Voltx1
|raw|cream 670's rating: 1473 &rarr; <strong>1450</strong><br />(-23 for losing)
|raw|Voltx1's rating: 1423 &rarr; <strong>1446</strong><br />(+23 for winning)
|c|☆cream 670|Gg
|c|☆cream 670|Cant believe i threw that
|l|☆Voltx1
|player|p2|
|l|☆cream 670
|player|p1|
