|j|☆whatshisnutz
|j|☆YugiMotoKOG
|t:|1750802650
|gametype|doubles
|player|p1|whatshisnutz|infielder|1101
|player|p2|YugiMotoKOG|169|1084
|teamsize|p1|6
|teamsize|p2|6
|gen|9
|tier|[Gen 9] VGC 2025 Reg I
|rated|
|rule|Species Clause: Limit one of each Pokémon
|rule|Item Clause: Limit 1 of each item
|clearpoke
|poke|p1|Koraidon, L50|
|poke|p1|Terapagos, L50, M|
|poke|p1|Flutter Mane, L50|
|poke|p1|Rillaboom, L50, F|
|poke|p1|Incineroar, L50, M|
|poke|p1|Volcarona, L50, F|
|poke|p2|Primeape, L50, F|
|poke|p2|Smeargle, L50, M|
|poke|p2|Koraidon, L50|
|poke|p2|Urshifu-*, L50, M|
|poke|p2|Calyrex-Shadow, L50|
|poke|p2|Gothitelle, L50, M|
|teampreview|4
YugiMotoKOG rejected open team sheets.
|inactive|Battle timer is ON: inactive players will automatically lose when time's up. (requested by YugiMotoKOG)
|c|☆YugiMotoKOG|ru there bro
|inactive|whatshisnutz has 60 seconds left.
|
|t:|1750802784
|start
|switch|p1a: Incineroar|Incineroar, L50, M|100/100
|switch|p1b: Terapagos|Terapagos, L50, M|100/100
|switch|p2a: Calyrex|Calyrex-Shadow, L50|100/100
|switch|p2b: Urshifu|Urshifu, L50, M|100/100
|-activate|p1b: Terapagos|ability: Tera Shift
|detailschange|p1b: Terapagos|Terapagos-Terastal, L50, M
|-heal|p1b: Terapagos|100/100|[silent]
|-ability|p2a: Calyrex|As One
|-ability|p2a: Calyrex|Unnerve
|-ability|p1a: Incineroar|Intimidate|boost
|-unboost|p2a: Calyrex|atk|1
|-unboost|p2b: Urshifu|atk|1
|turn|1
|inactive|whatshisnutz has 30 seconds left.
|
|t:|1750802811
|move|p2a: Calyrex|Protect|p2a: Calyrex
|-singleturn|p2a: Calyrex|Protect
|move|p2b: Urshifu|Close Combat|p1a: Incineroar
|-supereffective|p1a: Incineroar
|-damage|p1a: Incineroar|43/100
|-unboost|p2b: Urshifu|def|1
|-unboost|p2b: Urshifu|spd|1
|move|p1b: Terapagos|Calm Mind|p1b: Terapagos
|-boost|p1b: Terapagos|spa|1
|-boost|p1b: Terapagos|spd|1
|move|p1a: Incineroar|Knock Off|p2a: Calyrex
|-activate|p2a: Calyrex|move: Protect
|
|upkeep
|turn|2
|inactive|whatshisnutz has 30 seconds left.
|inactive|YugiMotoKOG has 30 seconds left.
|
|t:|1750802844
|move|p2a: Calyrex|Astral Barrage|p1b: Terapagos|[spread] p1a
|-immune|p1b: Terapagos
|-resisted|p1a: Incineroar
|-damage|p1a: Incineroar|10/100
|-damage|p2a: Calyrex|91/100|[from] item: Life Orb
|move|p2b: Urshifu|Wicked Blow|p1b: Terapagos
|-activate|p1b: Terapagos|ability: Tera Shell
|-resisted|p1b: Terapagos
|-crit|p1b: Terapagos
|-damage|p1b: Terapagos|81/100
|move|p1b: Terapagos|Calm Mind|p1b: Terapagos
|-boost|p1b: Terapagos|spa|1
|-boost|p1b: Terapagos|spd|1
|move|p1a: Incineroar|Knock Off|p2a: Calyrex
|-supereffective|p2a: Calyrex
|-damage|p2a: Calyrex|0 fnt
|-enditem|p2a: Calyrex|Life Orb|[from] move: Knock Off|[of] p1a: Incineroar
|faint|p2a: Calyrex
|
|-heal|p1b: Terapagos|87/100|[from] item: Leftovers
|upkeep
|
|t:|1750802863
|switch|p2a: Koraidon|Koraidon, L50|100/100
|-weather|SunnyDay|[from] ability: Orichalcum Pulse|[of] p2a: Koraidon
|-activate|p2a: Koraidon|Orichalcum Pulse|[source]
|turn|3
|
|t:|1750802882
|switch|p1a: Flutter Mane|Flutter Mane, L50|100/100
|-activate|p1a: Flutter Mane|ability: Protosynthesis
|-start|p1a: Flutter Mane|protosynthesisspe
|move|p1b: Terapagos|Protect|p1b: Terapagos
|-singleturn|p1b: Terapagos|Protect
|move|p2b: Urshifu|Sucker Punch||[still]
|-fail|p2b: Urshifu
|move|p2a: Koraidon|Close Combat|p1b: Terapagos
|-activate|p1b: Terapagos|move: Protect
|
|-weather|SunnyDay|[upkeep]
|-heal|p1b: Terapagos|93/100|[from] item: Leftovers
|upkeep
|turn|4
|
|t:|1750802905
|-terastallize|p1b: Terapagos|Stellar
|detailschange|p1b: Terapagos|Terapagos-Stellar, L50, M, tera:Stellar
|-heal|p1b: Terapagos|95/100|[silent]
|-ability|p1b: Terapagos|Teraform Zero
|-weather|none
|-end|p1a: Flutter Mane|Protosynthesis
|move|p1a: Flutter Mane|Moonblast|p2b: Urshifu
|-supereffective|p2b: Urshifu
|-damage|p2b: Urshifu|0 fnt
|faint|p2b: Urshifu
|move|p2a: Koraidon|Close Combat|p1b: Terapagos
|-supereffective|p1b: Terapagos
|-damage|p1b: Terapagos|31/100
|-unboost|p2a: Koraidon|def|1
|-unboost|p2a: Koraidon|spd|1
|move|p1b: Terapagos|Tera Starstorm|p2a: Koraidon
|-damage|p2a: Koraidon|0 fnt
|faint|p2a: Koraidon
|
|-heal|p1b: Terapagos|37/100|[from] item: Leftovers
|upkeep
|c|☆YugiMotoKOG|gg
|inactive|YugiMotoKOG has 30 seconds left.
|inactiveoff|Battle timer is now OFF.
|
|t:|1750802939
|switch|p2b: Primeape|Primeape, L50, F, shiny|100/100
|turn|5
|
|t:|1750802955
|-terastallize|p2b: Primeape|Steel
|move|p1b: Terapagos|Protect|p1b: Terapagos
|-singleturn|p1b: Terapagos|Protect
|move|p1a: Flutter Mane|Moonblast|p2b: Primeape
|-resisted|p2b: Primeape
|-damage|p2b: Primeape|80/100
|move|p2b: Primeape|Tera Blast|p1a: Flutter Mane|[anim] Tera Blast Steel
|-supereffective|p1a: Flutter Mane
|-enditem|p1a: Flutter Mane|Focus Sash
|-damage|p1a: Flutter Mane|1/100
|
|-heal|p1b: Terapagos|44/100|[from] item: Leftovers
|upkeep
|turn|6
|
|t:|1750802972
|move|p1a: Flutter Mane|Icy Wind|p2b: Primeape
|-resisted|p2b: Primeape
|-damage|p2b: Primeape|73/100
|-unboost|p2b: Primeape|spe|1
|move|p1b: Terapagos|Tera Starstorm|p2b: Primeape
|-supereffective|p2b: Primeape
|-damage|p2b: Primeape|0 fnt
|faint|p2b: Primeape
|
|win|whatshisnutz
|raw|whatshisnutz's rating: 1101 &rarr; <strong>1125</strong><br />(+24 for winning)
|raw|YugiMotoKOG's rating: 1084 &rarr; <strong>1063</strong><br />(-21 for losing)
|l|☆YugiMotoKOG
|player|p2|
|l|☆whatshisnutz
|player|p1|
