|j|‽FaKe Phosphor
|j|☆PepsiMaxmax
|t:|1750846573
|gametype|doubles
|player|p1|FaKe Phosphor|101|1143
|player|p2|PepsiMaxmax|fisherman-gen4|1118
|teamsize|p1|6
|teamsize|p2|6
|gen|9
|tier|[Gen 9] VGC 2025 Reg I
|rated|
|rule|Species Clause: Limit one of each Pokémon
|rule|Item Clause: Limit 1 of each item
|clearpoke
|poke|p1|Kommo-o, L50, M|
|poke|p1|Oricorio-Pom-Pom, L50, F|
|poke|p1|Whimsicott, L50, F|
|poke|p1|Tinkaton, L50, F|
|poke|p1|Calyrex-Shadow, L50|
|poke|p1|Koraidon, L50|
|poke|p2|Sableye, L50, F|
|poke|p2|Necrozma-Dusk-Mane, L50|
|poke|p2|Palkia, L50|
|poke|p2|Fezandipiti, L50, M|
|poke|p2|Ursaluna, L50, F|
|poke|p2|Ogerpon-Hearthflame, L50, F|
|teampreview|4
FaKe Phosphor rejected open team sheets.
|
|t:|1750846599
|start
|switch|p1a: Whimsicott|Whimsicott, L50, F, shiny|100/100
|switch|p1b: Kommo-o|Kommo-o, L50, M, shiny|100/100
|switch|p2a: The Club|Ogerpon-Hearthflame, L50, F|100/100
|switch|p2b: The Thing|Palkia, L50|100/100
|-ability|p2a: The Club|Mold Breaker
|turn|1
|
|t:|1750846623
|move|p1b: Kommo-o|Protect|p1b: Kommo-o
|-singleturn|p1b: Kommo-o|Protect
|move|p1a: Whimsicott|Tailwind|p1a: Whimsicott
|-sidestart|p1: FaKe Phosphor|move: Tailwind
|move|p2a: The Club|Ivy Cudgel|p1a: Whimsicott|[anim] Ivy Cudgel Fire
|-supereffective|p1a: Whimsicott
|-damage|p1a: Whimsicott|0 fnt
|faint|p1a: Whimsicott
|move|p2b: The Thing|Trick Room|p2b: The Thing
|-fieldstart|move: Trick Room|[of] p2b: The Thing
|
|upkeep
|
|t:|1750846634
|switch|p1a: Oricorio|Oricorio-Pom-Pom, L50, F, shiny|100/100
|turn|2
|
|t:|1750846663
|switch|p2a: The Bear|Ursaluna, L50, F|100/100
|-terastallize|p1b: Kommo-o|Steel
|move|p2b: The Thing|Draco Meteor|p1b: Kommo-o
|-resisted|p1b: Kommo-o
|-damage|p1b: Kommo-o|60/100
|-unboost|p2b: The Thing|spa|2
|move|p1b: Kommo-o|Clanging Scales|p2a: The Bear|[spread] p2a,p2b
|-supereffective|p2b: The Thing
|-damage|p2a: The Bear|62/100
|-damage|p2b: The Thing|42/100
|-unboost|p1b: Kommo-o|def|1
|-enditem|p1b: Kommo-o|Throat Spray
|-boost|p1b: Kommo-o|spa|1|[from] item: Throat Spray
|move|p1a: Oricorio|Air Slash|p2a: The Bear
|-damage|p2a: The Bear|33/100
|
|-status|p2a: The Bear|brn|[from] item: Flame Orb
|upkeep
|turn|3
|
|t:|1750846707
|switch|p2b: The Club|Ogerpon-Hearthflame, L50, F|100/100
|-ability|p2b: The Club|Mold Breaker
|move|p1b: Kommo-o|Protect|p1b: Kommo-o
|-singleturn|p1b: Kommo-o|Protect
|move|p2a: The Bear|Earthquake|p1a: Oricorio|[spread] p2b
|-activate|p1b: Kommo-o|move: Protect
|-immune|p1a: Oricorio
|-damage|p2b: The Club|35/100
|move|p1a: Oricorio|Revelation Dance|p2b: The Club
|-resisted|p2b: The Club
|-damage|p2b: The Club|15/100
|
|-damage|p2a: The Bear|27/100 brn|[from] brn
|upkeep
|turn|4
|
|t:|1750846752
|move|p1b: Kommo-o|Protect||[still]
|-fail|p1b: Kommo-o
|move|p1a: Oricorio|Protect|p1a: Oricorio
|-singleturn|p1a: Oricorio|Protect
|move|p2a: The Bear|Headlong Rush|p1b: Kommo-o
|-supereffective|p1b: Kommo-o
|-crit|p1b: Kommo-o
|-damage|p1b: Kommo-o|0 fnt
|-unboost|p2a: The Bear|def|1
|-unboost|p2a: The Bear|spd|1
|faint|p1b: Kommo-o
|move|p2b: The Club|Ivy Cudgel|p1a: Oricorio|[anim] Ivy Cudgel Fire
|-activate|p1a: Oricorio|move: Protect
|
|-damage|p2a: The Bear|21/100 brn|[from] brn
|-sideend|p1: FaKe Phosphor|move: Tailwind
|upkeep
|
|t:|1750846758
|switch|p1b: Calyrex|Calyrex-Shadow, L50|100/100
|-ability|p1b: Calyrex|As One
|-ability|p1b: Calyrex|Unnerve
|turn|5
|
|t:|1750846784
|switch|p2a: The Cat|Necrozma-Dusk-Mane, L50|100/100
|move|p1b: Calyrex|Protect|p1b: Calyrex
|-singleturn|p1b: Calyrex|Protect
|move|p2b: The Club|Follow Me|p2b: The Club
|-singleturn|p2b: The Club|move: Follow Me
|move|p1a: Oricorio|Air Slash|p2b: The Club
|-supereffective|p2b: The Club
|-damage|p2b: The Club|0 fnt
|faint|p2b: The Club
|
|-fieldend|move: Trick Room
|upkeep
|
|t:|1750846797
|switch|p2b: The Bear|Ursaluna, L50, F|21/100 brn
|turn|6
|
|t:|1750846826
|-terastallize|p2a: The Cat|Ground
|move|p2b: The Bear|Protect|p2b: The Bear
|-singleturn|p2b: The Bear|Protect
|move|p1b: Calyrex|Astral Barrage|p2a: The Cat|[spread] p2a
|-activate|p2b: The Bear|move: Protect
|-damage|p2a: The Cat|41/100
|-damage|p1b: Calyrex|91/100|[from] item: Life Orb
|move|p1a: Oricorio|Alluring Voice|p2b: The Bear
|-activate|p2b: The Bear|move: Protect
|move|p2a: The Cat|Trick Room|p2a: The Cat
|-fieldstart|move: Trick Room|[of] p2a: The Cat
|
|-damage|p2b: The Bear|15/100 brn|[from] brn
|upkeep
|turn|7
|
|t:|1750846859
|move|p2b: The Bear|Headlong Rush|p1b: Calyrex
|-damage|p1b: Calyrex|0 fnt
|-unboost|p2b: The Bear|def|1
|-unboost|p2b: The Bear|spd|1
|faint|p1b: Calyrex
|move|p2a: The Cat|Photon Geyser|p1a: Oricorio
|-damage|p1a: Oricorio|17/100
|move|p1a: Oricorio|Air Slash|p2b: The Bear
|-damage|p2b: The Bear|0 fnt
|faint|p2b: The Bear
|
|upkeep
|
|t:|1750846872
|switch|p2b: The Thing|Palkia, L50|42/100
|turn|8
|
|t:|1750846884
|move|p2a: The Cat|Sunsteel Strike|p1a: Oricorio
|-resisted|p1a: Oricorio
|-damage|p1a: Oricorio|0 fnt
|faint|p1a: Oricorio
|
|win|PepsiMaxmax
|raw|FaKe Phosphor's rating: 1143 &rarr; <strong>1116</strong><br />(-27 for losing)
|raw|PepsiMaxmax's rating: 1118 &rarr; <strong>1145</strong><br />(+27 for winning)
|l|‽FaKe Phosphor
|player|p1|
|l|☆PepsiMaxmax
|player|p2|
