|j|☆004B
|j|☆Feeling Fantastic
|t:|1750737835
|gametype|doubles
|player|p1|004B|ghetsis|1628
|player|p2|Feeling Fantastic|ghetsis|1515
|teamsize|p1|6
|teamsize|p2|6
|gen|9
|tier|[Gen 9] VGC 2025 Reg I
|rated|
|rule|Species Clause: Limit one of each Pokémon
|rule|Item Clause: Limit 1 of each item
|clearpoke
|poke|p1|Miraidon, L50|
|poke|p1|Landorus, L50, M|
|poke|p1|Tornadus, L50, M|
|poke|p1|Farigiraf, L50, F|
|poke|p1|Conkeldurr, L50, M|
|poke|p1|Calyrex-Ice, L50|
|poke|p2|Zacian-*, L50|
|poke|p2|Zamazenta-*, L50|
|poke|p2|Pelipper, L50, F|
|poke|p2|Amoonguss, L50, M|
|poke|p2|Landorus, L50, M|
|poke|p2|Roaring Moon, L50|
|teampreview|4
|inactive|Battle timer is ON: inactive players will automatically lose when time's up. (requested by Feeling Fantastic)
|inactive|004B has 60 seconds left.
|
|t:|1750737879
|start
|switch|p1a: Zekrom-|Miraidon, L50|100/100
|switch|p1b: Deerling-|Farigiraf, L50, F|100/100
|switch|p2a: Zacian|Zacian-Crowned, L50|100/100
|switch|p2b: Amoonguss|Amoonguss, L50, M|100/100
|-fieldstart|move: Electric Terrain|[from] ability: Hadron Engine|[of] p1a: Zekrom-
|-enditem|p1b: Deerling-|Electric Seed
|-boost|p1b: Deerling-|def|1|[from] item: Electric Seed
|-ability|p2a: Zacian|Intrepid Sword|boost
|-boost|p2a: Zacian|atk|1
|turn|1
|inactive|Feeling Fantastic has 30 seconds left.
|inactive|Feeling Fantastic has 20 seconds left.
|
|t:|1750737914
|move|p1a: Zekrom-|Draco Meteor|p2b: Amoonguss
|-damage|p2b: Amoonguss|18/100
|-unboost|p1a: Zekrom-|spa|2
|move|p2a: Zacian|Behemoth Blade|p1a: Zekrom-
|-resisted|p1a: Zekrom-
|-damage|p1a: Zekrom-|54/100
|move|p2b: Amoonguss|Sludge Bomb|p1b: Deerling-
|-damage|p1b: Deerling-|79/100
|move|p1b: Deerling-|Trick Room|p1b: Deerling-
|-fieldstart|move: Trick Room|[of] p1b: Deerling-
|
|upkeep
|turn|2
|
|t:|1750737933
|switch|p2b: Zamazenta|Zamazenta-Crowned, L50|100/100
|-ability|p2b: Zamazenta|Dauntless Shield|boost
|-boost|p2b: Zamazenta|def|1
|move|p2a: Zacian|Behemoth Blade|p1b: Deerling-
|-damage|p1b: Deerling-|32/100
|move|p1a: Zekrom-|Draco Meteor|p2b: Zamazenta
|-resisted|p2b: Zamazenta
|-damage|p2b: Zamazenta|83/100
|-unboost|p1a: Zekrom-|spa|2
|move|p1b: Deerling-|Roar|p2a: Zacian
|drag|p2a: Amoonguss|Amoonguss, L50, M|51/100
|
|upkeep
|turn|3
|
|t:|1750737955
|switch|p2a: Zacian|Zacian-Crowned, L50|100/100
|switch|p1b: Young Man|Landorus, L50, M|100/100
|switch|p1a: Calyrex|Calyrex-Ice, L50|100/100
|-ability|p1a: Calyrex|As One
|-ability|p1a: Calyrex|Unnerve
|move|p2b: Zamazenta|Body Press|p1b: Young Man
|-resisted|p1b: Young Man
|-damage|p1b: Young Man|66/100
|
|upkeep
|turn|4
|inactive|004B has 30 seconds left.
|inactive|Feeling Fantastic has 30 seconds left.
|inactive|004B has 20 seconds left.
|
|t:|1750737991
|switch|p2a: Amoonguss|Amoonguss, L50, M|85/100
|-terastallize|p2b: Zamazenta|Grass
|move|p2b: Zamazenta|Wide Guard|p2b: Zamazenta
|-singleturn|p2b: Zamazenta|Wide Guard
|move|p1a: Calyrex|High Horsepower|p2a: Amoonguss
|-damage|p2a: Amoonguss|47/100
|move|p1b: Young Man|Earth Power|p2a: Amoonguss
|-damage|p2a: Amoonguss|0 fnt
|faint|p2a: Amoonguss
|
|upkeep
|
|t:|1750738004
|switch|p2a: Pelipper|Pelipper, L50, F|100/100
|-weather|RainDance|[from] ability: Drizzle|[of] p2a: Pelipper
|turn|5
|inactive|004B has 30 seconds left.
|inactive|004B has 20 seconds left.
|
|t:|1750738043
|switch|p1a: Zekrom-|Miraidon, L50|54/100
|-activate|p1a: Zekrom-|ability: Hadron Engine
|move|p1b: Young Man|Protect|p1b: Young Man
|-singleturn|p1b: Young Man|Protect
|move|p2a: Pelipper|Weather Ball|p1b: Young Man
|-activate|p1b: Young Man|move: Protect
|move|p2b: Zamazenta|Behemoth Bash|p1a: Zekrom-
|-resisted|p1a: Zekrom-
|-damage|p1a: Zekrom-|35/100
|
|-weather|RainDance|[upkeep]
|-fieldend|move: Trick Room
|-fieldend|move: Electric Terrain
|upkeep
|turn|6
|
|t:|1750738065
|switch|p1b: Calyrex|Calyrex-Ice, L50|100/100
|-ability|p1b: Calyrex|As One
|-ability|p1b: Calyrex|Unnerve
|move|p2b: Zamazenta|Protect|p2b: Zamazenta
|-singleturn|p2b: Zamazenta|Protect
|move|p1a: Zekrom-|Volt Switch|p2a: Pelipper
|-supereffective|p2a: Pelipper
|-enditem|p2a: Pelipper|Focus Sash
|-damage|p2a: Pelipper|1/100
|
|t:|1750738081
|switch|p1a: Young Man|Landorus, L50, M|66/100|[from] Volt Switch
|move|p2a: Pelipper|Weather Ball|p1b: Calyrex
|-damage|p1b: Calyrex|50/100
|
|-weather|RainDance|[upkeep]
|upkeep
|turn|7
|
|t:|1750738099
|-terastallize|p1b: Calyrex|Water
|move|p2b: Zamazenta|Body Press|p1b: Calyrex
|-damage|p1b: Calyrex|4/100
|move|p2a: Pelipper|Weather Ball|p1b: Calyrex
|-resisted|p1b: Calyrex
|-damage|p1b: Calyrex|0 fnt
|faint|p1b: Calyrex
|move|p1a: Young Man|Sludge Bomb|p2b: Zamazenta
|-supereffective|p2b: Zamazenta
|-crit|p2b: Zamazenta
|-damage|p2b: Zamazenta|0 fnt
|faint|p2b: Zamazenta
|
|-weather|RainDance|[upkeep]
|upkeep
|
|t:|1750738118
|switch|p2b: Zacian|Zacian-Crowned, L50|100/100
|switch|p1b: Zekrom-|Miraidon, L50|35/100
|-fieldstart|move: Electric Terrain|[from] ability: Hadron Engine|[of] p1b: Zekrom-
|turn|8
|
|t:|1750738140
|move|p2a: Pelipper|Protect|p2a: Pelipper
|-singleturn|p2a: Pelipper|Protect
|move|p1b: Zekrom-|Electro Drift|p2b: Zacian
|-crit|p2b: Zacian
|-damage|p2b: Zacian|0 fnt
|faint|p2b: Zacian
|move|p1a: Young Man|Sludge Bomb|p2a: Pelipper
|-activate|p2a: Pelipper|move: Protect
|
|-weather|RainDance|[upkeep]
|upkeep
|turn|9
|-message|Feeling Fantastic forfeited.
|
|win|004B
|raw|004B's rating: 1628 &rarr; <strong>1642</strong><br />(+14 for winning)
|raw|Feeling Fantastic's rating: 1515 &rarr; <strong>1501</strong><br />(-14 for losing)
|l|☆Feeling Fantastic
|player|p2|
|l|☆004B
|player|p1|
