|j|☆Nokotes
|j|☆Rypassed You
|t:|1750745546
|gametype|doubles
|player|p1|Nokotes|n-masters|1499
|player|p2|Rypassed You|drayton|1576
|teamsize|p1|6
|teamsize|p2|6
|gen|9
|tier|[Gen 9] VGC 2025 Reg I
|rated|
|rule|Species Clause: Limit one of each Pokémon
|rule|Item Clause: Limit 1 of each item
|clearpoke
|poke|p1|Calyrex-Ice, L50|
|poke|p1|Miraidon, L50|
|poke|p1|Grimmsnarl, L50, M|
|poke|p1|Urshifu-*, L50, M|
|poke|p1|Incineroar, L50, F|
|poke|p1|Landorus, L50, M|
|poke|p2|Koraidon, L50|
|poke|p2|Calyrex-Shadow, L50|
|poke|p2|Dondozo, L50, M|
|poke|p2|Tatsugiri-Droopy, L50, M|
|poke|p2|Rillaboom, L50, M|
|poke|p2|Clefairy, L50, F|
|teampreview|4
|inactive|Battle timer is ON: inactive players will automatically lose when time's up. (requested by Nokotes)
|inactive|Rypassed You also wants the timer to be on.
|j| ZodiacSheep
|inactive|Rypassed You has 60 seconds left.
|
|t:|1750745595
|start
|switch|p1a: Calyrex|Calyrex-Ice, L50|100/100
|switch|p1b: Incineroar|Incineroar, L50, F|100/100
|switch|p2a: Calyrex|Calyrex-Shadow, L50|100/100
|switch|p2b: Rillaboom|Rillaboom, L50, M, shiny|100/100
|-ability|p2a: Calyrex|As One
|-ability|p2a: Calyrex|Unnerve
|-ability|p1a: Calyrex|As One
|-ability|p1a: Calyrex|Unnerve
|-ability|p1b: Incineroar|Intimidate|boost
|-unboost|p2a: Calyrex|atk|1
|-unboost|p2b: Rillaboom|atk|1
|-fieldstart|move: Grassy Terrain|[from] ability: Grassy Surge|[of] p2b: Rillaboom
|turn|1
|inactive|Nokotes has 30 seconds left.
|
|t:|1750745624
|-terastallize|p1a: Calyrex|Water
|move|p2a: Calyrex|Protect|p2a: Calyrex
|-singleturn|p2a: Calyrex|Protect
|move|p1b: Incineroar|Fake Out|p2b: Rillaboom
|-damage|p2b: Rillaboom|91/100
|cant|p2b: Rillaboom|flinch
|move|p1a: Calyrex|Trick Room|p1a: Calyrex
|-fieldstart|move: Trick Room|[of] p1a: Calyrex
|
|-heal|p2b: Rillaboom|97/100|[from] Grassy Terrain
|upkeep
|turn|2
|inactive|Rypassed You has 30 seconds left.
|inactive|Rypassed You has 20 seconds left.
|
|t:|1750745663
|switch|p2a: Clefairy|Clefairy, L50, F|100/100
|move|p1a: Calyrex|Protect|p1a: Calyrex
|-singleturn|p1a: Calyrex|Protect
|move|p2b: Rillaboom|Grassy Glide|p1a: Calyrex
|-activate|p1a: Calyrex|move: Protect
|move|p1b: Incineroar|U-turn|p2a: Clefairy
|-resisted|p2a: Clefairy
|-damage|p2a: Clefairy|92/100
|
|t:|1750745680
|switch|p1b: Grimmsnarl|Grimmsnarl, L50, M|100/100|[from] U-turn
|
|-heal|p2a: Clefairy|98/100|[from] Grassy Terrain
|-heal|p2b: Rillaboom|100/100|[from] Grassy Terrain
|upkeep
|turn|3
|
|t:|1750745691
|switch|p1b: Miraidon|Miraidon, L50|100/100
|-fieldstart|move: Electric Terrain|[from] ability: Hadron Engine|[of] p1b: Miraidon
|move|p2a: Clefairy|Helping Hand|p2b: Rillaboom
|-singleturn|p2b: Rillaboom|Helping Hand|[of] p2a: Clefairy
|move|p1a: Calyrex|Glacial Lance|p2b: Rillaboom|[spread] p2a,p2b
|-supereffective|p2b: Rillaboom
|-damage|p2a: Clefairy|47/100
|-damage|p2b: Rillaboom|26/100
|move|p2b: Rillaboom|Grassy Glide|p1a: Calyrex
|-supereffective|p1a: Calyrex
|-damage|p1a: Calyrex|47/100
|
|-heal|p1a: Calyrex|53/100|[from] item: Leftovers
|upkeep
|turn|4
|
|t:|1750745713
|move|p2a: Clefairy|Protect|p2a: Clefairy
|-singleturn|p2a: Clefairy|Protect
|move|p1a: Calyrex|Glacial Lance|p2a: Clefairy|[spread] p2b
|-activate|p2a: Clefairy|move: Protect
|-supereffective|p2b: Rillaboom
|-damage|p2b: Rillaboom|0 fnt
|faint|p2b: Rillaboom
|-ability|p1a: Calyrex|Chilling Neigh|boost
|-boost|p1a: Calyrex|atk|1
|move|p1b: Miraidon|Volt Switch|p2a: Clefairy
|-activate|p2a: Clefairy|move: Protect
|
|-heal|p1a: Calyrex|59/100|[from] item: Leftovers
|upkeep
|
|t:|1750745718
|switch|p2b: Calyrex|Calyrex-Shadow, L50|100/100
|-ability|p2b: Calyrex|As One
|-ability|p2b: Calyrex|Unnerve
|turn|5
|
|t:|1750745734
|move|p1a: Calyrex|Protect|p1a: Calyrex
|-singleturn|p1a: Calyrex|Protect
|move|p2a: Clefairy|After You|p2b: Calyrex
|-activate|p2b: Calyrex|move: After You
|move|p2b: Calyrex|Astral Barrage|p1a: Calyrex|[spread] p1b
|-activate|p1a: Calyrex|move: Protect
|-damage|p1b: Miraidon|55/100
|move|p1b: Miraidon|Volt Switch|p2a: Clefairy
|-damage|p2a: Clefairy|0 fnt
|faint|p2a: Clefairy
|
|t:|1750745746
|switch|p1b: Grimmsnarl|Grimmsnarl, L50, M|100/100|[from] Volt Switch
|
|-heal|p1a: Calyrex|65/100|[from] item: Leftovers
|-fieldend|move: Trick Room
|upkeep
|
|t:|1750745750
|switch|p2a: Koraidon|Koraidon, L50|100/100
|-weather|SunnyDay|[from] ability: Orichalcum Pulse|[of] p2a: Koraidon
|-activate|p2a: Koraidon|Orichalcum Pulse|[source]
|turn|6
|inactive|Nokotes has 30 seconds left.
|inactive|Rypassed You has 30 seconds left.
|inactive|Nokotes has 20 seconds left.
|
|t:|1750745798
|switch|p1a: Incineroar|Incineroar, L50, F|100/100
|-ability|p1a: Incineroar|Intimidate|boost
|-unboost|p2a: Koraidon|atk|1
|-unboost|p2b: Calyrex|atk|1
|-terastallize|p2a: Koraidon|Fire
|move|p1b: Grimmsnarl|Reflect|p1b: Grimmsnarl
|-sidestart|p1: Nokotes|Reflect
|move|p2b: Calyrex|Astral Barrage|p1a: Incineroar|[spread] p1a,p1b
|-resisted|p1a: Incineroar
|-resisted|p1b: Grimmsnarl
|-damage|p1a: Incineroar|81/100
|-damage|p1b: Grimmsnarl|76/100
|move|p2a: Koraidon|Flare Blitz|p1a: Incineroar
|-resisted|p1a: Incineroar
|-damage|p1a: Incineroar|56/100
|-damage|p2a: Koraidon|91/100|[from] Recoil
|
|-weather|SunnyDay|[upkeep]
|upkeep
|turn|7
|
|t:|1750745822
|move|p2b: Calyrex|Protect|p2b: Calyrex
|-singleturn|p2b: Calyrex|Protect
|move|p1a: Incineroar|Fake Out|p2a: Koraidon
|-damage|p2a: Koraidon|81/100
|move|p1b: Grimmsnarl|Light Screen|p1b: Grimmsnarl
|-sidestart|p1: Nokotes|move: Light Screen
|cant|p2a: Koraidon|flinch
|
|-weather|SunnyDay|[upkeep]
|-fieldend|move: Electric Terrain
|upkeep
|turn|8
|-message|Rypassed You forfeited.
|
|win|Nokotes
|raw|Nokotes's rating: 1499 &rarr; <strong>1523</strong><br />(+24 for winning)
|raw|Rypassed You's rating: 1576 &rarr; <strong>1552</strong><br />(-24 for losing)
|l|☆Rypassed You
|player|p2|
|l| ZodiacSheep
|l|☆Nokotes
|player|p1|
