|j|☆Spangladesh2
|j|☆smario1705
|t:|1750800778
|gametype|doubles
|player|p1|Spangladesh2|1|1154
|player|p2|smario1705|alder|1229
|teamsize|p1|6
|teamsize|p2|6
|gen|9
|tier|[Gen 9] VGC 2025 Reg I
|rated|
|rule|Species Clause: Limit one of each Pokémon
|rule|Item Clause: Limit 1 of each item
|clearpoke
|poke|p1|Calyrex-Ice, L50|
|poke|p1|Indeedee-F, L50, F|
|poke|p1|Kyogre, L50|
|poke|p1|Iron Hands, L50|
|poke|p1|Incineroar, L50, M|
|poke|p1|Amoonguss, L50, M|
|poke|p2|Koraidon, L50|
|poke|p2|Lunala, L50|
|poke|p2|Incineroar, L50, F|
|poke|p2|Amoonguss, L50, M|
|poke|p2|Grimmsnarl, L50, M|
|poke|p2|Chien-Pao, L50|
|teampreview|4
|inactive|Battle timer is ON: inactive players will automatically lose when time's up. (requested by Spangladesh2)
|
|t:|1750800895
|start
|switch|p1a: Indeedee|Indeedee-F, L50, F|100/100
|switch|p1b: Kyogre|Kyogre, L50|100/100
|switch|p2a: Lunala|Lunala, L50|100/100
|switch|p2b: Chien-Pao|Chien-Pao, L50|100/100
|-ability|p2b: Chien-Pao|Sword of Ruin
|-fieldstart|move: Psychic Terrain|[from] ability: Psychic Surge|[of] p1a: Indeedee
|-enditem|p1a: Indeedee|Psychic Seed
|-boost|p1a: Indeedee|spd|1|[from] item: Psychic Seed
|-weather|RainDance|[from] ability: Drizzle|[of] p1b: Kyogre
|turn|1
|
|t:|1750800918
|switch|p2a: Koraidon|Koraidon, L50|100/100
|-weather|SunnyDay|[from] ability: Orichalcum Pulse|[of] p2a: Koraidon
|-activate|p2a: Koraidon|Orichalcum Pulse|[source]
|move|p1b: Kyogre|Protect|p1b: Kyogre
|-singleturn|p1b: Kyogre|Protect
|move|p2b: Chien-Pao|Ice Spinner|p1a: Indeedee
|-damage|p1a: Indeedee|52/100
|-fieldend|move: Psychic Terrain
|move|p1a: Indeedee|Trick Room|p1a: Indeedee
|-fieldstart|move: Trick Room|[of] p1a: Indeedee
|
|-weather|SunnyDay|[upkeep]
|upkeep
|turn|2
|inactive|Spangladesh2 has 30 seconds left.
|inactive|smario1705 has 30 seconds left.
|inactive|smario1705 has 20 seconds left.
|inactive|smario1705 has 15 seconds left.
|inactive|smario1705 has 10 seconds left.
|inactive|smario1705 has 5 seconds left.
|
|t:|1750800969
|move|p1a: Indeedee|Follow Me|p1a: Indeedee
|-singleturn|p1a: Indeedee|move: Follow Me
|move|p2b: Chien-Pao|Sucker Punch||[still]
|-fail|p2b: Chien-Pao
|move|p1b: Kyogre|Ice Beam|p2a: Koraidon
|-supereffective|p2a: Koraidon
|-damage|p2a: Koraidon|16/100
|move|p2a: Koraidon|Close Combat|p1a: Indeedee
|-damage|p1a: Indeedee|0 fnt
|-unboost|p2a: Koraidon|def|1
|-unboost|p2a: Koraidon|spd|1
|faint|p1a: Indeedee
|-damage|p2a: Koraidon|7/100|[from] item: Life Orb
|
|-weather|SunnyDay|[upkeep]
|upkeep
|
|t:|1750800982
|switch|p1a: Calyrex|Calyrex-Ice, L50|100/100
|-ability|p1a: Calyrex|As One
|-ability|p1a: Calyrex|Unnerve
|turn|3
|
|t:|1750800998
|switch|p1b: Iron Hands|Iron Hands, L50|100/100
|switch|p2a: Incineroar|Incineroar, L50, F|100/100
|-ability|p2a: Incineroar|Intimidate|boost
|-fail|p1a: Calyrex|unboost|[from] item: Clear Amulet|[of] p1a: Calyrex
|-unboost|p1b: Iron Hands|atk|1
|-terastallize|p1a: Calyrex|Fire
|move|p2b: Chien-Pao|Protect|p2b: Chien-Pao
|-singleturn|p2b: Chien-Pao|Protect
|move|p1a: Calyrex|Glacial Lance|p2a: Incineroar|[spread] p2a
|-activate|p2b: Chien-Pao|move: Protect
|-resisted|p2a: Incineroar
|-damage|p2a: Incineroar|63/100
|
|-weather|SunnyDay|[upkeep]
|upkeep
|turn|4
|inactive|smario1705 has 30 seconds left.
|inactive|smario1705 has 20 seconds left.
|inactive|smario1705 has 15 seconds left.
|inactive|smario1705 has 10 seconds left.
|
|t:|1750801046
|-terastallize|p2a: Incineroar|Ghost
|move|p1a: Calyrex|Protect|p1a: Calyrex
|-singleturn|p1a: Calyrex|Protect
|move|p2b: Chien-Pao|Protect|p2b: Chien-Pao
|-singleturn|p2b: Chien-Pao|Protect
|move|p1b: Iron Hands|Drain Punch|p2b: Chien-Pao
|-activate|p2b: Chien-Pao|move: Protect
|move|p2a: Incineroar|Knock Off|p1a: Calyrex
|-activate|p1a: Calyrex|move: Protect
|
|-weather|SunnyDay|[upkeep]
|upkeep
|turn|5
|inactive|smario1705 has 30 seconds left.
|inactive|smario1705 has 20 seconds left.
|
|t:|1750801083
|move|p2b: Chien-Pao|Protect|p2b: Chien-Pao
|-singleturn|p2b: Chien-Pao|Protect
|move|p1a: Calyrex|Glacial Lance|p2a: Incineroar|[spread] p2a
|-activate|p2b: Chien-Pao|move: Protect
|-damage|p2a: Incineroar|0 fnt
|faint|p2a: Incineroar
|-ability|p1a: Calyrex|Chilling Neigh|boost
|-boost|p1a: Calyrex|atk|1
|move|p1b: Iron Hands|Heavy Slam|p2b: Chien-Pao
|-activate|p2b: Chien-Pao|move: Protect
|
|-weather|none
|-fieldend|move: Trick Room
|upkeep
|
|t:|1750801098
|switch|p2a: Lunala|Lunala, L50|100/100
|turn|6
|inactive|smario1705 has 30 seconds left.
|
|t:|1750801126
|move|p1a: Calyrex|Protect|p1a: Calyrex
|-singleturn|p1a: Calyrex|Protect
|move|p2b: Chien-Pao|Sucker Punch||[still]
|-fail|p2b: Chien-Pao
|move|p2a: Lunala|Meteor Beam||[still]
|-prepare|p2a: Lunala|Meteor Beam
|-boost|p2a: Lunala|spa|1
|-enditem|p2a: Lunala|Power Herb
|-anim|p2a: Lunala|Meteor Beam|p1a: Calyrex
|-activate|p1a: Calyrex|move: Protect
|move|p1b: Iron Hands|Drain Punch|p2b: Chien-Pao
|-supereffective|p2b: Chien-Pao
|-enditem|p2b: Chien-Pao|Focus Sash
|-damage|p2b: Chien-Pao|1/100
|
|upkeep
|turn|7
|inactive|smario1705 has 30 seconds left.
|
|t:|1750801153
|move|p2b: Chien-Pao|Protect|p2b: Chien-Pao
|-singleturn|p2b: Chien-Pao|Protect
|move|p2a: Lunala|Moongeist Beam|p1a: Calyrex
|-damage|p1a: Calyrex|38/100
|move|p1b: Iron Hands|Heavy Slam|p2a: Lunala
|-damage|p2a: Lunala|88/100
|move|p1a: Calyrex|Glacial Lance|p2a: Lunala|[spread] p2a
|-activate|p2b: Chien-Pao|move: Protect
|-damage|p2a: Lunala|0 fnt
|faint|p2a: Lunala
|-ability|p1a: Calyrex|Chilling Neigh|boost
|-boost|p1a: Calyrex|atk|1
|
|upkeep
|
|t:|1750801170
|switch|p2a: Koraidon|Koraidon, L50|7/100
|-weather|SunnyDay|[from] ability: Orichalcum Pulse|[of] p2a: Koraidon
|-activate|p2a: Koraidon|Orichalcum Pulse|[source]
|turn|8
|
|t:|1750801189
|-end|p1b: Iron Hands|Quark Drive|[silent]
|switch|p1b: Kyogre|Kyogre, L50|100/100
|-weather|RainDance|[from] ability: Drizzle|[of] p1b: Kyogre
|move|p1a: Calyrex|Protect|p1a: Calyrex
|-singleturn|p1a: Calyrex|Protect
|move|p2b: Chien-Pao|Sucker Punch||[still]
|-fail|p2b: Chien-Pao
|move|p2a: Koraidon|Close Combat|p1b: Kyogre
|-damage|p1b: Kyogre|0 fnt
|-unboost|p2a: Koraidon|def|1
|-unboost|p2a: Koraidon|spd|1
|faint|p1b: Kyogre
|-damage|p2a: Koraidon|0 fnt|[from] item: Life Orb
|faint|p2a: Koraidon
|
|-weather|RainDance|[upkeep]
|upkeep
|
|t:|1750801201
|switch|p1b: Iron Hands|Iron Hands, L50|100/100
|turn|9
|
|t:|1750801212
|move|p1b: Iron Hands|Fake Out|p2b: Chien-Pao
|-damage|p2b: Chien-Pao|0 fnt
|faint|p2b: Chien-Pao
|
|win|Spangladesh2
|raw|Spangladesh2's rating: 1154 &rarr; <strong>1184</strong><br />(+30 for winning)
|raw|smario1705's rating: 1229 &rarr; <strong>1199</strong><br />(-30 for losing)
