|j|☆drakkulll
|j|☆Yel_isnt_real
|t:|1750781550
|gametype|doubles
|player|p1|drakkulll|giovanni|1326
|player|p2|Yel_isnt_real|allister-masters|1341
|teamsize|p1|6
|teamsize|p2|6
|gen|9
|tier|[Gen 9] VGC 2025 Reg I
|rated|
|rule|Species Clause: Limit one of each Pokémon
|rule|Item Clause: Limit 1 of each item
|clearpoke
|poke|p1|Mightyena, L50, M|
|poke|p1|Lycanroc-Midnight, L50, M|
|poke|p1|Tyranitar, L50, M|
|poke|p1|Lunala, L50|
|poke|p1|Zamazenta-*, L50|
|poke|p1|Raging Bolt, L50|
|poke|p2|Koraidon, L50|
|poke|p2|Weezing-Galar, L50, F|
|poke|p2|Brute Bonnet, L50|
|poke|p2|Calyrex-Shadow, L50|
|poke|p2|Chi-Yu, L50|
|poke|p2|Farigiraf, L50, M|
|teampreview|4
|inactive|Battle timer is ON: inactive players will automatically lose when time's up. (requested by Yel_isnt_real)
|inactive|Yel_isnt_real has 60 seconds left.
|
|t:|1750781583
|start
|switch|p1a: Jesus|Lunala, L50|100/100
|switch|p1b: Cthulu|Mightyena, L50, M|100/100
|switch|p2a: Calyrex|Calyrex-Shadow, L50|100/100
|switch|p2b: Weezing|Weezing-Galar, L50, F|100/100
|-ability|p2b: Weezing|Neutralizing Gas
|-ability|p2a: Calyrex|As One
|-ability|p2a: Calyrex|Unnerve
|turn|1
|
|t:|1750781603
|move|p2a: Calyrex|Protect|p2a: Calyrex
|-singleturn|p2a: Calyrex|Protect
|move|p1a: Jesus|Wide Guard|p1a: Jesus
|-singleturn|p1a: Jesus|Wide Guard
|move|p2b: Weezing|Strange Steam|p1b: Cthulu
|-supereffective|p1b: Cthulu
|-damage|p1b: Cthulu|35/100
|move|p1b: Cthulu|Foul Play|p2a: Calyrex
|-activate|p2a: Calyrex|move: Protect
|
|upkeep
|turn|2
|
|t:|1750781625
|-terastallize|p1a: Jesus|Dark
|move|p2a: Calyrex|Astral Barrage|p1b: Cthulu|[spread] p1a,p1b
|-resisted|p1a: Jesus
|-resisted|p1b: Cthulu
|-damage|p1a: Jesus|82/100
|-damage|p1b: Cthulu|2/100
|move|p2b: Weezing|Strange Steam|p1b: Cthulu
|-supereffective|p1b: Cthulu
|-damage|p1b: Cthulu|0 fnt
|faint|p1b: Cthulu
|move|p1a: Jesus|Trick Room|p1a: Jesus
|-fieldstart|move: Trick Room|[of] p1a: Jesus
|
|upkeep
|
|t:|1750781638
|switch|p1b: Roma|Tyranitar, L50, M|100/100
|turn|3
|inactive|Yel_isnt_real has 30 seconds left.
|
|t:|1750781668
|move|p1b: Roma|Rock Slide|p2b: Weezing|[spread] p2a,p2b
|-damage|p2a: Calyrex|58/100
|-damage|p2b: Weezing|73/100
|move|p2b: Weezing|Strange Steam|p1a: Jesus
|-supereffective|p1a: Jesus
|-damage|p1a: Jesus|45/100
|-start|p1a: Jesus|confusion
|-activate|p1a: Jesus|confusion
|-damage|p1a: Jesus|38/100|[from] confusion
|cant|p2a: Calyrex|flinch
|
|upkeep
|turn|4
|
|t:|1750781688
|move|p2a: Calyrex|Protect|p2a: Calyrex
|-singleturn|p2a: Calyrex|Protect
|move|p1b: Roma|Rock Slide|p2b: Weezing|[spread] p2b
|-activate|p2a: Calyrex|move: Protect
|-damage|p2b: Weezing|45/100
|-enditem|p2b: Weezing|Sitrus Berry|[eat]
|-heal|p2b: Weezing|70/100|[from] item: Sitrus Berry
|cant|p2b: Weezing|flinch
|-activate|p1a: Jesus|confusion
|-damage|p1a: Jesus|31/100|[from] confusion
|
|upkeep
|turn|5
|inactive|Yel_isnt_real has 30 seconds left.
|
|t:|1750781718
|move|p1b: Roma|Rock Slide|p2a: Calyrex|[spread] p2a,p2b
|-damage|p2a: Calyrex|15/100
|-damage|p2b: Weezing|43/100
|cant|p2b: Weezing|flinch
|-end|p1a: Jesus|confusion
|move|p1a: Jesus|Moongeist Beam|p2a: Calyrex
|-supereffective|p2a: Calyrex
|-damage|p2a: Calyrex|0 fnt
|faint|p2a: Calyrex
|
|upkeep
|
|t:|1750781728
|switch|p2a: Koraidon|Koraidon, L50|100/100
|-weather|SunnyDay|[from] ability: Orichalcum Pulse|[of] p2a: Koraidon
|-activate|p2a: Koraidon|Orichalcum Pulse|[source]
|turn|6
|
|t:|1750781743
|move|p2a: Koraidon|Protect|p2a: Koraidon
|-singleturn|p2a: Koraidon|Protect
|move|p1b: Roma|Rock Slide|p2b: Weezing|[spread] p2b
|-activate|p2a: Koraidon|move: Protect
|-damage|p2b: Weezing|16/100
|move|p2b: Weezing|Strange Steam|p1a: Jesus
|-supereffective|p1a: Jesus
|-damage|p1a: Jesus|0 fnt
|faint|p1a: Jesus
|
|-weather|SunnyDay|[upkeep]
|-fieldend|move: Trick Room
|upkeep
|
|t:|1750781746
|switch|p1a: Jacinta|Raging Bolt, L50|100/100
|turn|7
|
|t:|1750781771
|-terastallize|p2a: Koraidon|Fire
|move|p2a: Koraidon|Close Combat|p1b: Roma
|-supereffective|p1b: Roma
|-damage|p1b: Roma|0 fnt
|-unboost|p2a: Koraidon|def|1
|-unboost|p2a: Koraidon|spd|1
|faint|p1b: Roma
|move|p1a: Jacinta|Draco Meteor|p2a: Koraidon
|-damage|p2a: Koraidon|0 fnt
|-unboost|p1a: Jacinta|spa|2
|faint|p2a: Koraidon
|-damage|p1a: Jacinta|91/100|[from] item: Life Orb
|move|p2b: Weezing|Strange Steam|p1a: Jacinta
|-supereffective|p1a: Jacinta
|-damage|p1a: Jacinta|48/100
|
|-weather|SunnyDay|[upkeep]
|upkeep
|
|t:|1750781777
|switch|p2a: Chi-Yu|Chi-Yu, L50|100/100
|turn|8
|-message|drakkulll forfeited.
|
|win|Yel_isnt_real
|raw|drakkulll's rating: 1326 &rarr; <strong>1307</strong><br />(-19 for losing)
|raw|Yel_isnt_real's rating: 1341 &rarr; <strong>1360</strong><br />(+19 for winning)
|l|☆drakkulll
|player|p1|
|l|☆Yel_isnt_real
|player|p2|
