|j|☆ga lau nam
|j|☆FluxVGC
|t:|1750843338
|gametype|doubles
|player|p1|ga lau nam|101|1116
|player|p2|FluxVGC|2|1104
|teamsize|p1|6
|teamsize|p2|6
|gen|9
|tier|[Gen 9] VGC 2025 Reg I
|rated|
|rule|Species Clause: Limit one of each Pokémon
|rule|Item Clause: Limit 1 of each item
|clearpoke
|poke|p1|Ninetales-Alola, L50, M|
|poke|p1|Garchomp, L50, F|
|poke|p1|Calyrex-Shadow, L50|
|poke|p1|Terapagos, L50, M|
|poke|p1|Regice, L50|
|poke|p1|Vivillon-Pokeball, L50, F|
|poke|p2|Porygon2, L50|
|poke|p2|Calyrex-Ice, L50|
|poke|p2|Terapagos, L50, M|
|poke|p2|Raging Bolt, L50|
|poke|p2|Amoonguss, L50, M|
|poke|p2|Grimmsnarl, L50, M|
|teampreview|4
|inactive|Battle timer is ON: inactive players will automatically lose when time's up. (requested by FluxVGC)
|inactive|FluxVGC has 60 seconds left.
|
|t:|1750843384
|start
|switch|p1a: Garchomp|Garchomp, L50, F|100/100
|switch|p1b: Vivillon|Vivillon-Pokeball, L50, F|100/100
|switch|p2a: Grimmsnarl|Grimmsnarl, L50, M|100/100
|switch|p2b: Calyrex|Calyrex-Ice, L50|100/100
|-ability|p2b: Calyrex|As One
|-ability|p2b: Calyrex|Unnerve
|turn|1
|
|t:|1750843400
|move|p2a: Grimmsnarl|Fake Out|p1a: Garchomp
|-damage|p1a: Garchomp|89/100
|-damage|p2a: Grimmsnarl|88/100|[from] ability: Rough Skin|[of] p1a: Garchomp
|cant|p1a: Garchomp|flinch
|move|p1b: Vivillon|Sleep Powder|p2b: Calyrex
|-status|p2b: Calyrex|slp|[from] move: Sleep Powder
|cant|p2b: Calyrex|slp
|
|upkeep
|turn|2
|
|t:|1750843416
|cant|p2b: Calyrex|slp
|move|p2a: Grimmsnarl|Reflect|p2a: Grimmsnarl
|-sidestart|p2: FluxVGC|Reflect
|move|p1a: Garchomp|Earthquake|p2b: Calyrex|[spread] p2a,p2b
|-immune|p1b: Vivillon
|-damage|p2a: Grimmsnarl|49/100
|-damage|p2b: Calyrex|79/100 slp
|move|p1b: Vivillon|Sleep Powder|p2a: Grimmsnarl
|-status|p2a: Grimmsnarl|slp|[from] move: Sleep Powder
|
|upkeep
|turn|3
|inactive|ga lau nam has 30 seconds left.
|
|t:|1750843450
|move|p1a: Garchomp|Earthquake|p2b: Calyrex|[spread] p2a,p2b
|-immune|p1b: Vivillon
|-damage|p2a: Grimmsnarl|7/100 slp
|-damage|p2b: Calyrex|58/100 slp
|move|p1b: Vivillon|Pollen Puff|p2b: Calyrex
|-supereffective|p2b: Calyrex
|-damage|p2b: Calyrex|14/100 slp
|cant|p2a: Grimmsnarl|slp
|cant|p2b: Calyrex|slp
|
|upkeep
|turn|4
|inactive|ga lau nam has 30 seconds left.
|
|t:|1750843478
|-curestatus|p2b: Calyrex|slp|[msg]
|move|p2b: Calyrex|Protect|p2b: Calyrex
|-singleturn|p2b: Calyrex|Protect
|cant|p2a: Grimmsnarl|slp
|move|p1a: Garchomp|Earthquake|p2b: Calyrex|[spread] p2a
|-activate|p2b: Calyrex|move: Protect
|-immune|p1b: Vivillon
|-damage|p2a: Grimmsnarl|0 fnt
|faint|p2a: Grimmsnarl
|move|p1b: Vivillon|Pollen Puff|p2b: Calyrex
|-activate|p2b: Calyrex|move: Protect
|
|upkeep
|
|t:|1750843488
|switch|p2a: Terapagos|Terapagos, L50, M|100/100
|-activate|p2a: Terapagos|ability: Tera Shift
|detailschange|p2a: Terapagos|Terapagos-Terastal, L50, M
|-heal|p2a: Terapagos|100/100|[silent]
|turn|5
|
|t:|1750843504
|-terastallize|p2a: Terapagos|Stellar
|detailschange|p2a: Terapagos|Terapagos-Stellar, L50, M, tera:Stellar
|-heal|p2a: Terapagos|100/100|[silent]
|move|p1a: Garchomp|Earthquake|p2a: Terapagos|[spread] p2a,p2b
|-immune|p1b: Vivillon
|-damage|p2a: Terapagos|80/100
|-damage|p2b: Calyrex|0 fnt
|faint|p2b: Calyrex
|move|p1b: Vivillon|Sleep Powder|p2a: Terapagos
|-status|p2a: Terapagos|slp|[from] move: Sleep Powder
|cant|p2a: Terapagos|slp
|
|-heal|p2a: Terapagos|86/100 slp|[from] item: Leftovers
|upkeep
|
|t:|1750843528
|switch|p2b: Raging Bolt|Raging Bolt, L50|100/100
|turn|6
|
|t:|1750843536
|move|p2b: Raging Bolt|Thunderclap||[still]
|-fail|p2b: Raging Bolt
|move|p1a: Garchomp|Earthquake|p2a: Terapagos|[spread] p2a,p2b
|-immune|p1b: Vivillon
|-supereffective|p2b: Raging Bolt
|-damage|p2a: Terapagos|65/100 slp
|-damage|p2b: Raging Bolt|33/100
|move|p1b: Vivillon|Sleep Powder|p2b: Raging Bolt
|-status|p2b: Raging Bolt|slp|[from] move: Sleep Powder
|-curestatus|p2a: Terapagos|slp|[msg]
|move|p2a: Terapagos|Tera Starstorm|p1b: Vivillon|[spread] p1a,p1b
|-damage|p1a: Garchomp|47/100
|-damage|p1b: Vivillon|43/100
|
|-heal|p2a: Terapagos|72/100|[from] item: Leftovers
|upkeep
|turn|7
|inactive|FluxVGC has 30 seconds left.
|inactive|FluxVGC has 20 seconds left.
|inactive|FluxVGC has 15 seconds left.
|inactive|FluxVGC has 10 seconds left.
|inactive|FluxVGC has 5 seconds left.
|
|t:|1750843591
|cant|p2b: Raging Bolt|slp
|move|p1a: Garchomp|Earthquake|p2b: Raging Bolt|[spread] p2a,p2b
|-immune|p1b: Vivillon
|-supereffective|p2b: Raging Bolt
|-damage|p2a: Terapagos|51/100
|-damage|p2b: Raging Bolt|0 fnt
|faint|p2b: Raging Bolt
|-end|p2b: Raging Bolt|Protosynthesis|[silent]
|move|p1b: Vivillon|Sleep Powder|p2a: Terapagos
|-status|p2a: Terapagos|slp|[from] move: Sleep Powder
|cant|p2a: Terapagos|slp
|
|-heal|p2a: Terapagos|57/100 slp|[from] item: Leftovers
|upkeep
|turn|8
|inactive|FluxVGC has 30 seconds left.
|inactive|FluxVGC has 20 seconds left.
|inactive|FluxVGC has 15 seconds left.
|inactive|FluxVGC has 10 seconds left.
|inactive|FluxVGC has 5 seconds left.
|
|t:|1750843646
|move|p1a: Garchomp|Earthquake|p2a: Terapagos|[spread] p2a
|-immune|p1b: Vivillon
|-damage|p2a: Terapagos|36/100 slp
|move|p1b: Vivillon|Pollen Puff|p1a: Garchomp
|-heal|p1a: Garchomp|97/100
|cant|p2a: Terapagos|slp
|
|-heal|p2a: Terapagos|43/100 slp|[from] item: Leftovers
|upkeep
|turn|9
|l|☆FluxVGC
|inactive|FluxVGC disconnected and has a minute to reconnect!
|player|p2|
|inactive|ga lau nam has 30 seconds left.
|inactive|FluxVGC has 30 seconds left.
|inactive|FluxVGC has 20 seconds left.
|inactive|FluxVGC has 15 seconds left.
|inactive|FluxVGC has 10 seconds left.
|inactive|FluxVGC has 5 seconds left.
|-message|FluxVGC lost due to inactivity.
|
|win|ga lau nam
|raw|ga lau nam's rating: 1116 &rarr; <strong>1140</strong><br />(+24 for winning)
|raw|FluxVGC's rating: 1104 &rarr; <strong>1080</strong><br />(-24 for losing)
|l|☆ga lau nam
|player|p1|
