|j|☆jorgeta
|j|☆Jameson Murray
|t:|1750882210
|gametype|doubles
|player|p1|jorgeta|102|1525
|player|p2|Jameson Murray|elesa|1509
|teamsize|p1|6
|teamsize|p2|6
|gen|9
|tier|[Gen 9] VGC 2025 Reg I
|rated|
|rule|Species Clause: Limit one of each Pokémon
|rule|Item Clause: Limit 1 of each item
|clearpoke
|poke|p1|Lunala, L50|
|poke|p1|Koraidon, L50|
|poke|p1|Flutter Mane, L50|
|poke|p1|Indeedee-F, L50, F|
|poke|p1|Amoonguss, L50, M|
|poke|p1|Chi-Yu, L50|
|poke|p2|Groudon, L50|
|poke|p2|Jumpluff, L50, F|
|poke|p2|Raging Bolt, L50|
|poke|p2|Flutter Mane, L50|
|poke|p2|Chi-Yu, L50|
|poke|p2|Calyrex-Ice, L50|
|teampreview|4
|
|t:|1750882244
|start
|switch|p1a: Lunala|Lunala, L50, shiny|100/100
|switch|p1b: Chi-Yu|Chi-Yu, L50|100/100
|switch|p2a: Groudon|Groudon, L50, shiny|100/100
|switch|p2b: Jumpluff|Jumpluff, L50, F, shiny|100/100
|-ability|p1b: Chi-Yu|Beads of Ruin
|-weather|SunnyDay|[from] ability: Drought|[of] p2a: Groudon
|turn|1
|
|t:|1750882257
|-terastallize|p2a: Groudon|Fire
|move|p2b: Jumpluff|Sleep Powder|p1b: Chi-Yu|[miss]
|-miss|p2b: Jumpluff|p1b: Chi-Yu
|move|p1b: Chi-Yu|Heat Wave|p2a: Groudon|[spread] p2a,p2b
|-resisted|p2a: Groudon
|-supereffective|p2b: Jumpluff
|-damage|p2a: Groudon|75/100
|-damage|p2b: Jumpluff|0 fnt
|faint|p2b: Jumpluff
|move|p1a: Lunala|Meteor Beam||[still]
|-prepare|p1a: Lunala|Meteor Beam
|-boost|p1a: Lunala|spa|1
|-enditem|p1a: Lunala|Power Herb
|-anim|p1a: Lunala|Meteor Beam|p2a: Groudon
|-supereffective|p2a: Groudon
|-damage|p2a: Groudon|0 fnt
|faint|p2a: Groudon
|
|-weather|SunnyDay|[upkeep]
|upkeep
|
|t:|1750882266
|switch|p2b: Chi-Yu|Chi-Yu, L50|100/100
|switch|p2a: Flutter Mane|Flutter Mane, L50, shiny|100/100
|-ability|p2b: Chi-Yu|Beads of Ruin
|-activate|p2a: Flutter Mane|ability: Protosynthesis
|-start|p2a: Flutter Mane|protosynthesisspe
|turn|2
|c|☆Jameson Murray|Well damn
|
|t:|1750882289
|move|p2a: Flutter Mane|Protect|p2a: Flutter Mane
|-singleturn|p2a: Flutter Mane|Protect
|move|p1b: Chi-Yu|Heat Wave|p2a: Flutter Mane|[spread] p2b
|-activate|p2a: Flutter Mane|move: Protect
|-resisted|p2b: Chi-Yu
|-damage|p2b: Chi-Yu|63/100
|move|p2b: Chi-Yu|Snarl|p1b: Chi-Yu|[spread] p1a,p1b
|-supereffective|p1a: Lunala
|-resisted|p1b: Chi-Yu
|-damage|p1a: Lunala|59/100
|-damage|p1b: Chi-Yu|86/100
|-unboost|p1a: Lunala|spa|1
|-unboost|p1b: Chi-Yu|spa|1
|move|p1a: Lunala|Moongeist Beam|p2a: Flutter Mane
|-activate|p2a: Flutter Mane|move: Protect
|
|-weather|SunnyDay|[upkeep]
|upkeep
|turn|3
|
|t:|1750882305
|move|p2a: Flutter Mane|Moonblast|p1b: Chi-Yu
|-damage|p1b: Chi-Yu|26/100
|-unboost|p1b: Chi-Yu|spa|1
|move|p1b: Chi-Yu|Heat Wave|p2b: Chi-Yu|[spread] p2a,p2b
|-resisted|p2b: Chi-Yu
|-damage|p2a: Flutter Mane|59/100
|-damage|p2b: Chi-Yu|45/100
|move|p2b: Chi-Yu|Snarl|p1b: Chi-Yu|[spread] p1a,p1b
|-supereffective|p1a: Lunala
|-resisted|p1b: Chi-Yu
|-damage|p1a: Lunala|0 fnt
|-damage|p1b: Chi-Yu|13/100
|-unboost|p1b: Chi-Yu|spa|1
|faint|p1a: Lunala
|
|-weather|SunnyDay|[upkeep]
|upkeep
|
|t:|1750882319
|switch|p1a: Koraidon|Koraidon, L50|100/100
|-activate|p1a: Koraidon|ability: Orichalcum Pulse
|turn|4
|
|t:|1750882330
|switch|p1b: Indeedee|Indeedee-F, L50, F|100/100
|-fieldstart|move: Psychic Terrain|[from] ability: Psychic Surge|[of] p1b: Indeedee
|-terastallize|p1a: Koraidon|Fire
|move|p2a: Flutter Mane|Protect|p2a: Flutter Mane
|-singleturn|p2a: Flutter Mane|Protect
|move|p2b: Chi-Yu|Snarl|p1b: Indeedee|[spread] p1a,p1b
|-supereffective|p1b: Indeedee
|-damage|p1a: Koraidon|68/100
|-damage|p1b: Indeedee|43/100
|-unboost|p1a: Koraidon|spa|1
|-unboost|p1b: Indeedee|spa|1
|-enditem|p1b: Indeedee|Eject Button
|
|t:|1750882340
|switch|p1b: Chi-Yu|Chi-Yu, L50|13/100
|-ability|p1b: Chi-Yu|Beads of Ruin
|move|p1a: Koraidon|Flame Charge|p2a: Flutter Mane
|-activate|p2a: Flutter Mane|move: Protect
|
|-weather|SunnyDay|[upkeep]
|upkeep
|turn|5
|
|t:|1750882354
|move|p1a: Koraidon|Protect|p1a: Koraidon
|-singleturn|p1a: Koraidon|Protect
|move|p2a: Flutter Mane|Shadow Ball|p1a: Koraidon
|-activate|p1a: Koraidon|move: Protect
|move|p2b: Chi-Yu|Snarl|p1b: Chi-Yu|[spread] p1b
|-activate|p1a: Koraidon|move: Protect
|-resisted|p1b: Chi-Yu
|-damage|p1b: Chi-Yu|0 fnt
|faint|p1b: Chi-Yu
|
|-weather|none
|-end|p2a: Flutter Mane|Protosynthesis
|upkeep
|
|t:|1750882365
|switch|p1b: Indeedee|Indeedee-F, L50, F|43/100
|turn|6
|
|t:|1750882380
|move|p1b: Indeedee|Follow Me|p1b: Indeedee
|-singleturn|p1b: Indeedee|move: Follow Me
|move|p2b: Chi-Yu|Snarl|p1a: Koraidon|[spread] p1a,p1b
|-supereffective|p1b: Indeedee
|-damage|p1a: Koraidon|37/100
|-damage|p1b: Indeedee|0 fnt
|-unboost|p1a: Koraidon|spa|1
|faint|p1b: Indeedee
|move|p2a: Flutter Mane|Shadow Ball|p1a: Koraidon
|-damage|p1a: Koraidon|0 fnt
|faint|p1a: Koraidon
|
|win|Jameson Murray
|raw|jorgeta's rating: 1525 &rarr; <strong>1504</strong><br />(-21 for losing)
|raw|Jameson Murray's rating: 1509 &rarr; <strong>1530</strong><br />(+21 for winning)
|c|☆jorgeta|gg
|c|☆Jameson Murray|Gg!
|l|☆jorgeta
|player|p1|
|l|☆Jameson Murray
|player|p2|
