|j|☆TotallyNotAutistic
|j|☆SoMuchAppletun
|t:|1750802586
|gametype|doubles
|player|p1|TotallyNotAutistic|n|1214
|player|p2|SoMuchAppletun|gardenia-masters|1295
|teamsize|p1|6
|teamsize|p2|6
|gen|9
|tier|[Gen 9] VGC 2025 Reg I
|rated|
|rule|Species Clause: Limit one of each Pokémon
|rule|Item Clause: Limit 1 of each item
|clearpoke
|poke|p1|Reshiram, L50|
|poke|p1|Malamar, L50, F|
|poke|p1|Miraidon, L50|
|poke|p1|Farigiraf, L50, F|
|poke|p1|Iron Hands, L50|
|poke|p1|Gastrodon, L50, M|
|poke|p2|Miraidon, L50|
|poke|p2|Iron Bundle, L50|
|poke|p2|Chi-Yu, L50|
|poke|p2|Koraidon, L50|
|poke|p2|Roaring Moon, L50|
|poke|p2|Scovillain, L50, F|
|teampreview|4
|inactive|Battle timer is ON: inactive players will automatically lose when time's up. (requested by SoMuchAppletun)
|inactive|TotallyNotAutistic has 60 seconds left.
|inactive|SoMuchAppletun has 60 seconds left.
|
|t:|1750802642
|start
|switch|p1a: Malamar|Malamar, L50, F|100/100
|switch|p1b: Reshiram|Reshiram, L50|100/100
|switch|p2a: Iron Bundle|Iron Bundle, L50|100/100
|switch|p2b: Koraidon|Koraidon, L50|100/100
|-weather|SunnyDay|[from] ability: Orichalcum Pulse|[of] p2b: Koraidon
|-activate|p2b: Koraidon|Orichalcum Pulse|[source]
|-ability|p1b: Reshiram|Turboblaze
|turn|1
|
|t:|1750802665
|move|p1b: Reshiram|Protect|p1b: Reshiram
|-singleturn|p1b: Reshiram|Protect
|move|p2b: Koraidon|U-turn|p1a: Malamar
|-supereffective|p1a: Malamar
|-damage|p1a: Malamar|0 fnt
|faint|p1a: Malamar
|
|t:|1750802676
|switch|p2b: Roaring Moon|Roaring Moon, L50|100/100|[from] U-turn
|-activate|p2b: Roaring Moon|ability: Protosynthesis
|-start|p2b: Roaring Moon|protosynthesisspe
|move|p2a: Iron Bundle|Rain Dance|p2a: Iron Bundle
|-weather|RainDance
|-end|p2b: Roaring Moon|Protosynthesis
|
|-weather|RainDance|[upkeep]
|upkeep
|
|t:|1750802692
|switch|p1a: Iron Hands|Iron Hands, L50|100/100
|turn|2
|
|t:|1750802707
|-end|p2b: Roaring Moon|Protosynthesis|[silent]
|switch|p2b: Miraidon|Miraidon, L50|100/100
|-fieldstart|move: Electric Terrain|[from] ability: Hadron Engine|[of] p2b: Miraidon
|-activate|p2a: Iron Bundle|ability: Quark Drive
|-start|p2a: Iron Bundle|quarkdrivespe
|-activate|p1a: Iron Hands|ability: Quark Drive
|-start|p1a: Iron Hands|quarkdriveatk
|move|p1a: Iron Hands|Fake Out|p2b: Miraidon
|-damage|p2b: Miraidon|78/100
|move|p2a: Iron Bundle|Fling|p2b: Miraidon
|-damage|p2b: Miraidon|76/100
|-start|p2b: Miraidon|move: Focus Energy
|-enditem|p2a: Iron Bundle|Lansat Berry|[from] move: Fling
|move|p1b: Reshiram|Draco Meteor|p2b: Miraidon
|-supereffective|p2b: Miraidon
|-damage|p2b: Miraidon|0 fnt
|-unboost|p1b: Reshiram|spa|2
|faint|p2b: Miraidon
|
|-weather|RainDance|[upkeep]
|upkeep
|
|t:|1750802722
|switch|p2b: Koraidon|Koraidon, L50|100/100
|-weather|SunnyDay|[from] ability: Orichalcum Pulse|[of] p2b: Koraidon
|-activate|p2b: Koraidon|Orichalcum Pulse|[source]
|turn|3
|c|☆SoMuchAppletun|LMAO nice
|inactive|TotallyNotAutistic has 30 seconds left.
|c|☆TotallyNotAutistic|couldnt do what I actually wanted though rip
|inactive|TotallyNotAutistic has 20 seconds left.
|inactive|TotallyNotAutistic has 15 seconds left.
|inactive|TotallyNotAutistic has 10 seconds left.
|c|☆SoMuchAppletun|same here
|
|t:|1750802772
|switch|p1b: Gastrodon|Gastrodon, L50, M|100/100
|-terastallize|p2b: Koraidon|Fire
|move|p1a: Iron Hands|Detect|p1a: Iron Hands
|-singleturn|p1a: Iron Hands|Protect
|move|p2a: Iron Bundle|Icy Wind|p1b: Gastrodon|[spread] p1b
|-activate|p1a: Iron Hands|move: Protect
|-damage|p1b: Gastrodon|84/100
|-unboost|p1b: Gastrodon|spe|1
|move|p2b: Koraidon|Flare Blitz|p1a: Iron Hands
|-activate|p1a: Iron Hands|move: Protect
|
|-weather|SunnyDay|[upkeep]
|-heal|p1b: Gastrodon|89/100|[from] item: Leftovers
|upkeep
|turn|4
|c|☆SoMuchAppletun|that's what we get for trying niche strategies smh
|inactive|SoMuchAppletun has 30 seconds left.
|
|t:|1750802798
|switch|p2b: Roaring Moon|Roaring Moon, L50|100/100
|-activate|p2b: Roaring Moon|ability: Protosynthesis
|-start|p2b: Roaring Moon|protosynthesisspe
|move|p2a: Iron Bundle|Icy Wind|p1b: Gastrodon|[spread] p1a,p1b
|-damage|p1a: Iron Hands|85/100
|-damage|p1b: Gastrodon|74/100
|-unboost|p1a: Iron Hands|spe|1
|-unboost|p1b: Gastrodon|spe|1
|move|p1a: Iron Hands|Close Combat|p2a: Iron Bundle
|-supereffective|p2a: Iron Bundle
|-damage|p2a: Iron Bundle|0 fnt
|-unboost|p1a: Iron Hands|def|1
|-unboost|p1a: Iron Hands|spd|1
|faint|p2a: Iron Bundle
|-end|p2a: Iron Bundle|Quark Drive|[silent]
|move|p1b: Gastrodon|Rain Dance|p1b: Gastrodon
|-weather|RainDance
|-end|p2b: Roaring Moon|Protosynthesis
|
|-weather|RainDance|[upkeep]
|-heal|p1b: Gastrodon|80/100|[from] item: Leftovers
|upkeep
|
|t:|1750802801
|switch|p2a: Koraidon|Koraidon, L50, tera:Fire|100/100
|-weather|SunnyDay|[from] ability: Orichalcum Pulse|[of] p2a: Koraidon
|-activate|p2b: Roaring Moon|ability: Protosynthesis
|-start|p2b: Roaring Moon|protosynthesisspe
|-activate|p2a: Koraidon|Orichalcum Pulse|[source]
|turn|5
|
|t:|1750802812
|move|p1a: Iron Hands|Detect|p1a: Iron Hands
|-singleturn|p1a: Iron Hands|Protect
|move|p2b: Roaring Moon|Dragon Cheer|p2a: Koraidon
|-start|p2a: Koraidon|move: Dragon Cheer
|move|p2a: Koraidon|Close Combat|p1b: Gastrodon
|-damage|p1b: Gastrodon|6/100
|-unboost|p2a: Koraidon|def|1
|-unboost|p2a: Koraidon|spd|1
|move|p1b: Gastrodon|Rain Dance|p1b: Gastrodon
|-weather|RainDance
|-end|p2b: Roaring Moon|Protosynthesis
|
|-weather|RainDance|[upkeep]
|-heal|p1b: Gastrodon|12/100|[from] item: Leftovers
|upkeep
|turn|6
|c|☆TotallyNotAutistic|AND THE GOAT SURVIVES
|c|☆SoMuchAppletun|love him
|inactive|TotallyNotAutistic has 30 seconds left.
|
|t:|1750802843
|-end|p1a: Iron Hands|Quark Drive|[silent]
|switch|p1a: Reshiram|Reshiram, L50|100/100
|-ability|p1a: Reshiram|Turboblaze
|move|p2a: Koraidon|Close Combat|p1a: Reshiram
|-damage|p1a: Reshiram|38/100
|-unboost|p2a: Koraidon|def|1
|-unboost|p2a: Koraidon|spd|1
|move|p2b: Roaring Moon|Iron Head|p1b: Gastrodon
|-resisted|p1b: Gastrodon
|-damage|p1b: Gastrodon|1/100
|cant|p1b: Gastrodon|flinch
|
|-weather|RainDance|[upkeep]
|-heal|p1b: Gastrodon|7/100|[from] item: Leftovers
|-fieldend|move: Electric Terrain
|upkeep
|turn|7
|c|☆TotallyNotAutistic|aw rip
|c|☆SoMuchAppletun|yo xD
|inactive|TotallyNotAutistic has 30 seconds left.
|c|☆SoMuchAppletun|he survived :D
|c|☆SoMuchAppletun|but at what cost D:
|inactive|TotallyNotAutistic has 20 seconds left.
|
|t:|1750802881
|switch|p1b: Iron Hands|Iron Hands, L50|85/100
|move|p1a: Reshiram|Protect|p1a: Reshiram
|-singleturn|p1a: Reshiram|Protect
|move|p2a: Koraidon|Close Combat|p1a: Reshiram
|-activate|p1a: Reshiram|move: Protect
|move|p2b: Roaring Moon|Knock Off|p1b: Iron Hands
|-resisted|p1b: Iron Hands
|-damage|p1b: Iron Hands|71/100
|-enditem|p1b: Iron Hands|Sitrus Berry|[from] move: Knock Off|[of] p2b: Roaring Moon
|
|-weather|RainDance|[upkeep]
|upkeep
|turn|8
|c|☆TotallyNotAutistic|what cost indeed
|
|t:|1750802894
|move|p1b: Iron Hands|Fake Out|p2a: Koraidon
|-damage|p2a: Koraidon|69/100
|cant|p2a: Koraidon|flinch
|move|p2b: Roaring Moon|Knock Off|p1a: Reshiram
|-crit|p1a: Reshiram
|-damage|p1a: Reshiram|0 fnt
|-enditem|p1a: Reshiram|Covert Cloak|[from] move: Knock Off|[of] p2b: Roaring Moon
|faint|p1a: Reshiram
|
|-weather|RainDance|[upkeep]
|upkeep
|c|☆SoMuchAppletun|you still have this lmao
|c|☆TotallyNotAutistic|ggs
|c|☆TotallyNotAutistic|wp
|
|t:|1750802908
|switch|p1a: Gastrodon|Gastrodon, L50, M|7/100
|turn|9
|
|t:|1750802916
|-terastallize|p1b: Iron Hands|Bug
|move|p2a: Koraidon|Close Combat|p1b: Iron Hands
|-resisted|p1b: Iron Hands
|-damage|p1b: Iron Hands|49/100
|-unboost|p2a: Koraidon|def|1
|-unboost|p2a: Koraidon|spd|1
|move|p2b: Roaring Moon|Knock Off|p1a: Gastrodon
|-damage|p1a: Gastrodon|0 fnt
|-enditem|p1a: Gastrodon|Leftovers|[from] move: Knock Off|[of] p2b: Roaring Moon
|faint|p1a: Gastrodon
|move|p1b: Iron Hands|Close Combat|p2a: Koraidon
|-damage|p2a: Koraidon|0 fnt
|-unboost|p1b: Iron Hands|def|1
|-unboost|p1b: Iron Hands|spd|1
|faint|p2a: Koraidon
|
|-weather|none
|upkeep
|turn|10
|c|☆SoMuchAppletun|nice lol
|
|t:|1750802936
|move|p2b: Roaring Moon|Iron Head|p1b: Iron Hands
|-damage|p1b: Iron Hands|24/100
|move|p1b: Iron Hands|Close Combat|p2b: Roaring Moon
|-supereffective|p2b: Roaring Moon
|-damage|p2b: Roaring Moon|0 fnt
|-unboost|p1b: Iron Hands|def|1
|-unboost|p1b: Iron Hands|spd|1
|faint|p2b: Roaring Moon
|-end|p2b: Roaring Moon|Protosynthesis|[silent]
|
|win|TotallyNotAutistic
|raw|TotallyNotAutistic's rating: 1214 &rarr; <strong>1245</strong><br />(+31 for winning)
|raw|SoMuchAppletun's rating: 1295 &rarr; <strong>1264</strong><br />(-31 for losing)
|c|☆TotallyNotAutistic|no shot right?
|c|☆SoMuchAppletun|bug tera will never not be funny to me
|c|☆TotallyNotAutistic|OH MY GOD AND THE TURN AROUND
|c|☆TotallyNotAutistic|LMAO I THOUGHT I WAS COOKED
|c|☆SoMuchAppletun|no, I had to flinch farm to get that W xD
|c|☆SoMuchAppletun|congrats mate, ggs
|c|☆TotallyNotAutistic|ggs
|c|☆TotallyNotAutistic|yo I had a brain blsat then I rushed to the tam builder
|c|☆TotallyNotAutistic|team*
|c|☆TotallyNotAutistic|think abt
|c|☆TotallyNotAutistic|trick room topsy turvy reshiram
|c|☆SoMuchAppletun|oh wait, that is sick xD
|c|☆TotallyNotAutistic|you draco/overheat and topsy turvy gives it back plus insterest
|c|☆SoMuchAppletun|my brain blast was scope lens dragon cheer draco meteor miraidon
|c|☆TotallyNotAutistic|yea that was tough as shit
|c|☆TotallyNotAutistic|I gotta try that
|c|☆SoMuchAppletun|I have overheat on my miraidon too xD the thought is it will go brrr in sun
|c|☆SoMuchAppletun|but it's sooooo hard to execute
|c|☆TotallyNotAutistic|this is my first game with the malamar resh so I got no clue if itll actually work
|c|☆SoMuchAppletun|but damn, great minds think kinda sorta alike *handshake emoji*
|c|☆TotallyNotAutistic|fr
|c|☆SoMuchAppletun|oh nice! good luck then, mate
|c|☆TotallyNotAutistic|yea you too bro
|c|☆SoMuchAppletun|yours is probably way easier to set up too
|c|☆SoMuchAppletun|it's two turns versus my three lol
|c|☆SoMuchAppletun|let me know how it goes 8)
|c|☆TotallyNotAutistic|i will
|c|☆SoMuchAppletun|ggs friend, til next time!
|c|☆TotallyNotAutistic|til next time
|l|☆SoMuchAppletun
|player|p2|
