|j|☆Ewiky22
|j|☆Il Falco
|t:|1750847494
|gametype|doubles
|player|p1|Ewiky22|tate|1443
|player|p2|Il Falco|cheren-masters|1402
|teamsize|p1|6
|teamsize|p2|6
|gen|9
|tier|[Gen 9] VGC 2025 Reg I
|rated|
|rule|Species Clause: Limit one of each Pokémon
|rule|Item Clause: Limit 1 of each item
|clearpoke
|poke|p1|Necrozma-Dawn-Wings, L50|
|poke|p1|Indeedee-F, L50, F|
|poke|p1|Calyrex-Ice, L50|
|poke|p1|Smeargle, L50, M|
|poke|p1|Torkoal, L50, F|
|poke|p1|Annihilape, L50, M|
|poke|p2|Calyrex-Shadow, L50|
|poke|p2|Indeedee-F, L50, F|
|poke|p2|Zamazenta-*, L50|
|poke|p2|Ogerpon, L50, F|
|poke|p2|Rhydon, L50, M|
|poke|p2|Moltres-Galar, L50|
|teampreview|4
|inactive|Battle timer is ON: inactive players will automatically lose when time's up. (requested by Ewiky22)
|
|t:|1750847520
|start
|switch|p1a: Indeedee|Indeedee-F, L50, F|100/100
|switch|p1b: Necrozma|Necrozma-Dawn-Wings, L50|100/100
|switch|p2a: Indeedee|Indeedee-F, L50, F|100/100
|switch|p2b: Calyrex|Calyrex-Shadow, L50|100/100
|-ability|p2b: Calyrex|As One
|-ability|p2b: Calyrex|Unnerve
|-fieldstart|move: Psychic Terrain|[from] ability: Psychic Surge|[of] p2a: Indeedee
|turn|1
|
|t:|1750847537
|-terastallize|p1b: Necrozma|Fairy
|move|p2a: Indeedee|Follow Me|p2a: Indeedee
|-singleturn|p2a: Indeedee|move: Follow Me
|move|p2b: Calyrex|Nasty Plot|p2b: Calyrex
|-boost|p2b: Calyrex|spa|2
|move|p1b: Necrozma|Meteor Beam||[still]
|-prepare|p1b: Necrozma|Meteor Beam
|-boost|p1b: Necrozma|spa|1
|-enditem|p1b: Necrozma|Power Herb
|-anim|p1b: Necrozma|Meteor Beam|p2a: Indeedee
|-damage|p2a: Indeedee|28/100
|move|p1a: Indeedee|Trick Room|p1a: Indeedee
|-fieldstart|move: Trick Room|[of] p1a: Indeedee
|
|upkeep
|turn|2
|
|t:|1750847556
|move|p1a: Indeedee|Helping Hand|p1b: Necrozma
|-singleturn|p1b: Necrozma|Helping Hand|[of] p1a: Indeedee
|move|p2b: Calyrex|Protect|p2b: Calyrex
|-singleturn|p2b: Calyrex|Protect
|move|p1b: Necrozma|Expanding Force|p2b: Calyrex|[spread] p2a
|-activate|p2b: Calyrex|move: Protect
|-resisted|p2a: Indeedee
|-damage|p2a: Indeedee|0 fnt
|faint|p2a: Indeedee
|
|upkeep
|
|t:|1750847568
|switch|p2a: Moltres-Kanto|Moltres-Galar, L50, shiny|100/100
|turn|3
|
|t:|1750847575
|move|p1b: Necrozma|Moongeist Beam|p2b: Calyrex
|-supereffective|p2b: Calyrex
|-enditem|p2b: Calyrex|Focus Sash
|-damage|p2b: Calyrex|1/100
|move|p1a: Indeedee|Dazzling Gleam|p2b: Calyrex|[spread] p2a,p2b
|-supereffective|p2a: Moltres-Kanto
|-damage|p2a: Moltres-Kanto|83/100
|-damage|p2b: Calyrex|0 fnt
|faint|p2b: Calyrex
|move|p2a: Moltres-Kanto|Fiery Wrath|p1b: Necrozma|[spread] p1a,p1b
|-supereffective|p1a: Indeedee
|-resisted|p1b: Necrozma
|-damage|p1a: Indeedee|49/100
|-damage|p1b: Necrozma|91/100
|
|upkeep
|
|t:|1750847584
|switch|p2b: Zamazenta|Zamazenta-Crowned, L50|100/100
|-ability|p2b: Zamazenta|Dauntless Shield|boost
|-boost|p2b: Zamazenta|def|1
|turn|4
|
|t:|1750847595
|move|p2a: Moltres-Kanto|Protect|p2a: Moltres-Kanto
|-singleturn|p2a: Moltres-Kanto|Protect
|move|p2b: Zamazenta|Protect|p2b: Zamazenta
|-singleturn|p2b: Zamazenta|Protect
|move|p1b: Necrozma|Moongeist Beam|p2b: Zamazenta
|-activate|p2b: Zamazenta|move: Protect
|move|p1a: Indeedee|Dazzling Gleam|p2a: Moltres-Kanto|[spread] 
|-activate|p2a: Moltres-Kanto|move: Protect
|-activate|p2b: Zamazenta|move: Protect
|
|upkeep
|turn|5
|
|t:|1750847610
|move|p1a: Indeedee|Helping Hand|p1b: Necrozma
|-singleturn|p1b: Necrozma|Helping Hand|[of] p1a: Indeedee
|move|p1b: Necrozma|Moongeist Beam|p2b: Zamazenta
|-damage|p2b: Zamazenta|4/100
|move|p2a: Moltres-Kanto|Fiery Wrath|p1a: Indeedee|[spread] p1a,p1b
|-supereffective|p1a: Indeedee
|-resisted|p1b: Necrozma
|-damage|p1a: Indeedee|0 fnt
|-damage|p1b: Necrozma|81/100
|faint|p1a: Indeedee
|move|p2b: Zamazenta|Behemoth Bash|p1b: Necrozma
|-supereffective|p1b: Necrozma
|-damage|p1b: Necrozma|30/100
|
|-fieldend|move: Trick Room
|-fieldend|move: Psychic Terrain
|upkeep
|
|t:|1750847622
|switch|p1a: Calyrex|Calyrex-Ice, L50|100/100
|-ability|p1a: Calyrex|As One
|-ability|p1a: Calyrex|Unnerve
|turn|6
|
|t:|1750847641
|-terastallize|p2a: Moltres-Kanto|Steel
|move|p2b: Zamazenta|Behemoth Bash|p1b: Necrozma
|-supereffective|p1b: Necrozma
|-damage|p1b: Necrozma|0 fnt
|faint|p1b: Necrozma
|move|p2a: Moltres-Kanto|Fiery Wrath|p1a: Calyrex
|-supereffective|p1a: Calyrex
|-damage|p1a: Calyrex|47/100
|cant|p1a: Calyrex|flinch
|
|upkeep
|
|t:|1750847647
|switch|p1b: Torkoal|Torkoal, L50, F|100/100
|-weather|SunnyDay|[from] ability: Drought|[of] p1b: Torkoal
|turn|7
|
|t:|1750847655
|move|p2b: Zamazenta|Body Press|p1b: Torkoal
|-damage|p1b: Torkoal|50/100
|move|p2a: Moltres-Kanto|Fiery Wrath|p1a: Calyrex|[spread] p1a,p1b
|-supereffective|p1a: Calyrex
|-damage|p1a: Calyrex|7/100
|-damage|p1b: Torkoal|12/100
|move|p1b: Torkoal|Heat Wave|p2b: Zamazenta|[spread] p2a,p2b
|-supereffective|p2a: Moltres-Kanto
|-supereffective|p2b: Zamazenta
|-damage|p2a: Moltres-Kanto|0 fnt
|-damage|p2b: Zamazenta|0 fnt
|faint|p2a: Moltres-Kanto
|faint|p2b: Zamazenta
|
|win|Ewiky22
|raw|Ewiky22's rating: 1443 &rarr; <strong>1461</strong><br />(+18 for winning)
|raw|Il Falco's rating: 1402 &rarr; <strong>1384</strong><br />(-18 for losing)
|l|☆Il Falco
|player|p2|
|l|☆Ewiky22
|player|p1|
