|j|☆Menoin9
|j|☆whiffedcream
|t:|1750839015
|gametype|doubles
|player|p1|Menoin9|hugh|1164
|player|p2|whiffedcream|cynthia|1163
|teamsize|p1|6
|teamsize|p2|6
|gen|9
|tier|[Gen 9] VGC 2025 Reg I
|rated|
|rule|Species Clause: Limit one of each Pokémon
|rule|Item Clause: Limit 1 of each item
|clearpoke
|poke|p1|Koraidon, L50|
|poke|p1|Entei, L50|
|poke|p1|Umbreon, L50, F|
|poke|p1|Ogerpon-Cornerstone, L50, F|
|poke|p1|Flutter Mane, L50|
|poke|p1|Zekrom, L50|
|poke|p2|Terapagos, L50, M|
|poke|p2|Calyrex-Shadow, L50|
|poke|p2|Flutter Mane, L50|
|poke|p2|Ogerpon-Cornerstone, L50, F|
|poke|p2|Incineroar, L50, M|
|poke|p2|Rillaboom, L50, F|
|teampreview|4
|
|t:|1750839055
|start
|switch|p1a: Umbreon|Umbreon, L50, F, shiny|100/100
|switch|p1b: Koraidon|Koraidon, L50|100/100
|switch|p2a: Terapagos|Terapagos, L50, M|100/100
|switch|p2b: Incineroar|Incineroar, L50, M, shiny|100/100
|-activate|p2a: Terapagos|ability: Tera Shift
|detailschange|p2a: Terapagos|Terapagos-Terastal, L50, M
|-heal|p2a: Terapagos|100/100|[silent]
|-weather|SunnyDay|[from] ability: Orichalcum Pulse|[of] p1b: Koraidon
|-activate|p1b: Koraidon|Orichalcum Pulse|[source]
|-ability|p2b: Incineroar|Intimidate|boost
|-fail|p1a: Umbreon|unboost|Attack|[from] ability: Inner Focus|[of] p1a: Umbreon
|-unboost|p1b: Koraidon|atk|1
|turn|1
|
|t:|1750839075
|-terastallize|p2a: Terapagos|Stellar
|detailschange|p2a: Terapagos|Terapagos-Stellar, L50, M, tera:Stellar
|-heal|p2a: Terapagos|100/100|[silent]
|-ability|p2a: Terapagos|Teraform Zero
|-weather|none
|move|p1b: Koraidon|Protect|p1b: Koraidon
|-singleturn|p1b: Koraidon|Protect
|move|p2b: Incineroar|Fake Out|p1b: Koraidon
|-activate|p1b: Koraidon|move: Protect
|move|p2a: Terapagos|Tera Starstorm|p1b: Koraidon|[spread] p1a
|-activate|p1b: Koraidon|move: Protect
|-damage|p1a: Umbreon|81/100
|move|p1a: Umbreon|Taunt|p2a: Terapagos
|-start|p2a: Terapagos|move: Taunt
|
|-heal|p1a: Umbreon|87/100|[from] item: Leftovers
|upkeep
|turn|2
|
|t:|1750839107
|move|p1b: Koraidon|Collision Course|p2a: Terapagos
|-supereffective|p2a: Terapagos
|-damage|p2a: Terapagos|58/100
|move|p2a: Terapagos|Tera Starstorm|p1b: Koraidon|[spread] p1a,p1b
|-damage|p1a: Umbreon|66/100
|-damage|p1b: Koraidon|75/100
|move|p1a: Umbreon|Taunt|p2b: Incineroar
|-start|p2b: Incineroar|move: Taunt
|cant|p2b: Incineroar|move: Taunt|Will-O-Wisp
|
|-heal|p2a: Terapagos|64/100|[from] item: Leftovers
|-heal|p1a: Umbreon|72/100|[from] item: Leftovers
|upkeep
|turn|3
|
|t:|1750839140
|move|p1b: Koraidon|Collision Course|p2a: Terapagos
|-supereffective|p2a: Terapagos
|-damage|p2a: Terapagos|23/100
|move|p2a: Terapagos|Tera Starstorm|p1a: Umbreon|[spread] p1a,p1b
|-damage|p1a: Umbreon|50/100
|-damage|p1b: Koraidon|46/100
|move|p1a: Umbreon|Moonlight|p1a: Umbreon
|-heal|p1a: Umbreon|99/100
|move|p2b: Incineroar|Knock Off|p1a: Umbreon
|-resisted|p1a: Umbreon
|-damage|p1a: Umbreon|85/100
|-enditem|p1a: Umbreon|Leftovers|[from] move: Knock Off|[of] p2b: Incineroar
|
|-heal|p2a: Terapagos|30/100|[from] item: Leftovers
|upkeep
|turn|4
|
|t:|1750839173
|switch|p2a: Flutter Mane|Flutter Mane, L50|100/100
|-enditem|p2a: Flutter Mane|Booster Energy
|-activate|p2a: Flutter Mane|ability: Protosynthesis|[fromitem]
|-start|p2a: Flutter Mane|protosynthesisspe
|move|p1b: Koraidon|Scale Shot|p2b: Incineroar|[miss]
|-miss|p1b: Koraidon|p2b: Incineroar
|move|p1a: Umbreon|Foul Play|p2a: Flutter Mane
|-damage|p2a: Flutter Mane|74/100
|move|p2b: Incineroar|Knock Off|p1b: Koraidon
|-resisted|p1b: Koraidon
|-crit|p1b: Koraidon
|-damage|p1b: Koraidon|26/100
|-enditem|p1b: Koraidon|Loaded Dice|[from] move: Knock Off|[of] p2b: Incineroar
|
|-end|p2b: Incineroar|move: Taunt
|upkeep
|turn|5
|
|t:|1750839200
|-terastallize|p1b: Koraidon|Fire
|move|p2a: Flutter Mane|Moonblast|p1a: Umbreon
|-supereffective|p1a: Umbreon
|-damage|p1a: Umbreon|31/100
|move|p1b: Koraidon|Flare Blitz|p2a: Flutter Mane
|-damage|p2a: Flutter Mane|19/100
|-damage|p1b: Koraidon|11/100|[from] Recoil
|move|p1a: Umbreon|Taunt|p2a: Flutter Mane
|-start|p2a: Flutter Mane|move: Taunt
|move|p2b: Incineroar|Parting Shot|p1b: Koraidon
|-unboost|p1b: Koraidon|atk|1
|-unboost|p1b: Koraidon|spa|1
|
|t:|1750839217
|switch|p2b: Terapagos|Terapagos-Stellar, L50, M, tera:Stellar|30/100|[from] Parting Shot
|
|-heal|p2b: Terapagos|36/100|[from] item: Leftovers
|upkeep
|turn|6
|
|t:|1750839229
|switch|p1b: Flutter Mane|Flutter Mane, L50|100/100
|move|p2b: Terapagos|Protect|p2b: Terapagos
|-singleturn|p2b: Terapagos|Protect
|move|p2a: Flutter Mane|Moonblast|p1a: Umbreon
|-supereffective|p1a: Umbreon
|-damage|p1a: Umbreon|0 fnt
|faint|p1a: Umbreon
|
|-heal|p2b: Terapagos|42/100|[from] item: Leftovers
|upkeep
|
|t:|1750839246
|switch|p1a: Koraidon|Koraidon, L50, tera:Fire|11/100
|-weather|SunnyDay|[from] ability: Orichalcum Pulse|[of] p1a: Koraidon
|-activate|p1b: Flutter Mane|ability: Protosynthesis
|-start|p1b: Flutter Mane|protosynthesisspe
|-activate|p1a: Koraidon|Orichalcum Pulse|[source]
|turn|7
|
|t:|1750839262
|move|p1a: Koraidon|Protect|p1a: Koraidon
|-singleturn|p1a: Koraidon|Protect
|move|p1b: Flutter Mane|Icy Wind|p2b: Terapagos|[spread] p2b
|-miss|p1b: Flutter Mane|p2a: Flutter Mane
|-damage|p2b: Terapagos|32/100
|-unboost|p2b: Terapagos|spe|1
|move|p2a: Flutter Mane|Moonblast|p1a: Koraidon
|-activate|p1a: Koraidon|move: Protect
|move|p2b: Terapagos|Tera Starstorm|p1b: Flutter Mane|[spread] p1b
|-activate|p1a: Koraidon|move: Protect
|-damage|p1b: Flutter Mane|62/100
|
|-weather|SunnyDay|[upkeep]
|-heal|p2b: Terapagos|38/100|[from] item: Leftovers
|upkeep
|turn|8
|
|t:|1750839283
|switch|p1a: Entei|Entei, L50|100/100
|move|p2b: Terapagos|Protect|p2b: Terapagos
|-singleturn|p2b: Terapagos|Protect
|move|p1b: Flutter Mane|Dazzling Gleam|p2b: Terapagos|[spread] p2a
|-activate|p2b: Terapagos|move: Protect
|-damage|p2a: Flutter Mane|0 fnt
|faint|p2a: Flutter Mane
|-end|p2a: Flutter Mane|Protosynthesis|[silent]
|
|-weather|SunnyDay|[upkeep]
|-heal|p2b: Terapagos|44/100|[from] item: Leftovers
|upkeep
|
|t:|1750839298
|switch|p2a: Incineroar|Incineroar, L50, M, shiny|100/100
|-ability|p2a: Incineroar|Intimidate|boost
|-fail|p1a: Entei|unboost|Attack|[from] ability: Inner Focus|[of] p1a: Entei
|-unboost|p1b: Flutter Mane|atk|1
|turn|9
|
|t:|1750839315
|move|p2a: Incineroar|Fake Out|p1a: Entei
|-damage|p1a: Entei|92/100
|move|p1b: Flutter Mane|Icy Wind|p2a: Incineroar|[spread] p2a,p2b
|-resisted|p2a: Incineroar
|-damage|p2a: Incineroar|95/100
|-damage|p2b: Terapagos|35/100
|-unboost|p2a: Incineroar|spe|1
|-unboost|p2b: Terapagos|spe|1
|move|p1a: Entei|Sacred Fire|p2b: Terapagos
|-damage|p2b: Terapagos|0 fnt
|faint|p2b: Terapagos
|detailschange|p2: Terapagos|Terapagos, L50, M|[silent]
|
|-weather|SunnyDay|[upkeep]
|upkeep
|
|t:|1750839330
|switch|p2b: Calyrex|Calyrex-Shadow, L50|100/100
|-ability|p2b: Calyrex|As One
|-ability|p2b: Calyrex|Unnerve
|turn|10
|
|t:|1750839342
|move|p1b: Flutter Mane|Icy Wind|p2a: Incineroar|[spread] p2b
|-miss|p1b: Flutter Mane|p2a: Incineroar
|-damage|p2b: Calyrex|85/100
|-unboost|p2b: Calyrex|spe|1
|move|p2b: Calyrex|Astral Barrage|p1a: Entei|[spread] p1a,p1b
|-supereffective|p1b: Flutter Mane
|-damage|p1a: Entei|39/100
|-damage|p1b: Flutter Mane|0 fnt
|faint|p1b: Flutter Mane
|-end|p1b: Flutter Mane|Protosynthesis|[silent]
|-ability|p2b: Calyrex|Grim Neigh|boost
|-boost|p2b: Calyrex|spa|1
|move|p1a: Entei|Sacred Fire|p2b: Calyrex
|-damage|p2b: Calyrex|0 fnt
|faint|p2b: Calyrex
|move|p2a: Incineroar|Knock Off|p1a: Entei
|-damage|p1a: Entei|8/100
|-enditem|p1a: Entei|Choice Band|[from] move: Knock Off|[of] p2a: Incineroar
|
|-weather|SunnyDay|[upkeep]
|upkeep
|
|t:|1750839358
|switch|p1b: Koraidon|Koraidon, L50, tera:Fire|11/100
|-activate|p1b: Koraidon|ability: Orichalcum Pulse
|turn|11
|
|t:|1750839365
|move|p1b: Koraidon|Collision Course|p2a: Incineroar
|-supereffective|p2a: Incineroar
|-damage|p2a: Incineroar|0 fnt
|-damage|p1b: Koraidon|0 fnt|[from] item: Rocky Helmet|[of] p2a: Incineroar
|faint|p2a: Incineroar
|faint|p1b: Koraidon
|
|win|Menoin9
|raw|Menoin9's rating: 1164 &rarr; <strong>1189</strong><br />(+25 for winning)
|raw|whiffedcream's rating: 1163 &rarr; <strong>1138</strong><br />(-25 for losing)
|l|☆whiffedcream
|player|p2|
|l|☆Menoin9
|player|p1|
