|j|☆FlyAwayVGC
|j|☆zachcold3333
|t:|1750879496
|gametype|doubles
|player|p1|FlyAwayVGC|dana|1609
|player|p2|zachcold3333|harlequin|1526
|teamsize|p1|6
|teamsize|p2|6
|gen|9
|tier|[Gen 9] VGC 2025 Reg I
|rated|
|rule|Species Clause: Limit one of each Pokémon
|rule|Item Clause: Limit 1 of each item
|clearpoke
|poke|p1|Calyrex-Shadow, L50|
|poke|p1|Zamazenta-*, L50|
|poke|p1|Chien-Pao, L50|
|poke|p1|Raging Bolt, L50|
|poke|p1|Incineroar, L50, F|
|poke|p1|Amoonguss, L50, F|
|poke|p2|Koraidon, L50|
|poke|p2|Calyrex-Shadow, L50|
|poke|p2|Whimsicott, L50, M|
|poke|p2|Kingambit, L50, M|
|poke|p2|Raging Bolt, L50|
|poke|p2|Slither Wing, L50|
|teampreview|4
|inactive|Battle timer is ON: inactive players will automatically lose when time's up. (requested by FlyAwayVGC)
|inactive|FlyAwayVGC has 60 seconds left.
|
|t:|1750879538
|start
|switch|p1a: Zamazenta|Zamazenta-Crowned, L50|100/100
|switch|p1b: Chien-Pao|Chien-Pao, L50|100/100
|switch|p2a: Whimsicott|Whimsicott, L50, M|100/100
|switch|p2b: Slither Wing|Slither Wing, L50|100/100
|-ability|p1b: Chien-Pao|Sword of Ruin
|-ability|p1a: Zamazenta|Dauntless Shield|boost
|-boost|p1a: Zamazenta|def|1
|turn|1
|
|t:|1750879557
|move|p2a: Whimsicott|Tailwind|p2a: Whimsicott
|-sidestart|p2: zachcold3333|move: Tailwind
|move|p2b: Slither Wing|Close Combat|p1a: Zamazenta
|-supereffective|p1a: Zamazenta
|-damage|p1a: Zamazenta|0 fnt
|-unboost|p2b: Slither Wing|def|1
|-unboost|p2b: Slither Wing|spd|1
|faint|p1a: Zamazenta
|move|p1b: Chien-Pao|Ice Spinner|p2b: Slither Wing
|-damage|p2b: Slither Wing|0 fnt
|faint|p2b: Slither Wing
|-end|p2b: Slither Wing|Protosynthesis|[silent]
|
|upkeep
|
|t:|1750879576
|switch|p1a: Calyrex|Calyrex-Shadow, L50|100/100
|switch|p2b: Koraidon|Koraidon, L50|100/100
|-ability|p1a: Calyrex|As One
|-ability|p1a: Calyrex|Unnerve
|-weather|SunnyDay|[from] ability: Orichalcum Pulse|[of] p2b: Koraidon
|-activate|p2b: Koraidon|Orichalcum Pulse|[source]
|turn|2
|
|t:|1750879596
|move|p2b: Koraidon|Protect|p2b: Koraidon
|-singleturn|p2b: Koraidon|Protect
|move|p1b: Chien-Pao|Sucker Punch||[still]
|-fail|p1b: Chien-Pao
|move|p2a: Whimsicott|Moonblast|p1b: Chien-Pao
|-supereffective|p1b: Chien-Pao
|-enditem|p1b: Chien-Pao|Focus Sash
|-damage|p1b: Chien-Pao|1/100
|move|p1a: Calyrex|Astral Barrage|p2a: Whimsicott|[spread] p2a
|-activate|p2b: Koraidon|move: Protect
|-enditem|p2a: Whimsicott|Focus Sash
|-damage|p2a: Whimsicott|1/100
|-damage|p1a: Calyrex|91/100|[from] item: Life Orb
|
|-weather|SunnyDay|[upkeep]
|upkeep
|turn|3
|inactive|zachcold3333 has 30 seconds left.
|inactive|FlyAwayVGC has 30 seconds left.
|
|t:|1750879631
|switch|p1a: Raging Bolt|Raging Bolt, L50|100/100
|-activate|p1a: Raging Bolt|ability: Protosynthesis
|-start|p1a: Raging Bolt|protosynthesisspa
|move|p2b: Koraidon|Flare Blitz|p1a: Raging Bolt
|-resisted|p1a: Raging Bolt
|-damage|p1a: Raging Bolt|60/100
|-damage|p2b: Koraidon|83/100|[from] Recoil
|move|p2a: Whimsicott|Moonblast|p1b: Chien-Pao
|-supereffective|p1b: Chien-Pao
|-damage|p1b: Chien-Pao|0 fnt
|faint|p1b: Chien-Pao
|
|-weather|SunnyDay|[upkeep]
|upkeep
|
|t:|1750879639
|switch|p1b: Calyrex|Calyrex-Shadow, L50|91/100
|-ability|p1b: Calyrex|As One
|-ability|p1b: Calyrex|Unnerve
|turn|4
|inactive|zachcold3333 has 30 seconds left.
|
|t:|1750879670
|move|p1b: Calyrex|Protect|p1b: Calyrex
|-singleturn|p1b: Calyrex|Protect
|move|p1a: Raging Bolt|Protect|p1a: Raging Bolt
|-singleturn|p1a: Raging Bolt|Protect
|move|p2b: Koraidon|Flare Blitz|p1b: Calyrex
|-activate|p1b: Calyrex|move: Protect
|move|p2a: Whimsicott|Moonblast|p1a: Raging Bolt
|-activate|p1a: Raging Bolt|move: Protect
|
|-weather|SunnyDay|[upkeep]
|-sideend|p2: zachcold3333|move: Tailwind
|upkeep
|turn|5
|
|t:|1750879690
|-terastallize|p1b: Calyrex|Dark
|-terastallize|p2b: Koraidon|Fire
|move|p1b: Calyrex|Astral Barrage|p2a: Whimsicott|[spread] p2a,p2b
|-damage|p2a: Whimsicott|0 fnt
|-damage|p2b: Koraidon|12/100
|faint|p2a: Whimsicott
|-ability|p1b: Calyrex|Grim Neigh|boost
|-boost|p1b: Calyrex|spa|1
|-damage|p1b: Calyrex|81/100|[from] item: Life Orb
|move|p2b: Koraidon|Flare Blitz|p1b: Calyrex
|-damage|p1b: Calyrex|0 fnt
|faint|p1b: Calyrex
|-damage|p2b: Koraidon|0 fnt|[from] Recoil
|faint|p2b: Koraidon
|move|p1a: Raging Bolt|Dragon Pulse|p2: Whimsicott|[notarget]
|-fail|p1a: Raging Bolt
|
|-weather|SunnyDay|[upkeep]
|upkeep
|
|t:|1750879698
|switch|p2b: Calyrex|Calyrex-Shadow, L50|100/100
|-ability|p2b: Calyrex|As One
|-ability|p2b: Calyrex|Unnerve
|turn|6
|
|t:|1750879703
|move|p2b: Calyrex|Astral Barrage|p1a: Raging Bolt
|-damage|p1a: Raging Bolt|0 fnt
|faint|p1a: Raging Bolt
|-end|p1a: Raging Bolt|Protosynthesis|[silent]
|
|win|zachcold3333
|raw|FlyAwayVGC's rating: 1609 &rarr; <strong>1584</strong><br />(-25 for losing)
|raw|zachcold3333's rating: 1526 &rarr; <strong>1551</strong><br />(+25 for winning)
|l|☆FlyAwayVGC
|player|p1|
|l|☆zachcold3333
|player|p2|
