|j|☆avsa2
|j|☆circhester city
|t:|1750807821
|gametype|doubles
|player|p1|avsa2|102|1092
|player|p2|circhester city|morty|1135
|teamsize|p1|6
|teamsize|p2|6
|gen|9
|tier|[Gen 9] VGC 2025 Reg I
|rated|
|rule|Species Clause: Limit one of each Pokémon
|rule|Item Clause: Limit 1 of each item
|clearpoke
|poke|p1|Rillaboom, L50, F|
|poke|p1|Incineroar, L50, F|
|poke|p1|Quaquaval, L50, M|
|poke|p1|Typhlosion-Hisui, L50, F|
|poke|p1|Jolteon, L50, F|
|poke|p1|Primarina, L50, M|
|poke|p2|Zamazenta-*, L50|
|poke|p2|Calyrex-Shadow, L50|
|poke|p2|Chi-Yu, L50|
|poke|p2|Flutter Mane, L50|
|poke|p2|Grafaiai, L50, M|
|poke|p2|Ogerpon-Cornerstone, L50, F|
|teampreview|4
|inactive|Battle timer is ON: inactive players will automatically lose when time's up. (requested by circhester city)
|
|t:|1750807858
|start
|switch|p1a: Primarina|Primarina, L50, M|100/100
|switch|p1b: Incineroar|Incineroar, L50, F|100/100
|switch|p2a: Zamazenta|Zamazenta-Crowned, L50|100/100
|switch|p2b: Grafaiai|Grafaiai, L50, M|100/100
|-ability|p2a: Zamazenta|Dauntless Shield|boost
|-boost|p2a: Zamazenta|def|1
|-ability|p1b: Incineroar|Intimidate|boost
|-unboost|p2a: Zamazenta|atk|1
|-unboost|p2b: Grafaiai|atk|1
|turn|1
|inactive|avsa2 has 30 seconds left.
|inactive|circhester city has 30 seconds left.
|inactive|circhester city has 20 seconds left.
|inactive|circhester city has 15 seconds left.
|inactive|circhester city has 10 seconds left.
|
|t:|1750807907
|-terastallize|p1a: Primarina|Poison
|move|p2a: Zamazenta|Protect|p2a: Zamazenta
|-singleturn|p2a: Zamazenta|Protect
|move|p2b: Grafaiai|Scary Face|p1a: Primarina
|-unboost|p1a: Primarina|spe|2
|move|p1b: Incineroar|Temper Flare|p2a: Zamazenta
|-activate|p2a: Zamazenta|move: Protect
|move|p1a: Primarina|Hyper Voice|p2a: Zamazenta|[spread] p2b
|-activate|p2a: Zamazenta|move: Protect
|-damage|p2b: Grafaiai|50/100
|
|upkeep
|turn|2
|inactive|circhester city has 30 seconds left.
|
|t:|1750807932
|-terastallize|p2a: Zamazenta|Grass
|move|p2b: Grafaiai|Encore|p1a: Primarina
|-start|p1a: Primarina|Encore
|move|p2a: Zamazenta|Body Press|p1b: Incineroar
|-supereffective|p1b: Incineroar
|-damage|p1b: Incineroar|0 fnt
|faint|p1b: Incineroar
|move|p1a: Primarina|Hyper Voice|p2b: Grafaiai|[spread] p2a,p2b
|-resisted|p2a: Zamazenta
|-damage|p2a: Zamazenta|87/100
|-damage|p2b: Grafaiai|0 fnt
|faint|p2b: Grafaiai
|
|upkeep
|
|t:|1750807944
|switch|p2b: Ogerpon|Ogerpon-Cornerstone, L50, F|100/100
|switch|p1b: Typhlosion|Typhlosion-Hisui, L50, F|100/100
|-item|p2a: Zamazenta|Rusted Shield|[from] ability: Frisk|[of] p1b: Typhlosion
|-item|p2b: Ogerpon|Cornerstone Mask|[from] ability: Frisk|[of] p1b: Typhlosion
|turn|3
|
|t:|1750807957
|switch|p1a: Quaquaval|Quaquaval, L50, M|100/100
|move|p2a: Zamazenta|Wide Guard|p2a: Zamazenta
|-singleturn|p2a: Zamazenta|Wide Guard
|move|p1b: Typhlosion|Eruption|p2a: Zamazenta|[spread] 
|-activate|p2a: Zamazenta|move: Wide Guard
|-activate|p2b: Ogerpon|move: Wide Guard
|move|p2b: Ogerpon|Ivy Cudgel|p1b: Typhlosion|[anim] Ivy Cudgel Rock
|-supereffective|p1b: Typhlosion
|-damage|p1b: Typhlosion|0 fnt
|faint|p1b: Typhlosion
|
|upkeep
|
|t:|1750807964
|switch|p1b: Primarina|Primarina, L50, M, tera:Poison|100/100
|turn|4
|
|t:|1750807985
|move|p2a: Zamazenta|Wide Guard|p2a: Zamazenta
|-singleturn|p2a: Zamazenta|Wide Guard
|move|p1a: Quaquaval|Ice Spinner|p2a: Zamazenta
|-supereffective|p2a: Zamazenta
|-damage|p2a: Zamazenta|64/100
|move|p2b: Ogerpon|Horn Leech|p1a: Quaquaval
|-supereffective|p1a: Quaquaval
|-enditem|p1a: Quaquaval|Focus Sash
|-damage|p1a: Quaquaval|1/100
|move|p1b: Primarina|Hyper Voice|p2b: Ogerpon|[spread] 
|-activate|p2a: Zamazenta|move: Wide Guard
|-activate|p2b: Ogerpon|move: Wide Guard
|
|upkeep
|turn|5
|
|t:|1750808003
|move|p2a: Zamazenta|Wide Guard|p2a: Zamazenta
|-singleturn|p2a: Zamazenta|Wide Guard
|move|p1a: Quaquaval|Close Combat|p2b: Ogerpon
|-supereffective|p2b: Ogerpon
|-ability|p2b: Ogerpon|Sturdy
|-damage|p2b: Ogerpon|1/100
|-unboost|p1a: Quaquaval|def|1
|-unboost|p1a: Quaquaval|spd|1
|move|p2b: Ogerpon|Horn Leech|p1a: Quaquaval
|-supereffective|p1a: Quaquaval
|-damage|p1a: Quaquaval|0 fnt
|-heal|p2b: Ogerpon|2/100|[from] drain|[of] p1a: Quaquaval
|faint|p1a: Quaquaval
|move|p1b: Primarina|Hyper Voice|p2b: Ogerpon|[spread] 
|-activate|p2a: Zamazenta|move: Wide Guard
|-activate|p2b: Ogerpon|move: Wide Guard
|
|upkeep
|turn|6
|
|t:|1750808018
|move|p2a: Zamazenta|Wide Guard|p2a: Zamazenta
|-singleturn|p2a: Zamazenta|Wide Guard
|move|p1b: Primarina|Aqua Jet|p2b: Ogerpon
|-damage|p2b: Ogerpon|0 fnt
|faint|p2b: Ogerpon
|
|upkeep
|
|t:|1750808022
|switch|p2b: Calyrex|Calyrex-Shadow, L50|100/100
|-ability|p2b: Calyrex|As One
|-ability|p2b: Calyrex|Unnerve
|turn|7
|
|t:|1750808030
|move|p2b: Calyrex|Psychic|p1b: Primarina
|-supereffective|p1b: Primarina
|-damage|p1b: Primarina|11/100
|move|p2a: Zamazenta|Heavy Slam|p1b: Primarina
|-damage|p1b: Primarina|0 fnt
|faint|p1b: Primarina
|
|win|circhester city
|raw|avsa2's rating: 1092 &rarr; <strong>1071</strong><br />(-21 for losing)
|raw|circhester city's rating: 1135 &rarr; <strong>1157</strong><br />(+22 for winning)
|l|☆avsa2
|player|p1|
|l|☆circhester city
|player|p2|
