|j|☆Leacenh
|j|☆Testingstuffuser4
|t:|1750855482
|gametype|doubles
|player|p1|Leacenh|2|1400
|player|p2|Testingstuffuser4|1|1411
|teamsize|p1|6
|teamsize|p2|6
|gen|9
|tier|[Gen 9] VGC 2025 Reg I
|rated|
|rule|Species Clause: Limit one of each Pokémon
|rule|Item Clause: Limit 1 of each item
|clearpoke
|poke|p1|Calyrex-Shadow, L50|
|poke|p1|Zamazenta-*, L50|
|poke|p1|Incineroar, L50, F|
|poke|p1|Rillaboom, L50, M|
|poke|p1|Raging Bolt, L50|
|poke|p1|Whimsicott, L50, M|
|poke|p2|Urshifu-*, L50, M|
|poke|p2|Calyrex-Ice, L50|
|poke|p2|Weezing-Galar, L50, M|
|poke|p2|Roaring Moon, L50|
|poke|p2|Ogerpon-Hearthflame, L50, F|
|poke|p2|Lunala, L50|
|teampreview|4
|inactive|Battle timer is ON: inactive players will automatically lose when time's up. (requested by Testingstuffuser4)
|inactiveoff|Battle timer is now OFF.
|
|t:|1750855541
|start
|switch|p1a: Zamazenta|Zamazenta-Crowned, L50|100/100
|switch|p1b: Incineroar|Incineroar, L50, F|100/100
|switch|p2a: Roaring Moon|Roaring Moon, L50|100/100
|switch|p2b: Calyrex|Calyrex-Ice, L50|100/100
|-ability|p2b: Calyrex|As One
|-ability|p2b: Calyrex|Unnerve
|-ability|p1a: Zamazenta|Dauntless Shield|boost
|-boost|p1a: Zamazenta|def|1
|-ability|p1b: Incineroar|Intimidate|boost
|-unboost|p2a: Roaring Moon|atk|1
|-unboost|p2b: Calyrex|atk|1
|-enditem|p2a: Roaring Moon|Booster Energy
|-activate|p2a: Roaring Moon|ability: Protosynthesis|[fromitem]
|-start|p2a: Roaring Moon|protosynthesisspe
|turn|1
|
|t:|1750855579
|-end|p2a: Roaring Moon|Protosynthesis|[silent]
|switch|p2a: Weezing|Weezing-Galar, L50, M|100/100
|-fieldstart|move: Misty Terrain|[from] ability: Misty Surge|[of] p2a: Weezing
|move|p1a: Zamazenta|Body Press|p2a: Weezing
|-resisted|p2a: Weezing
|-damage|p2a: Weezing|84/100
|move|p1b: Incineroar|Knock Off|p2b: Calyrex
|-supereffective|p2b: Calyrex
|-damage|p2b: Calyrex|57/100
|-enditem|p2b: Calyrex|Life Orb|[from] move: Knock Off|[of] p1b: Incineroar
|move|p2b: Calyrex|Trick Room|p2b: Calyrex
|-fieldstart|move: Trick Room|[of] p2b: Calyrex
|
|upkeep
|turn|2
|
|t:|1750855615
|move|p2b: Calyrex|High Horsepower|p1a: Zamazenta
|-supereffective|p1a: Zamazenta
|-damage|p1a: Zamazenta|81/100
|move|p2a: Weezing|Dazzling Gleam|p1b: Incineroar|[spread] p1a,p1b
|-damage|p1a: Zamazenta|57/100
|-damage|p1b: Incineroar|72/100
|move|p1b: Incineroar|Flare Blitz|p2b: Calyrex
|-supereffective|p2b: Calyrex
|-damage|p2b: Calyrex|0 fnt
|faint|p2b: Calyrex
|-damage|p1b: Incineroar|52/100|[from] Recoil
|move|p1a: Zamazenta|Body Press|p2a: Weezing
|-resisted|p2a: Weezing
|-damage|p2a: Weezing|66/100
|
|upkeep
|
|t:|1750855619
|switch|p2b: Urshifu|Urshifu-Rapid-Strike, L50, M|100/100
|turn|3
|
|t:|1750855644
|switch|p1b: Whimsicott|Whimsicott, L50, M|100/100
|-terastallize|p2b: Urshifu|Stellar
|move|p2a: Weezing|Dazzling Gleam|p1b: Whimsicott|[spread] p1a,p1b
|-damage|p1a: Zamazenta|32/100
|-damage|p1b: Whimsicott|53/100
|move|p2b: Urshifu|Surging Strikes|p1a: Zamazenta
|-crit|p1a: Zamazenta
|-damage|p1a: Zamazenta|15/100
|-crit|p1a: Zamazenta
|-damage|p1a: Zamazenta|0 fnt
|faint|p1a: Zamazenta
|-hitcount|p1: Zamazenta|2
|
|upkeep
|
|t:|1750855659
|switch|p1a: Incineroar|Incineroar, L50, F|52/100
|-ability|p1a: Incineroar|Intimidate|boost
|-unboost|p2a: Weezing|atk|1
|-unboost|p2b: Urshifu|atk|1
|turn|4
|
|t:|1750855678
|move|p2b: Urshifu|Detect|p2b: Urshifu
|-singleturn|p2b: Urshifu|Protect
|move|p1a: Incineroar|Fake Out|p2b: Urshifu
|-activate|p2b: Urshifu|move: Protect
|move|p2a: Weezing|Dazzling Gleam|p1b: Whimsicott|[spread] p1a,p1b
|-damage|p1a: Incineroar|26/100
|-damage|p1b: Whimsicott|4/100
|-enditem|p1a: Incineroar|Sitrus Berry|[eat]
|-heal|p1a: Incineroar|51/100|[from] item: Sitrus Berry
|move|p1b: Whimsicott|Moonblast|p2a: Weezing
|-resisted|p2a: Weezing
|-damage|p2a: Weezing|45/100
|
|upkeep
|turn|5
|
|t:|1750855715
|switch|p1a: Calyrex|Calyrex-Shadow, L50|100/100
|-ability|p1a: Calyrex|As One
|-ability|p1a: Calyrex|Unnerve
|move|p2b: Urshifu|Aqua Jet|p1a: Calyrex
|-damage|p1a: Calyrex|81/100
|move|p2a: Weezing|Dazzling Gleam|p1a: Calyrex|[spread] p1a,p1b
|-damage|p1a: Calyrex|45/100
|-damage|p1b: Whimsicott|0 fnt
|faint|p1b: Whimsicott
|
|-fieldend|move: Trick Room
|-fieldend|Misty Terrain
|upkeep
|
|t:|1750855727
|switch|p1b: Incineroar|Incineroar, L50, F|51/100
|-ability|p1b: Incineroar|Intimidate|boost
|-unboost|p2a: Weezing|atk|1
|-unboost|p2b: Urshifu|atk|1
|turn|6
|
|t:|1750855745
|move|p1b: Incineroar|Fake Out|p2a: Weezing
|-damage|p2a: Weezing|35/100
|move|p1a: Calyrex|Astral Barrage|p2b: Urshifu|[spread] p2a,p2b
|-damage|p2a: Weezing|0 fnt
|-damage|p2b: Urshifu|17/100
|faint|p2a: Weezing
|-ability|p1a: Calyrex|Grim Neigh|boost
|-boost|p1a: Calyrex|spa|1
|move|p2b: Urshifu|Surging Strikes|p1a: Calyrex
|-crit|p1a: Calyrex
|-damage|p1a: Calyrex|19/100
|-crit|p1a: Calyrex
|-damage|p1a: Calyrex|0 fnt
|faint|p1a: Calyrex
|-hitcount|p1: Calyrex|2
|
|upkeep
|
|t:|1750855756
|switch|p2a: Roaring Moon|Roaring Moon, L50|100/100
|turn|7
|-message|Leacenh forfeited.
|
|win|Testingstuffuser4
|raw|Leacenh's rating: 1400 &rarr; <strong>1381</strong><br />(-19 for losing)
|raw|Testingstuffuser4's rating: 1411 &rarr; <strong>1430</strong><br />(+19 for winning)
|l|☆Leacenh
|player|p1|
|l|☆Testingstuffuser4
|player|p2|
