|j|☆LasermanZ1
|j|☆Moondark876
|t:|1750736378
|gametype|doubles
|player|p1|LasermanZ1|ash|
|player|p2|Moondark876|102|
|teamsize|p1|6
|teamsize|p2|6
|gen|9
|tier|[Gen 9] VGC 2025 Reg I
|rated|Tournament battle
|rule|Species Clause: Limit one of each Pokémon
|rule|Item Clause: Limit 1 of each item
|raw|<div class="infobox"><details class="readmore" open><summary><strong>2 custom rules:</strong></summary> Force Open Team Sheets, !Open Team Sheets</details></div>
|clearpoke
|poke|p1|Koraidon, L50|
|poke|p1|Terapagos, L50, M|
|poke|p1|Flutter Mane, L50|
|poke|p1|Rillaboom, L50, M|
|poke|p1|Incineroar, L50, M|
|poke|p1|Volcarona, L50, M|
|poke|p2|Incineroar, L50, M|
|poke|p2|Kyogre, L50|
|poke|p2|Sinistcha, L50|
|poke|p2|Zamazenta-*, L50|
|poke|p2|Chien-Pao, L50|
|poke|p2|Garganacl, L50, F|
|teampreview|4
|showteam|p1|Koraidon||LifeOrb|OrichalcumPulse|CloseCombat,FlareBlitz,FlameCharge,Protect||||||50|,,,,,Fire]Terapagos||Leftovers|TeraShift|TeraStarstorm,CalmMind,EarthPower,Protect|||M|||50|,,,,,Stellar]Flutter Mane||FocusSash|Protosynthesis|Moonblast,ShadowBall,IcyWind,Protect||||||50|,,,,,Stellar]Rillaboom||AssaultVest|GrassySurge|GrassyGlide,WoodHammer,FakeOut,Uturn|||M|||50|,,,,,Poison]Incineroar||SafetyGoggles|Intimidate|KnockOff,FakeOut,Taunt,Uturn|||M|||50|,,,,,Ghost]Volcarona||RockyHelmet|FlameBody|StruggleBug,Overheat,RagePowder,MorningSun|||M|||50|,,,,,Grass
|showteam|p2|Incineroar||SafetyGoggles|Intimidate|FakeOut,PartingShot,FlareBlitz,KnockOff|||M|||50|,,,,,Bug]Kyogre||MysticWater|Drizzle|WaterSpout,Protect,IceBeam,HydroPump||||||50|,,,,,Grass]Sinistcha||SitrusBerry|Hospitality|MatchaGotcha,TrickRoom,Protect,ShadowBall||||||50|,,,,,Fairy]Zamazenta-Crowned||RustedShield|DauntlessShield|BodyPress,behemothbash,WideGuard,Protect||||||50|,,,,,Fairy]Chien-Pao||FocusSash|SwordofRuin|SuckerPunch,IceSpinner,Taunt,SacredSword||||||50|,,,,,Ghost]Garganacl||Leftovers|PurifyingSalt|SaltCure,StompingTantrum,Recover,Protect|||F|||50|,,,,,Flying
|j| laxiusx
|
|t:|1750736445
|start
|switch|p1a: Rillaboom|Rillaboom, L50, M|100/100
|switch|p1b: Volcarona|Volcarona, L50, M|100/100
|switch|p2a: Incineroar|Incineroar, L50, M|100/100
|switch|p2b: Kyogre|Kyogre, L50|100/100
|-weather|RainDance|[from] ability: Drizzle|[of] p2b: Kyogre
|-fieldstart|move: Grassy Terrain|[from] ability: Grassy Surge|[of] p1a: Rillaboom
|-ability|p2a: Incineroar|Intimidate|boost
|-unboost|p1a: Rillaboom|atk|1
|-unboost|p1b: Volcarona|atk|1
|turn|1
|j| sheepie_sheep
|j| Calvasso
|
|t:|1750736487
|switch|p1b: Koraidon|Koraidon, L50|100/100
|-weather|SunnyDay|[from] ability: Orichalcum Pulse|[of] p1b: Koraidon
|-activate|p1b: Koraidon|Orichalcum Pulse|[source]
|move|p2b: Kyogre|Protect|p2b: Kyogre
|-singleturn|p2b: Kyogre|Protect
|move|p1a: Rillaboom|Fake Out|p2a: Incineroar
|-crit|p2a: Incineroar
|-damage|p2a: Incineroar|85/100
|cant|p2a: Incineroar|flinch
|
|-weather|SunnyDay|[upkeep]
|-heal|p2a: Incineroar|91/100|[from] Grassy Terrain
|upkeep
|turn|2
|
|t:|1750736538
|switch|p2b: Zamazenta|Zamazenta-Crowned, L50|100/100
|-ability|p2b: Zamazenta|Dauntless Shield|boost
|-boost|p2b: Zamazenta|def|1
|move|p1a: Rillaboom|Grassy Glide|p2b: Zamazenta
|-resisted|p2b: Zamazenta
|-damage|p2b: Zamazenta|96/100
|move|p1b: Koraidon|Close Combat|p2a: Incineroar
|-supereffective|p2a: Incineroar
|-damage|p2a: Incineroar|0 fnt
|-unboost|p1b: Koraidon|def|1
|-unboost|p1b: Koraidon|spd|1
|faint|p2a: Incineroar
|-damage|p1b: Koraidon|91/100|[from] item: Life Orb
|
|-weather|SunnyDay|[upkeep]
|-heal|p1b: Koraidon|96/100|[from] Grassy Terrain
|-heal|p2b: Zamazenta|100/100|[from] Grassy Terrain
|upkeep
|
|t:|1750736562
|switch|p2a: Kyogre|Kyogre, L50|100/100
|-weather|RainDance|[from] ability: Drizzle|[of] p2a: Kyogre
|turn|3
|
|t:|1750736601
|switch|p1b: Flutter Mane|Flutter Mane, L50|100/100
|move|p2b: Zamazenta|Protect|p2b: Zamazenta
|-singleturn|p2b: Zamazenta|Protect
|move|p2a: Kyogre|Protect|p2a: Kyogre
|-singleturn|p2a: Kyogre|Protect
|move|p1a: Rillaboom|Grassy Glide|p2a: Kyogre
|-activate|p2a: Kyogre|move: Protect
|
|-weather|RainDance|[upkeep]
|upkeep
|turn|4
|j| magicalarcher57
|l| magicalarcher57
|
|t:|1750736634
|-terastallize|p2a: Kyogre|Grass
|move|p1a: Rillaboom|Grassy Glide|p2a: Kyogre
|-resisted|p2a: Kyogre
|-damage|p2a: Kyogre|91/100
|move|p1b: Flutter Mane|Moonblast|p2a: Kyogre
|-damage|p2a: Kyogre|60/100
|move|p2b: Zamazenta|Behemoth Bash|p1b: Flutter Mane
|-supereffective|p1b: Flutter Mane
|-enditem|p1b: Flutter Mane|Focus Sash
|-damage|p1b: Flutter Mane|1/100
|move|p2a: Kyogre|Water Spout|p1a: Rillaboom|[spread] p1a,p1b
|-resisted|p1a: Rillaboom
|-damage|p1a: Rillaboom|80/100
|-damage|p1b: Flutter Mane|0 fnt
|faint|p1b: Flutter Mane
|-end|p1b: Flutter Mane|Protosynthesis|[silent]
|
|-weather|RainDance|[upkeep]
|-heal|p2a: Kyogre|66/100|[from] Grassy Terrain
|-heal|p1a: Rillaboom|86/100|[from] Grassy Terrain
|upkeep
|
|t:|1750736661
|switch|p1b: Koraidon|Koraidon, L50|96/100
|-weather|SunnyDay|[from] ability: Orichalcum Pulse|[of] p1b: Koraidon
|-activate|p1b: Koraidon|Orichalcum Pulse|[source]
|turn|5
|
|t:|1750736691
|switch|p1a: Volcarona|Volcarona, L50, M|100/100
|-terastallize|p1b: Koraidon|Fire
|move|p2a: Kyogre|Protect|p2a: Kyogre
|-singleturn|p2a: Kyogre|Protect
|move|p1b: Koraidon|Flare Blitz|p2a: Kyogre
|-activate|p2a: Kyogre|move: Protect
|move|p2b: Zamazenta|Body Press|p1a: Volcarona
|-resisted|p1a: Volcarona
|-damage|p1a: Volcarona|70/100
|-damage|p2b: Zamazenta|84/100|[from] item: Rocky Helmet|[of] p1a: Volcarona
|
|-weather|SunnyDay|[upkeep]
|-heal|p1b: Koraidon|100/100|[from] Grassy Terrain
|-heal|p2b: Zamazenta|90/100|[from] Grassy Terrain
|-heal|p1a: Volcarona|76/100|[from] Grassy Terrain
|-heal|p2a: Kyogre|72/100|[from] Grassy Terrain
|-fieldend|move: Grassy Terrain
|upkeep
|turn|6
|
|t:|1750736728
|switch|p2a: Chien-Pao|Chien-Pao, L50|100/100
|-ability|p2a: Chien-Pao|Sword of Ruin
|move|p1b: Koraidon|Flare Blitz|p2a: Chien-Pao
|-supereffective|p2a: Chien-Pao
|-enditem|p2a: Chien-Pao|Focus Sash
|-damage|p2a: Chien-Pao|1/100
|-damage|p1b: Koraidon|71/100|[from] Recoil
|-damage|p1b: Koraidon|62/100|[from] item: Life Orb
|move|p2b: Zamazenta|Body Press|p1b: Koraidon
|-damage|p1b: Koraidon|0 fnt
|faint|p1b: Koraidon
|move|p1a: Volcarona|Overheat|p2b: Zamazenta
|-supereffective|p2b: Zamazenta
|-damage|p2b: Zamazenta|0 fnt
|-unboost|p1a: Volcarona|spa|2
|faint|p2b: Zamazenta
|
|-weather|SunnyDay|[upkeep]
|upkeep
|
|t:|1750736746
|switch|p1b: Rillaboom|Rillaboom, L50, M|86/100
|switch|p2b: Kyogre|Kyogre, L50, tera:Grass|72/100
|-weather|RainDance|[from] ability: Drizzle|[of] p2b: Kyogre
|-fieldstart|move: Grassy Terrain|[from] ability: Grassy Surge|[of] p1b: Rillaboom
|turn|7
|
|t:|1750736768
|move|p2a: Chien-Pao|Sucker Punch|p1a: Volcarona
|-damage|p1a: Volcarona|35/100
|-damage|p2a: Chien-Pao|0 fnt|[from] item: Rocky Helmet|[of] p1a: Volcarona
|faint|p2a: Chien-Pao
|move|p1b: Rillaboom|Grassy Glide|p2b: Kyogre
|-resisted|p2b: Kyogre
|-damage|p2b: Kyogre|57/100
|move|p1a: Volcarona|Struggle Bug|p2b: Kyogre
|-supereffective|p2b: Kyogre
|-damage|p2b: Kyogre|42/100
|-unboost|p2b: Kyogre|spa|1
|move|p2b: Kyogre|Water Spout|p1b: Rillaboom|[spread] p1a,p1b
|-supereffective|p1a: Volcarona
|-resisted|p1b: Rillaboom
|-damage|p1a: Volcarona|0 fnt
|-damage|p1b: Rillaboom|76/100
|faint|p1a: Volcarona
|
|-weather|RainDance|[upkeep]
|-heal|p2b: Kyogre|47/100|[from] Grassy Terrain
|-heal|p1b: Rillaboom|82/100|[from] Grassy Terrain
|upkeep
|turn|8
|j| practicesemijrlman
|
|t:|1750736791
|move|p2b: Kyogre|Protect|p2b: Kyogre
|-singleturn|p2b: Kyogre|Protect
|move|p1b: Rillaboom|U-turn|p2b: Kyogre
|-activate|p2b: Kyogre|move: Protect
|
|-weather|RainDance|[upkeep]
|-heal|p2b: Kyogre|53/100|[from] Grassy Terrain
|-heal|p1b: Rillaboom|88/100|[from] Grassy Terrain
|upkeep
|turn|9
|c|☆Moondark876|ah man
|
|t:|1750736802
|move|p2b: Kyogre|Ice Beam|p1b: Rillaboom
|-supereffective|p1b: Rillaboom
|-damage|p1b: Rillaboom|57/100
|-status|p1b: Rillaboom|frz
|-curestatus|p1b: Rillaboom|frz|[msg]
|move|p1b: Rillaboom|U-turn|p2b: Kyogre
|-supereffective|p2b: Kyogre
|-damage|p2b: Kyogre|15/100
|
|-weather|RainDance|[upkeep]
|-heal|p2b: Kyogre|21/100|[from] Grassy Terrain
|-heal|p1b: Rillaboom|63/100|[from] Grassy Terrain
|upkeep
|turn|10
|c|☆Moondark876|that was funy
|
|t:|1750736815
|move|p2b: Kyogre|Protect|p2b: Kyogre
|-singleturn|p2b: Kyogre|Protect
|move|p1b: Rillaboom|U-turn|p2b: Kyogre
|-activate|p2b: Kyogre|move: Protect
|
|-weather|RainDance|[upkeep]
|-heal|p2b: Kyogre|27/100|[from] Grassy Terrain
|-heal|p1b: Rillaboom|69/100|[from] Grassy Terrain
|upkeep
|turn|11
|c|☆Moondark876|wait how did that happen lmao
|c|☆Moondark876|what thawed you
|
|t:|1750736865
|move|p2b: Kyogre|Ice Beam|p1b: Rillaboom
|-supereffective|p1b: Rillaboom
|-damage|p1b: Rillaboom|41/100
|move|p1b: Rillaboom|U-turn|p2b: Kyogre
|-supereffective|p2b: Kyogre
|-damage|p2b: Kyogre|0 fnt
|faint|p2b: Kyogre
|
|win|LasermanZ1
|n|☆LasermanZ1|lasermanz1
|n|☆Moondark876|moondark876
|n| laxiusx|laxiusx
|n| sheepie_sheep|sheepiesheep
|n| Calvasso|calvasso
|n| practicesemijrlman|practicesemijrlman
|c|☆Moondark876|gg
|l| laxiusx
|c|☆LasermanZ1|gg
