|j|☆Ipad Air 5th gen
|j|☆FakeoutPhaseOut
|t:|1750882114
|gametype|doubles
|player|p1|Ipad Air 5th gen|steven|1062
|player|p2|FakeoutPhaseOut|2|1080
|teamsize|p1|6
|teamsize|p2|6
|gen|9
|tier|[Gen 9] VGC 2025 Reg I
|rated|
|rule|Species Clause: Limit one of each Pokémon
|rule|Item Clause: Limit 1 of each item
|clearpoke
|poke|p1|Calyrex-Ice, L50|
|poke|p1|Incineroar, L50, M|
|poke|p1|Amoonguss, L50, M|
|poke|p1|Iron Hands, L50|
|poke|p1|Archaludon, L50, F|
|poke|p1|Urshifu-*, L50, F|
|poke|p2|Annihilape, L50, M|
|poke|p2|Clefable, L50, M|
|poke|p2|Azelf, L50|
|poke|p2|Terapagos, L50, M|
|poke|p2|Araquanid, L50, M|
|poke|p2|Lugia, L50|
|teampreview|4
|inactive|Battle timer is ON: inactive players will automatically lose when time's up. (requested by FakeoutPhaseOut)
|
|t:|1750882132
|start
|switch|p1a: Calyrex|Calyrex-Ice, L50|100/100
|switch|p1b: Incineroar|Incineroar, L50, M|100/100
|switch|p2a: Kongo|Annihilape, L50, M, shiny|100/100
|switch|p2b: Azelf|Azelf, L50, shiny|100/100
|-ability|p1a: Calyrex|As One
|-ability|p1a: Calyrex|Unnerve
|-ability|p1b: Incineroar|Intimidate|boost
|-unboost|p2a: Kongo|atk|1
|-ability|p2a: Kongo|Defiant|boost
|-boost|p2a: Kongo|atk|2
|-unboost|p2b: Azelf|atk|1
|turn|1
|inactive|FakeoutPhaseOut has 30 seconds left.
|
|t:|1750882158
|-terastallize|p2a: Kongo|Rock
|-terastallize|p1a: Calyrex|Water
|move|p1b: Incineroar|Fake Out|p2b: Azelf
|-damage|p2b: Azelf|84/100
|cant|p2b: Azelf|flinch
|move|p2a: Kongo|Rock Slide|p1a: Calyrex|[spread] p1a,p1b
|-supereffective|p1b: Incineroar
|-damage|p1a: Calyrex|61/100
|-damage|p1b: Incineroar|0 fnt
|faint|p1b: Incineroar
|move|p1a: Calyrex|Trick Room|p1a: Calyrex
|-fieldstart|move: Trick Room|[of] p1a: Calyrex
|
|upkeep
|
|t:|1750882171
|switch|p1b: Iron Hands|Iron Hands, L50|100/100
|turn|2
|
|t:|1750882191
|switch|p2a: Lugia|Lugia, L50, shiny|100/100
|move|p1b: Iron Hands|Fake Out|p2b: Azelf
|-damage|p2b: Azelf|64/100
|move|p1a: Calyrex|High Horsepower|p2a: Lugia
|-immune|p2a: Lugia
|cant|p2b: Azelf|flinch
|
|upkeep
|turn|3
|
|t:|1750882213
|move|p1a: Calyrex|Glacial Lance|p2b: Azelf|[spread] p2a,p2b
|-supereffective|p2a: Lugia
|-damage|p2a: Lugia|66/100
|-damage|p2b: Azelf|0 fnt
|faint|p2b: Azelf
|-ability|p1a: Calyrex|Chilling Neigh|boost
|-boost|p1a: Calyrex|atk|1
|move|p1b: Iron Hands|Volt Switch|p2a: Lugia
|-supereffective|p2a: Lugia
|-damage|p2a: Lugia|50/100
|
|t:|1750882222
|-end|p1b: Iron Hands|Quark Drive|[silent]
|switch|p1b: Archaludon|Archaludon, L50, F|100/100|[from] Volt Switch
|move|p2a: Lugia|Aeroblast|p1b: Archaludon
|-resisted|p1b: Archaludon
|-damage|p1b: Archaludon|82/100
|
|-heal|p2a: Lugia|57/100|[from] item: Leftovers
|upkeep
|
|t:|1750882232
|switch|p2b: Niblez|Clefable, L50, M, shiny|100/100
|turn|4
|
|t:|1750882239
|move|p2b: Niblez|Follow Me|p2b: Niblez
|-singleturn|p2b: Niblez|move: Follow Me
|move|p1a: Calyrex|Glacial Lance|p2b: Niblez|[spread] p2a,p2b
|-supereffective|p2a: Lugia
|-damage|p2a: Lugia|0 fnt
|-damage|p2b: Niblez|35/100
|faint|p2a: Lugia
|-ability|p1a: Calyrex|Chilling Neigh|boost
|-boost|p1a: Calyrex|atk|1
|move|p1b: Archaludon|Electro Shot||[still]
|-prepare|p1b: Archaludon|Electro Shot
|-boost|p1b: Archaludon|spa|1
|-enditem|p1b: Archaludon|Power Herb
|-anim|p1b: Archaludon|Electro Shot|p2b: Niblez
|-damage|p2b: Niblez|6/100
|
|upkeep
|
|t:|1750882254
|switch|p2a: Kongo|Annihilape, L50, M, shiny, tera:Rock|100/100
|turn|5
|
|t:|1750882264
|move|p2b: Niblez|Follow Me|p2b: Niblez
|-singleturn|p2b: Niblez|move: Follow Me
|move|p1a: Calyrex|Glacial Lance|p2a: Kongo|[spread] p2a,p2b
|-damage|p2a: Kongo|0 fnt
|-damage|p2b: Niblez|0 fnt
|faint|p2a: Kongo
|faint|p2b: Niblez
|
|win|Ipad Air 5th gen
|raw|Ipad Air 5th gen's rating: 1062 &rarr; <strong>1094</strong><br />(+32 for winning)
|raw|FakeoutPhaseOut's rating: 1080 &rarr; <strong>1057</strong><br />(-23 for losing)
|l|☆FakeoutPhaseOut
|player|p2|
|l|☆Ipad Air 5th gen
|player|p1|
