|j|☆ClumbsyLilBeach
|j|☆SpyTH
|t:|1750826698
|gametype|doubles
|player|p1|ClumbsyLilBeach|jasmine|1253
|player|p2|SpyTH|veteran|1298
|teamsize|p1|6
|teamsize|p2|6
|gen|9
|tier|[Gen 9] VGC 2025 Reg I
|rated|
|rule|Species Clause: Limit one of each Pokémon
|rule|Item Clause: Limit 1 of each item
|clearpoke
|poke|p1|Chien-Pao, L50|
|poke|p1|Ho-Oh, L50|
|poke|p1|Whimsicott, L50, M|
|poke|p1|Dragonite, L50, M|
|poke|p1|Bronzong, L50|
|poke|p1|Miraidon, L50|
|poke|p2|Calyrex-Shadow, L50|
|poke|p2|Incineroar, L50, F|
|poke|p2|Chi-Yu, L50|
|poke|p2|Koraidon, L50|
|poke|p2|Venusaur, L50, M|
|poke|p2|Raging Bolt, L50|
|teampreview|4
|inactive|Battle timer is ON: inactive players will automatically lose when time's up. (requested by ClumbsyLilBeach)
|inactive|ClumbsyLilBeach has 60 seconds left.
|inactive|SpyTH has 60 seconds left.
|
|t:|1750826746
|start
|switch|p1a: Whimsicott|Whimsicott, L50, M|100/100
|switch|p1b: Ho-Oh|Ho-Oh, L50|100/100
|switch|p2a: Chi-Yu|Chi-Yu, L50|100/100
|switch|p2b: Calyrex|Calyrex-Shadow, L50|100/100
|-ability|p2b: Calyrex|As One
|-ability|p2b: Calyrex|Unnerve
|-ability|p2a: Chi-Yu|Beads of Ruin
|turn|1
|inactive|ClumbsyLilBeach has 30 seconds left.
|inactive|SpyTH has 30 seconds left.
|inactive|ClumbsyLilBeach has 20 seconds left.
|inactive|ClumbsyLilBeach has 15 seconds left.
|inactive|ClumbsyLilBeach has 10 seconds left.
|inactive|ClumbsyLilBeach has 5 seconds left.
|
|t:|1750826799
|-terastallize|p1a: Whimsicott|Water
|move|p1a: Whimsicott|Tailwind|p1a: Whimsicott
|-sidestart|p1: ClumbsyLilBeach|move: Tailwind
|move|p1b: Ho-Oh|Earthquake|p2b: Calyrex|[spread] p1a,p2a,p2b
|-supereffective|p2a: Chi-Yu
|-crit|p2a: Chi-Yu
|-damage|p1a: Whimsicott|68/100
|-damage|p2a: Chi-Yu|0 fnt
|-damage|p2b: Calyrex|68/100
|faint|p2a: Chi-Yu
|move|p2b: Calyrex|Astral Barrage|p1b: Ho-Oh|[spread] p1a,p1b
|-damage|p1a: Whimsicott|12/100
|-damage|p1b: Ho-Oh|67/100
|
|upkeep
|
|t:|1750826819
|switch|p2a: Koraidon|Koraidon, L50|100/100
|-weather|SunnyDay|[from] ability: Orichalcum Pulse|[of] p2a: Koraidon
|-activate|p2a: Koraidon|Orichalcum Pulse|[source]
|turn|2
|
|t:|1750826832
|move|p2b: Calyrex|Protect|p2b: Calyrex
|-singleturn|p2b: Calyrex|Protect
|move|p2a: Koraidon|Protect|p2a: Koraidon
|-singleturn|p2a: Koraidon|Protect
|move|p1a: Whimsicott|Moonblast|p2a: Koraidon
|-activate|p2a: Koraidon|move: Protect
|move|p1b: Ho-Oh|Sacred Fire|p2b: Calyrex
|-activate|p2b: Calyrex|move: Protect
|
|-weather|SunnyDay|[upkeep]
|upkeep
|turn|3
|
|t:|1750826855
|-terastallize|p2a: Koraidon|Fire
|move|p1a: Whimsicott|Encore|p2b: Calyrex
|-start|p2b: Calyrex|Encore
|move|p1b: Ho-Oh|Earthquake|p2a: Koraidon|[spread] p1a,p2a,p2b
|-supereffective|p2a: Koraidon
|-damage|p1a: Whimsicott|0 fnt
|-damage|p2a: Koraidon|49/100
|-damage|p2b: Calyrex|35/100
|faint|p1a: Whimsicott
|move|p2b: Calyrex|Protect||[still]
|-fail|p2b: Calyrex
|move|p2a: Koraidon|Flare Blitz|p1b: Ho-Oh
|-resisted|p1b: Ho-Oh
|-crit|p1b: Ho-Oh
|-damage|p1b: Ho-Oh|0 fnt
|faint|p1b: Ho-Oh
|-damage|p2a: Koraidon|24/100|[from] Recoil
|
|-weather|SunnyDay|[upkeep]
|upkeep
|
|t:|1750826874
|switch|p1a: Miraidon|Miraidon, L50|100/100
|switch|p1b: Chien-Pao|Chien-Pao, L50|100/100
|-fieldstart|move: Electric Terrain|[from] ability: Hadron Engine|[of] p1a: Miraidon
|-ability|p1b: Chien-Pao|Sword of Ruin
|turn|4
|
|t:|1750826896
|move|p2b: Calyrex|Protect|p2b: Calyrex
|-singleturn|p2b: Calyrex|Protect
|move|p2a: Koraidon|Protect|p2a: Koraidon
|-singleturn|p2a: Koraidon|Protect
|move|p1b: Chien-Pao|Sucker Punch||[still]
|-fail|p1b: Chien-Pao
|move|p1a: Miraidon|Dazzling Gleam|p2b: Calyrex|[spread] 
|-activate|p2a: Koraidon|move: Protect
|-activate|p2b: Calyrex|move: Protect
|
|-weather|SunnyDay|[upkeep]
|-sideend|p1: ClumbsyLilBeach|move: Tailwind
|upkeep
|turn|5
|
|t:|1750826917
|move|p2b: Calyrex|Protect||[still]
|-fail|p2b: Calyrex
|move|p1b: Chien-Pao|Sucker Punch|p2a: Koraidon
|-damage|p2a: Koraidon|0 fnt
|faint|p2a: Koraidon
|move|p1a: Miraidon|Dazzling Gleam|p2b: Calyrex
|-damage|p2b: Calyrex|0 fnt
|faint|p2b: Calyrex
|
|-weather|SunnyDay|[upkeep]
|upkeep
|
|t:|1750826923
|switch|p2b: Raging Bolt|Raging Bolt, L50|100/100
|-activate|p2b: Raging Bolt|ability: Protosynthesis
|-start|p2b: Raging Bolt|protosynthesisspa
|turn|6
|
|t:|1750826938
|move|p1b: Chien-Pao|Ice Spinner|p2b: Raging Bolt
|-supereffective|p2b: Raging Bolt
|-damage|p2b: Raging Bolt|15/100
|-fieldend|move: Electric Terrain
|move|p1a: Miraidon|Dazzling Gleam|p2b: Raging Bolt
|-supereffective|p2b: Raging Bolt
|-damage|p2b: Raging Bolt|0 fnt
|faint|p2b: Raging Bolt
|-end|p2b: Raging Bolt|Protosynthesis|[silent]
|
|win|ClumbsyLilBeach
|raw|ClumbsyLilBeach's rating: 1253 &rarr; <strong>1281</strong><br />(+28 for winning)
|raw|SpyTH's rating: 1298 &rarr; <strong>1270</strong><br />(-28 for losing)
|l|☆SpyTH
|player|p2|
