|j|☆NegaiFreak
|j|☆ryanplaytv
|t:|1750787215
|gametype|doubles
|player|p1|NegaiFreak|169|1492
|player|p2|ryanplaytv|hiker-gen4|1427
|teamsize|p1|6
|teamsize|p2|6
|gen|9
|tier|[Gen 9] VGC 2025 Reg I
|rated|
|rule|Species Clause: Limit one of each Pokémon
|rule|Item Clause: Limit 1 of each item
|clearpoke
|poke|p1|Lunala, L50|
|poke|p1|Koraidon, L50|
|poke|p1|Flutter Mane, L50|
|poke|p1|Farigiraf, L50, F|
|poke|p1|Incineroar, L50, M|
|poke|p1|Rillaboom, L50, F|
|poke|p2|Terapagos, L50, M|
|poke|p2|Calyrex-Shadow, L50|
|poke|p2|Rillaboom, L50, M|
|poke|p2|Incineroar, L50, M|
|poke|p2|Urshifu-*, L50, M|
|poke|p2|Dragonite, L50, M|
|teampreview|4
NegaiFreak has agreed to open team sheets.
|c|☆NegaiFreak|GLHF
|
|t:|1750787285
|start
|switch|p1a: Lunala|Lunala, L50|100/100
|switch|p1b: Incineroar|Incineroar, L50, M|100/100
|switch|p2a: Dragonite|Dragonite, L50, M|100/100
|switch|p2b: Terapagos|Terapagos, L50, M|100/100
|-activate|p2b: Terapagos|ability: Tera Shift
|detailschange|p2b: Terapagos|Terapagos-Terastal, L50, M
|-heal|p2b: Terapagos|100/100|[silent]
|-ability|p1b: Incineroar|Intimidate|boost
|-unboost|p2a: Dragonite|atk|1
|-unboost|p2b: Terapagos|atk|1
|turn|1
|
|t:|1750787309
|move|p2a: Dragonite|Encore||[still]
|-fail|p2a: Dragonite
|move|p1a: Lunala|Calm Mind|p1a: Lunala
|-boost|p1a: Lunala|spa|1
|-boost|p1a: Lunala|spd|1
|move|p2b: Terapagos|Meteor Beam||[still]
|-prepare|p2b: Terapagos|Meteor Beam
|-boost|p2b: Terapagos|spa|1
|-enditem|p2b: Terapagos|Power Herb
|-anim|p2b: Terapagos|Meteor Beam|p1b: Incineroar
|-supereffective|p1b: Incineroar
|-damage|p1b: Incineroar|0 fnt
|faint|p1b: Incineroar
|
|upkeep
|
|t:|1750787323
|switch|p1b: Farigiraf|Farigiraf, L50, F|100/100
|turn|2
|
|t:|1750787336
|move|p1a: Lunala|Protect|p1a: Lunala
|-singleturn|p1a: Lunala|Protect
|move|p2a: Dragonite|Encore|p1a: Lunala
|-activate|p1a: Lunala|move: Protect
|move|p2b: Terapagos|Meteor Beam||[still]
|-prepare|p2b: Terapagos|Meteor Beam
|-boost|p2b: Terapagos|spa|1
|move|p1b: Farigiraf|Trick Room|p1b: Farigiraf
|-fieldstart|move: Trick Room|[of] p1b: Farigiraf
|
|upkeep
|turn|3
|
|t:|1750787356
|move|p1b: Farigiraf|Hyper Voice|p2b: Terapagos|[spread] p2a,p2b
|-activate|p2b: Terapagos|ability: Tera Shell
|-resisted|p2b: Terapagos
|-damage|p2a: Dragonite|87/100
|-damage|p2b: Terapagos|89/100
|-enditem|p1b: Farigiraf|Throat Spray
|-boost|p1b: Farigiraf|spa|1|[from] item: Throat Spray
|move|p2b: Terapagos|Meteor Beam|p1b: Farigiraf|[from] lockedmove
|-damage|p1b: Farigiraf|39/100
|move|p1a: Lunala|Moonblast|p2b: Terapagos
|-damage|p2b: Terapagos|49/100
|-unboost|p2b: Terapagos|spa|1
|move|p2a: Dragonite|Scale Shot|p1a: Lunala
|-damage|p1a: Lunala|97/100
|-damage|p1a: Lunala|92/100
|-damage|p1a: Lunala|85/100
|-damage|p1a: Lunala|79/100
|-damage|p1a: Lunala|72/100
|-hitcount|p1a: Lunala|5
|-unboost|p2a: Dragonite|def|1
|-boost|p2a: Dragonite|spe|1
|
|-heal|p1a: Lunala|78/100|[from] item: Leftovers
|upkeep
|turn|4
|
|t:|1750787387
|switch|p2a: Rillaboom|Rillaboom, L50, M|100/100
|-fieldstart|move: Grassy Terrain|[from] ability: Grassy Surge|[of] p2a: Rillaboom
|-terastallize|p2b: Terapagos|Stellar
|detailschange|p2b: Terapagos|Terapagos-Stellar, L50, M, tera:Stellar
|-heal|p2b: Terapagos|63/100|[silent]
|-ability|p2b: Terapagos|Teraform Zero
|-fieldend|move: Grassy Terrain
|move|p1b: Farigiraf|Psychic|p2b: Terapagos
|-damage|p2b: Terapagos|31/100
|move|p2b: Terapagos|Tera Starstorm|p1a: Lunala|[spread] p1a,p1b
|-damage|p1a: Lunala|52/100
|-damage|p1b: Farigiraf|0 fnt
|faint|p1b: Farigiraf
|move|p1a: Lunala|Moonblast|p2a: Rillaboom
|-damage|p2a: Rillaboom|63/100
|
|-heal|p1a: Lunala|58/100|[from] item: Leftovers
|upkeep
|
|t:|1750787408
|switch|p1b: Koraidon|Koraidon, L50|100/100
|-weather|SunnyDay|[from] ability: Orichalcum Pulse|[of] p1b: Koraidon
|-activate|p1b: Koraidon|Orichalcum Pulse|[source]
|turn|5
|
|t:|1750787428
|move|p1b: Koraidon|Protect|p1b: Koraidon
|-singleturn|p1b: Koraidon|Protect
|move|p2b: Terapagos|Tera Starstorm|p1b: Koraidon|[spread] p1a
|-activate|p1b: Koraidon|move: Protect
|-damage|p1a: Lunala|30/100
|move|p2a: Rillaboom|Wood Hammer|p1a: Lunala
|-damage|p1a: Lunala|0 fnt
|faint|p1a: Lunala
|-damage|p2a: Rillaboom|52/100|[from] Recoil
|
|-weather|SunnyDay|[upkeep]
|upkeep
|turn|6
|c|☆NegaiFreak|GG, WP
|
|t:|1750787453
|move|p1b: Koraidon|Protect||[still]
|-fail|p1b: Koraidon
|move|p2b: Terapagos|Tera Starstorm|p1b: Koraidon
|-damage|p1b: Koraidon|22/100
|move|p2a: Rillaboom|U-turn|p1b: Koraidon
|-resisted|p1b: Koraidon
|-crit|p1b: Koraidon
|-damage|p1b: Koraidon|7/100
|
|t:|1750787457
|switch|p2a: Calyrex|Calyrex-Shadow, L50|100/100|[from] U-turn
|-ability|p2a: Calyrex|As One
|-ability|p2a: Calyrex|Unnerve
|
|-weather|SunnyDay|[upkeep]
|-fieldend|move: Trick Room
|upkeep
|turn|7
|-message|NegaiFreak forfeited.
|
|win|ryanplaytv
|raw|NegaiFreak's rating: 1492 &rarr; <strong>1468</strong><br />(-24 for losing)
|raw|ryanplaytv's rating: 1427 &rarr; <strong>1451</strong><br />(+24 for winning)
|l|☆ryanplaytv
|player|p2|
