|j|☆ItzAydzPlayz
|j|☆NarutoUzumaki1234
|t:|1750752862
|gametype|doubles
|player|p1|ItzAydzPlayz|1|1082
|player|p2|NarutoUzumaki1234|1|1124
|teamsize|p1|6
|teamsize|p2|6
|gen|9
|tier|[Gen 9] VGC 2025 Reg I
|rated|
|rule|Species Clause: Limit one of each Pokémon
|rule|Item Clause: Limit 1 of each item
|clearpoke
|poke|p1|Koraidon, L50|
|poke|p1|Walking Wake, L50|
|poke|p1|Incineroar, L50, M|
|poke|p1|Amoonguss, L50, M|
|poke|p1|Rillaboom, L50, M|
|poke|p1|Lunala, L50|
|poke|p2|Kyogre, L50|
|poke|p2|Palkia-Origin, L50|
|poke|p2|Blastoise, L50, M|
|poke|p2|Archaludon, L50, M|
|poke|p2|Raichu, L50, M|
|poke|p2|Barraskewda, L50, M|
|teampreview|4
ItzAydzPlayz has agreed to open team sheets.
|
|t:|1750752922
|start
|switch|p1a: Lunala|Lunala, L50|100/100
|switch|p1b: Incineroar|Incineroar, L50, M, shiny|100/100
|switch|p2a: Palkia|Palkia-Origin, L50, shiny|100/100
|switch|p2b: Archaludon|Archaludon, L50, M, shiny|100/100
|-ability|p2a: Palkia|Pressure
|-ability|p1b: Incineroar|Intimidate|boost
|-unboost|p2a: Palkia|atk|1
|-unboost|p2b: Archaludon|atk|1
|turn|1
|
|t:|1750752976
|switch|p2b: Kyogre|Kyogre, L50, shiny|100/100
|-weather|RainDance|[from] ability: Drizzle|[of] p2b: Kyogre
|move|p1b: Incineroar|Fake Out|p2a: Palkia
|-damage|p2a: Palkia|85/100
|cant|p2a: Palkia|flinch
|move|p1a: Lunala|Moonblast|p2a: Palkia
|-supereffective|p2a: Palkia
|-damage|p2a: Palkia|17/100
|-unboost|p2a: Palkia|spa|1
|
|-weather|RainDance|[upkeep]
|upkeep
|turn|2
|
|t:|1750753011
|switch|p1a: Koraidon|Koraidon, L50|100/100
|-weather|SunnyDay|[from] ability: Orichalcum Pulse|[of] p1a: Koraidon
|-activate|p1a: Koraidon|Orichalcum Pulse|[source]
|-terastallize|p1b: Incineroar|Bug
|move|p2a: Palkia|Spacial Rend|p1a: Koraidon
|-supereffective|p1a: Koraidon
|-damage|p1a: Koraidon|0 fnt
|faint|p1a: Koraidon
|move|p2b: Kyogre|Water Spout|p1b: Incineroar
|-damage|p1b: Incineroar|58/100
|move|p1b: Incineroar|Knock Off|p2a: Palkia
|-damage|p2a: Palkia|0 fnt
|faint|p2a: Palkia
|
|-weather|SunnyDay|[upkeep]
|upkeep
|
|t:|1750753034
|switch|p1a: Lunala|Lunala, L50|100/100
|switch|p2a: Blastoise|Blastoise, L50, M|100/100
|turn|3
|
|t:|1750753045
|switch|p2b: Archaludon|Archaludon, L50, M, shiny|100/100
|move|p1a: Lunala|Wide Guard|p1a: Lunala
|-singleturn|p1a: Lunala|Wide Guard
|move|p2a: Blastoise|Fake Out|p1b: Incineroar
|-damage|p1b: Incineroar|48/100
|cant|p1b: Incineroar|flinch
|
|-weather|SunnyDay|[upkeep]
|upkeep
|turn|4
|
|t:|1750753069
|switch|p2b: Kyogre|Kyogre, L50, shiny|100/100
|-weather|RainDance|[from] ability: Drizzle|[of] p2b: Kyogre
|move|p1a: Lunala|Moonblast|p2a: Blastoise
|-damage|p2a: Blastoise|75/100
|move|p2a: Blastoise|Crunch|p1a: Lunala
|-supereffective|p1a: Lunala
|-damage|p1a: Lunala|63/100
|-unboost|p1a: Lunala|def|1
|move|p1b: Incineroar|Flare Blitz|p2b: Kyogre
|-resisted|p2b: Kyogre
|-damage|p2b: Kyogre|82/100
|-damage|p1b: Incineroar|42/100|[from] Recoil
|
|-weather|RainDance|[upkeep]
|-heal|p2a: Blastoise|81/100|[from] ability: Rain Dish
|-heal|p1a: Lunala|69/100|[from] item: Leftovers
|upkeep
|turn|5
|-message|ItzAydzPlayz forfeited.
|
|win|NarutoUzumaki1234
|raw|ItzAydzPlayz's rating: 1082 &rarr; <strong>1062</strong><br />(-20 for losing)
|raw|NarutoUzumaki1234's rating: 1124 &rarr; <strong>1146</strong><br />(+22 for winning)
|l|☆ItzAydzPlayz
|player|p1|
|l|☆NarutoUzumaki1234
|player|p2|
