|j|☆Esh009
|j|☆HeadHunt3rZ
|t:|1750838839
|gametype|doubles
|player|p1|Esh009|bruno|1243
|player|p2|HeadHunt3rZ|acetrainer-gen4dp|1261
|teamsize|p1|6
|teamsize|p2|6
|gen|9
|tier|[Gen 9] VGC 2025 Reg I
|rated|
|rule|Species Clause: Limit one of each Pokémon
|rule|Item Clause: Limit 1 of each item
|clearpoke
|poke|p1|Calyrex-Shadow, L50|
|poke|p1|Terapagos, L50, M|
|poke|p1|Rillaboom, L50, M|
|poke|p1|Incineroar, L50, M|
|poke|p1|Urshifu-*, L50, M|
|poke|p1|Ogerpon-Cornerstone, L50, F|
|poke|p2|Kyogre, L50|
|poke|p2|Volcarona, L50, F|
|poke|p2|Rillaboom, L50, M|
|poke|p2|Whimsicott, L50, M|
|poke|p2|Chien-Pao, L50|
|poke|p2|Giratina-Origin, L50|
|teampreview|4
|inactive|Battle timer is ON: inactive players will automatically lose when time's up. (requested by HeadHunt3rZ)
|inactive|Esh009 has 60 seconds left.
|
|t:|1750838873
|start
|switch|p1a: Incineroar|Incineroar, L50, M|100/100
|switch|p1b: Rillaboom|Rillaboom, L50, M|100/100
|switch|p2a: Volcarona|Volcarona, L50, F|100/100
|switch|p2b: Rillaboom|Rillaboom, L50, M|100/100
|-fieldstart|move: Grassy Terrain|[from] ability: Grassy Surge|[of] p1b: Rillaboom
|-ability|p1a: Incineroar|Intimidate|boost
|-unboost|p2a: Volcarona|atk|1
|-unboost|p2b: Rillaboom|atk|1
|turn|1
|inactive|Esh009 has 30 seconds left.
|
|t:|1750838904
|move|p1b: Rillaboom|Fake Out|p2a: Volcarona
|-damage|p2a: Volcarona|87/100
|move|p2b: Rillaboom|Fake Out|p1a: Incineroar
|-damage|p1a: Incineroar|92/100
|-damage|p2b: Rillaboom|84/100|[from] item: Rocky Helmet|[of] p1a: Incineroar
|cant|p2a: Volcarona|flinch
|cant|p1a: Incineroar|flinch
|
|-heal|p2a: Volcarona|94/100|[from] Grassy Terrain
|-heal|p2b: Rillaboom|90/100|[from] Grassy Terrain
|-heal|p1a: Incineroar|98/100|[from] Grassy Terrain
|upkeep
|turn|2
|inactive|Esh009 has 30 seconds left.
|
|t:|1750838935
|switch|p1b: Terapagos|Terapagos, L50, M|100/100
|-activate|p1b: Terapagos|ability: Tera Shift
|detailschange|p1b: Terapagos|Terapagos-Terastal, L50, M
|-heal|p1b: Terapagos|100/100|[silent]
|-terastallize|p1a: Incineroar|Ghost
|move|p2a: Volcarona|Will-O-Wisp|p1b: Terapagos|[miss]
|-miss|p2a: Volcarona|p1b: Terapagos
|move|p2b: Rillaboom|U-turn|p1b: Terapagos
|-activate|p1b: Terapagos|ability: Tera Shell
|-resisted|p1b: Terapagos
|-damage|p1b: Terapagos|95/100
|
|t:|1750838955
|switch|p2b: Giratina|Giratina-Origin, L50|100/100|[from] U-turn
|move|p1a: Incineroar|Flare Blitz|p2b: Giratina
|-resisted|p2b: Giratina
|-damage|p2b: Giratina|84/100
|-damage|p1a: Incineroar|92/100|[from] Recoil
|
|-heal|p2a: Volcarona|99/100|[from] Grassy Terrain
|-heal|p1b: Terapagos|100/100|[from] Grassy Terrain
|-heal|p1a: Incineroar|98/100|[from] Grassy Terrain
|upkeep
|turn|3
|
|t:|1750838978
|switch|p1a: Rillaboom|Rillaboom, L50, M|100/100
|move|p2a: Volcarona|Struggle Bug|p1a: Rillaboom|[spread] p1a,p1b
|-supereffective|p1a: Rillaboom
|-activate|p1b: Terapagos|ability: Tera Shell
|-resisted|p1b: Terapagos
|-damage|p1a: Rillaboom|68/100
|-damage|p1b: Terapagos|94/100
|-unboost|p1a: Rillaboom|spa|1
|-unboost|p1b: Terapagos|spa|1
|move|p1b: Terapagos|Calm Mind|p1b: Terapagos
|-boost|p1b: Terapagos|spa|1
|-boost|p1b: Terapagos|spd|1
|move|p2b: Giratina|Poltergeist|p1a: Rillaboom
|-activate|p1a: Rillaboom|move: Poltergeist|Assault Vest
|-damage|p1a: Rillaboom|0 fnt
|faint|p1a: Rillaboom
|
|-heal|p2a: Volcarona|100/100|[from] Grassy Terrain
|-heal|p1b: Terapagos|99/100|[from] Grassy Terrain
|-heal|p1b: Terapagos|100/100|[from] item: Leftovers
|upkeep
|
|t:|1750838995
|switch|p1a: Calyrex|Calyrex-Shadow, L50|100/100
|-ability|p1a: Calyrex|As One
|-ability|p1a: Calyrex|Unnerve
|turn|4
|
|t:|1750839008
|move|p2b: Giratina|Protect|p2b: Giratina
|-singleturn|p2b: Giratina|Protect
|move|p1a: Calyrex|Astral Barrage|p2b: Giratina|[spread] p2a
|-activate|p2b: Giratina|move: Protect
|-damage|p2a: Volcarona|40/100
|-damage|p1a: Calyrex|91/100|[from] item: Life Orb
|move|p2a: Volcarona|Struggle Bug|p1a: Calyrex|[spread] p1a,p1b
|-activate|p1b: Terapagos|ability: Tera Shell
|-resisted|p1b: Terapagos
|-damage|p1a: Calyrex|73/100
|-damage|p1b: Terapagos|96/100
|-unboost|p1a: Calyrex|spa|1
|-unboost|p1b: Terapagos|spa|1
|move|p1b: Terapagos|Calm Mind|p1b: Terapagos
|-boost|p1b: Terapagos|spa|1
|-boost|p1b: Terapagos|spd|1
|
|-heal|p1a: Calyrex|79/100|[from] Grassy Terrain
|-heal|p2a: Volcarona|46/100|[from] Grassy Terrain
|-heal|p1b: Terapagos|100/100|[from] Grassy Terrain
|upkeep
|turn|5
|inactive|HeadHunt3rZ has 30 seconds left.
|
|t:|1750839035
|move|p2b: Giratina|Shadow Sneak|p1a: Calyrex
|-supereffective|p1a: Calyrex
|-damage|p1a: Calyrex|0 fnt
|faint|p1a: Calyrex
|move|p2a: Volcarona|Struggle Bug|p1b: Terapagos
|-activate|p1b: Terapagos|ability: Tera Shell
|-resisted|p1b: Terapagos
|-damage|p1b: Terapagos|96/100
|-unboost|p1b: Terapagos|spa|1
|move|p1b: Terapagos|Calm Mind|p1b: Terapagos
|-boost|p1b: Terapagos|spa|1
|-boost|p1b: Terapagos|spd|1
|
|-heal|p2a: Volcarona|52/100|[from] Grassy Terrain
|-heal|p1b: Terapagos|100/100|[from] Grassy Terrain
|-fieldend|move: Grassy Terrain
|upkeep
|
|t:|1750839047
|switch|p1a: Incineroar|Incineroar, L50, M, tera:Ghost|98/100
|-ability|p1a: Incineroar|Intimidate|boost
|-unboost|p2a: Volcarona|atk|1
|-unboost|p2b: Giratina|atk|1
|turn|6
|
|t:|1750839061
|move|p1a: Incineroar|Fake Out|p2a: Volcarona
|-damage|p2a: Volcarona|41/100
|-status|p1a: Incineroar|brn|[from] ability: Flame Body|[of] p2a: Volcarona
|cant|p2a: Volcarona|flinch
|move|p1b: Terapagos|Earth Power|p2b: Giratina
|-immune|p2b: Giratina|[from] ability: Levitate
|move|p2b: Giratina|Poltergeist|p1a: Incineroar
|-activate|p1a: Incineroar|move: Poltergeist|Rocky Helmet
|-supereffective|p1a: Incineroar
|-damage|p1a: Incineroar|6/100 brn
|
|-damage|p1a: Incineroar|0 fnt|[from] brn
|faint|p1a: Incineroar
|upkeep
|turn|7
|-message|Esh009 forfeited.
|
|win|HeadHunt3rZ
|raw|Esh009's rating: 1243 &rarr; <strong>1219</strong><br />(-24 for losing)
|raw|HeadHunt3rZ's rating: 1261 &rarr; <strong>1285</strong><br />(+24 for winning)
|l|☆Esh009
|player|p1|
|l|☆HeadHunt3rZ
|player|p2|
