|j|☆galisto
|j|☆hagalupagalu
|t:|1750834373
|gametype|doubles
|player|p1|galisto|266|
|player|p2|hagalupagalu|ghetsis|
|teamsize|p1|6
|teamsize|p2|6
|gen|9
|tier|[Gen 9] VGC 2025 Reg I
|rated|Tournament battle
|rule|Species Clause: Limit one of each Pokémon
|rule|Item Clause: Limit 1 of each item
|raw|<div class="infobox"><details class="readmore" open><summary><strong>2 custom rules:</strong></summary> Force Open Team Sheets, !Open Team Sheets</details></div>
|clearpoke
|poke|p1|Miraidon, L50|
|poke|p1|Lunala, L50|
|poke|p1|Ursaluna, L50, M|
|poke|p1|Amoonguss, L50, M|
|poke|p1|Grimmsnarl, L50, M|
|poke|p1|Incineroar, L50, M|
|poke|p2|Rillaboom, L50, F|
|poke|p2|Zamazenta-*, L50|
|poke|p2|Sinistcha, L50|
|poke|p2|Urshifu-*, L50, F|
|poke|p2|Tornadus, L50, M|
|poke|p2|Lunala, L50|
|teampreview|4
|showteam|p1|Miraidon||AssaultVest|HadronEngine|ElectroDrift,VoltSwitch,DracoMeteor,Snarl||||||50|,,,,,Electric]Lunala||ElectricSeed|ShadowShield|MoongeistBeam,Moonblast,TrickRoom,WideGuard||||||50|,,,,,Fairy]Ursaluna||FlameOrb|Guts|HeadlongRush,Facade,Earthquake,Protect|||M|||50|,,,,,Ghost]Amoonguss||RockyHelmet|Regenerator|SludgeBomb,Spore,RagePowder,Protect|||M|||50|,,,,,Water]Grimmsnarl||LightClay|Prankster|SpiritBreak,ThunderWave,Reflect,LightScreen|||M|||50|,,,,,Ghost]Incineroar||CovertCloak|Intimidate|KnockOff,WillOWisp,PartingShot,FakeOut|||M|||50|,,,,,Bug
|showteam|p2|Rillaboom||AssaultVest|GrassySurge|FakeOut,GrassyGlide,WoodHammer,Uturn|||F|||50|,,,,,Fire]Zamazenta-Crowned||RustedShield|DauntlessShield|Protect,BodyPress,HeavySlam,IronDefense||||||50|,,,,,Grass]Sinistcha||EjectButton|Hospitality|RagePowder,ShadowBall,LifeDew,Protect||||||50|,,,,,Water]Urshifu-Rapid-Strike||ChoiceScarf|UnseenFist|SurgingStrikes,AquaJet,CloseCombat,Uturn|||F|||50|,,,,,Fighting]Tornadus||FocusSash|Prankster|Tailwind,RainDance,BleakwindStorm,Taunt|||M|||50|,,,,,Ghost]Lunala||CovertCloak|ShadowShield|CalmMind,MoongeistBeam,DazzlingGleam,Protect||||||50|,,,,,Fairy
|j| wizzpoower
|j| calciumnyl
|inactive|Battle timer is ON: inactive players will automatically lose when time's up. (requested by galisto)
|
|t:|1750834426
|start
|switch|p1a: Lunala|Lunala, L50|100/100
|switch|p1b: Amoonguss|Amoonguss, L50, M|100/100
|switch|p2a: Lunala|Lunala, L50|100/100
|switch|p2b: Rillaboom|Rillaboom, L50, F|100/100
|-fieldstart|move: Grassy Terrain|[from] ability: Grassy Surge|[of] p2b: Rillaboom
|turn|1
|j| jzdr2
|inactive|galisto has 30 seconds left.
|l| calciumnyl
|
|t:|1750834463
|move|p1b: Amoonguss|Rage Powder|p1b: Amoonguss
|-singleturn|p1b: Amoonguss|move: Rage Powder
|move|p2a: Lunala|Moongeist Beam|p1b: Amoonguss
|-damage|p1b: Amoonguss|55/100
|move|p2b: Rillaboom|Wood Hammer|p1a: Lunala
|-damage|p1a: Lunala|71/100
|-damage|p2b: Rillaboom|89/100|[from] Recoil
|move|p1a: Lunala|Trick Room|p1a: Lunala
|-fieldstart|move: Trick Room|[of] p1a: Lunala
|
|-heal|p1b: Amoonguss|61/100|[from] Grassy Terrain
|-heal|p2b: Rillaboom|95/100|[from] Grassy Terrain
|-heal|p1a: Lunala|77/100|[from] Grassy Terrain
|upkeep
|turn|2
|inactive|galisto has 30 seconds left.
|inactive|hagalupagalu has 30 seconds left.
|inactive|hagalupagalu has 20 seconds left.
|
|t:|1750834500
|switch|p2a: sinistchouameni|Sinistcha, L50|100/100
|-heal|p2b: Rillaboom|100/100|[from] ability: Hospitality|[of] p2a: sinistchouameni
|move|p1b: Amoonguss|Sludge Bomb|p2b: Rillaboom
|-supereffective|p2b: Rillaboom
|-damage|p2b: Rillaboom|58/100
|move|p2b: Rillaboom|Wood Hammer|p1b: Amoonguss
|-resisted|p1b: Amoonguss
|-damage|p1b: Amoonguss|44/100
|-damage|p2b: Rillaboom|42/100|[from] item: Rocky Helmet|[of] p1b: Amoonguss
|-damage|p2b: Rillaboom|35/100|[from] Recoil
|move|p1a: Lunala|Moongeist Beam|p2b: Rillaboom
|-damage|p2b: Rillaboom|0 fnt
|faint|p2b: Rillaboom
|
|-heal|p1b: Amoonguss|50/100|[from] Grassy Terrain
|-heal|p1a: Lunala|83/100|[from] Grassy Terrain
|upkeep
|
|t:|1750834511
|switch|p2b: Zamazenta|Zamazenta-Crowned, L50|100/100
|-ability|p2b: Zamazenta|Dauntless Shield|boost
|-boost|p2b: Zamazenta|def|1
|turn|3
|inactive|galisto has 30 seconds left.
|j| Alitiantian
|inactive|galisto has 20 seconds left.
|
|t:|1750834546
|switch|p1b: Miraidon|Miraidon, L50|100/100
|-fieldstart|move: Electric Terrain|[from] ability: Hadron Engine|[of] p1b: Miraidon
|-enditem|p1a: Lunala|Electric Seed
|-boost|p1a: Lunala|def|1|[from] item: Electric Seed
|-terastallize|p1a: Lunala|Fairy
|-terastallize|p2b: Zamazenta|Grass
|move|p2a: sinistchouameni|Shadow Ball|p1a: Lunala
|-damage|p1a: Lunala|61/100
|move|p1a: Lunala|Moongeist Beam|p2a: sinistchouameni
|-supereffective|p2a: sinistchouameni
|-damage|p2a: sinistchouameni|0 fnt
|faint|p2a: sinistchouameni
|move|p2b: Zamazenta|Heavy Slam|p1a: Lunala
|-supereffective|p1a: Lunala
|-damage|p1a: Lunala|14/100
|
|upkeep
|
|t:|1750834554
|switch|p2a: Lunala|Lunala, L50|100/100
|turn|4
|inactive|galisto has 30 seconds left.
|inactive|hagalupagalu has 30 seconds left.
|inactive|galisto has 20 seconds left.
|inactive|hagalupagalu has 20 seconds left.
|inactive|galisto has 15 seconds left.
|inactive|hagalupagalu has 15 seconds left.
|
|t:|1750834599
|switch|p1a: Amoonguss|Amoonguss, L50, M|83/100
|move|p2a: Lunala|Protect|p2a: Lunala
|-singleturn|p2a: Lunala|Protect
|move|p1b: Miraidon|Volt Switch|p2b: Zamazenta
|-resisted|p2b: Zamazenta
|-damage|p2b: Zamazenta|74/100
|
|t:|1750834607
|switch|p1b: Lunala|Lunala, L50, tera:Fairy|14/100|[from] Volt Switch
|move|p2b: Zamazenta|Heavy Slam|p1a: Amoonguss
|-damage|p1a: Amoonguss|41/100
|-damage|p2b: Zamazenta|57/100|[from] item: Rocky Helmet|[of] p1a: Amoonguss
|
|upkeep
|turn|5
|j| Tg511
|
|t:|1750834629
|move|p1a: Amoonguss|Sludge Bomb|p2a: Lunala
|-resisted|p2a: Lunala
|-damage|p2a: Lunala|96/100
|move|p1b: Lunala|Moongeist Beam|p2a: Lunala
|-supereffective|p2a: Lunala
|-damage|p2a: Lunala|0 fnt
|faint|p2a: Lunala
|move|p2b: Zamazenta|Body Press|p1b: Lunala
|-resisted|p1b: Lunala
|-damage|p1b: Lunala|0 fnt
|faint|p1b: Lunala
|
|-fieldend|move: Trick Room
|upkeep
|c|☆hagalupagalu|gg
|-message|hagalupagalu forfeited.
|
|win|galisto
|n|☆galisto|galisto
|n|☆hagalupagalu|hagalupagalu
|n| wizzpoower|wizzpoower
|n| jzdr2|jzdr2
|n| Alitiantian|alitiantian
|n| Tg511|tg511
|l|☆hagalupagalu
|player|p2|
|l| jzdr2
|l| Alitiantian
|c|☆galisto|ggs
|l| Tg511
