|j|☆huanchen
|j|☆StaleRYEBread
|t:|1750824290
|gametype|doubles
|player|p1|huanchen|red|1185
|player|p2|StaleRYEBread|101|1196
|teamsize|p1|6
|teamsize|p2|6
|gen|9
|tier|[Gen 9] VGC 2025 Reg I
|rated|
|rule|Species Clause: Limit one of each Pokémon
|rule|Item Clause: Limit 1 of each item
|clearpoke
|poke|p1|Calyrex-Shadow, L50|
|poke|p1|Ting-Lu, L50|
|poke|p1|Dondozo, L50, M|
|poke|p1|Raging Bolt, L50|
|poke|p1|Ogerpon-Hearthflame, L50, F|
|poke|p1|Zamazenta-*, L50|
|poke|p2|Kyogre, L50|
|poke|p2|Calyrex-Ice, L50|
|poke|p2|Incineroar, L50, F|
|poke|p2|Amoonguss, L50, F|
|poke|p2|Porygon2, L50|
|poke|p2|Kingambit, L50, F|
|teampreview|4
|inactive|Battle timer is ON: inactive players will automatically lose when time's up. (requested by huanchen)
|inactive|StaleRYEBread has 60 seconds left.
|inactive|StaleRYEBread has 30 seconds left.
|
|t:|1750824353
|start
|switch|p1a: Ting-Lu|Ting-Lu, L50|100/100
|switch|p1b: Dondozo|Dondozo, L50, M|100/100
|switch|p2a: Porygon2|Porygon2, L50, shiny|100/100
|switch|p2b: Kingambit|Kingambit, L50, F|100/100
|-ability|p2a: Porygon2|Download|boost
|-boost|p2a: Porygon2|spa|1
|-ability|p1a: Ting-Lu|Vessel of Ruin
|turn|1
|inactive|StaleRYEBread has 30 seconds left.
|inactive|StaleRYEBread has 20 seconds left.
|
|t:|1750824390
|-terastallize|p2b: Kingambit|Flying
|move|p1a: Ting-Lu|Ruination|p2a: Porygon2
|-damage|p2a: Porygon2|51/100
|move|p1b: Dondozo|Yawn|p2b: Kingambit
|-start|p2b: Kingambit|move: Yawn|[of] p1b: Dondozo
|move|p2b: Kingambit|Kowtow Cleave|p1b: Dondozo
|-damage|p1b: Dondozo|69/100
|move|p2a: Porygon2|Trick Room|p2a: Porygon2
|-fieldstart|move: Trick Room|[of] p2a: Porygon2
|
|-heal|p1b: Dondozo|75/100|[from] item: Leftovers
|upkeep
|turn|2
|inactive|StaleRYEBread has 30 seconds left.
|
|t:|1750824424
|switch|p2b: Calyrex|Calyrex-Ice, L50|100/100
|-ability|p2b: Calyrex|As One
|-ability|p2b: Calyrex|Unnerve
|move|p1b: Dondozo|Wave Crash|p2a: Porygon2
|-crit|p2a: Porygon2
|-damage|p2a: Porygon2|9/100
|-damage|p1b: Dondozo|65/100|[from] Recoil
|move|p1a: Ting-Lu|Ruination|p2b: Calyrex
|-damage|p2b: Calyrex|51/100
|move|p2a: Porygon2|Tri Attack|p1b: Dondozo
|-damage|p1b: Dondozo|43/100
|
|-heal|p1b: Dondozo|49/100|[from] item: Leftovers
|upkeep
|turn|3
|inactive|StaleRYEBread has 30 seconds left.
|
|t:|1750824454
|move|p2b: Calyrex|Protect|p2b: Calyrex
|-singleturn|p2b: Calyrex|Protect
|move|p1b: Dondozo|Yawn|p2b: Calyrex
|-activate|p2b: Calyrex|move: Protect
|move|p1a: Ting-Lu|Sand Tomb|p2b: Calyrex
|-activate|p2b: Calyrex|move: Protect
|move|p2a: Porygon2|Tri Attack|p1a: Ting-Lu
|-damage|p1a: Ting-Lu|80/100
|
|-heal|p1b: Dondozo|55/100|[from] item: Leftovers
|upkeep
|turn|4
|
|t:|1750824475
|move|p1b: Dondozo|Yawn|p2b: Calyrex
|-start|p2b: Calyrex|move: Yawn|[of] p1b: Dondozo
|move|p2b: Calyrex|Glacial Lance|p1a: Ting-Lu|[spread] p1a,p1b
|-supereffective|p1a: Ting-Lu
|-resisted|p1b: Dondozo
|-damage|p1a: Ting-Lu|13/100
|-damage|p1b: Dondozo|39/100
|move|p1a: Ting-Lu|Taunt|p2a: Porygon2
|-start|p2a: Porygon2|move: Taunt
|move|p2a: Porygon2|Tri Attack|p1b: Dondozo
|-damage|p1b: Dondozo|16/100
|
|-heal|p1b: Dondozo|22/100|[from] item: Leftovers
|upkeep
|turn|5
|
|t:|1750824496
|switch|p2a: Amoonguss|Amoonguss, L50, F|100/100
|move|p1b: Dondozo|Wave Crash|p2a: Amoonguss
|-resisted|p2a: Amoonguss
|-damage|p2a: Amoonguss|83/100
|-damage|p1b: Dondozo|6/100|[from] item: Rocky Helmet|[of] p2a: Amoonguss
|-damage|p1b: Dondozo|0 fnt|[from] Recoil
|faint|p1b: Dondozo
|move|p2b: Calyrex|Glacial Lance|p1a: Ting-Lu
|-supereffective|p1a: Ting-Lu
|-damage|p1a: Ting-Lu|0 fnt
|faint|p1a: Ting-Lu
|-ability|p2b: Calyrex|Chilling Neigh|boost
|-boost|p2b: Calyrex|atk|1
|
|-end|p2b: Calyrex|move: Yawn|[silent]
|-status|p2b: Calyrex|slp
|-fieldend|move: Trick Room
|upkeep
|
|t:|1750824511
|switch|p1a: Calyrex|Calyrex-Shadow, L50|100/100
|switch|p1b: Raging Bolt|Raging Bolt, L50|100/100
|-ability|p1a: Calyrex|As One
|-ability|p1a: Calyrex|Unnerve
|turn|6
|
|t:|1750824533
|move|p1a: Calyrex|Psychic|p2a: Amoonguss
|-supereffective|p2a: Amoonguss
|-damage|p2a: Amoonguss|0 fnt
|faint|p2a: Amoonguss
|-ability|p1a: Calyrex|Grim Neigh|boost
|-boost|p1a: Calyrex|spa|1
|move|p1b: Raging Bolt|Dragon Pulse|p2b: Calyrex
|-damage|p2b: Calyrex|17/100 slp
|cant|p2b: Calyrex|slp
|
|upkeep
|
|t:|1750824548
|switch|p2a: Porygon2|Porygon2, L50, shiny|9/100
|-ability|p2a: Porygon2|Download|boost
|-boost|p2a: Porygon2|atk|1
|turn|7
|
|t:|1750824557
|move|p1b: Raging Bolt|Thunderclap||[still]
|-fail|p1b: Raging Bolt
|move|p1a: Calyrex|Astral Barrage|p2a: Porygon2|[spread] p2b
|-immune|p2a: Porygon2
|-supereffective|p2b: Calyrex
|-damage|p2b: Calyrex|0 fnt
|faint|p2b: Calyrex
|-ability|p1a: Calyrex|Grim Neigh|boost
|-boost|p1a: Calyrex|spa|1
|move|p2a: Porygon2|Trick Room|p2a: Porygon2
|-fieldstart|move: Trick Room|[of] p2a: Porygon2
|
|upkeep
|
|t:|1750824568
|switch|p2b: Kingambit|Kingambit, L50, F, tera:Flying|100/100
|turn|8
|c|☆StaleRYEBread|gg
|
|t:|1750824585
|move|p1b: Raging Bolt|Thunderclap|p2b: Kingambit
|-supereffective|p2b: Kingambit
|-damage|p2b: Kingambit|24/100
|move|p2b: Kingambit|Kowtow Cleave|p1a: Calyrex
|-supereffective|p1a: Calyrex
|-enditem|p1a: Calyrex|Focus Sash
|-damage|p1a: Calyrex|1/100
|move|p2a: Porygon2|Shadow Ball|p1a: Calyrex
|-supereffective|p1a: Calyrex
|-damage|p1a: Calyrex|0 fnt
|faint|p1a: Calyrex
|
|upkeep
|turn|9
|
|t:|1750824602
|move|p2b: Kingambit|Protect|p2b: Kingambit
|-singleturn|p2b: Kingambit|Protect
|move|p2a: Porygon2|Protect|p2a: Porygon2
|-singleturn|p2a: Porygon2|Protect
|move|p1b: Raging Bolt|Thunderclap||[still]
|-fail|p1b: Raging Bolt
|
|upkeep
|turn|10
|
|t:|1750824617
|move|p2b: Kingambit|Sucker Punch|p1b: Raging Bolt
|-damage|p1b: Raging Bolt|61/100
|move|p1b: Raging Bolt|Thunderclap||[still]
|-fail|p1b: Raging Bolt
|move|p2a: Porygon2|Tri Attack|p1b: Raging Bolt
|-damage|p1b: Raging Bolt|46/100
|
|upkeep
|turn|11
|
|t:|1750824628
|move|p2a: Porygon2|Protect|p2a: Porygon2
|-singleturn|p2a: Porygon2|Protect
|move|p2b: Kingambit|Kowtow Cleave|p1b: Raging Bolt
|-damage|p1b: Raging Bolt|0 fnt
|faint|p1b: Raging Bolt
|-end|p1b: Raging Bolt|Protosynthesis|[silent]
|
|win|StaleRYEBread
|raw|huanchen's rating: 1185 &rarr; <strong>1161</strong><br />(-24 for losing)
|raw|StaleRYEBread's rating: 1196 &rarr; <strong>1220</strong><br />(+24 for winning)
|l|☆huanchen
|player|p1|
|l|☆StaleRYEBread
|player|p2|
