|j|☆SlamTTHM
|j|☆Wuzion.
|t:|1750768560
|gametype|doubles
|player|p1|SlamTTHM|265|1121
|player|p2|Wuzion.|1|1162
|teamsize|p1|6
|teamsize|p2|6
|gen|9
|tier|[Gen 9] VGC 2025 Reg I
|rated|
|rule|Species Clause: Limit one of each Pokémon
|rule|Item Clause: Limit 1 of each item
|clearpoke
|poke|p1|Calyrex-Ice, L50|
|poke|p1|Necrozma-Dawn-Wings, L50|
|poke|p1|Brute Bonnet, L50|
|poke|p1|Alcremie, L50, F|
|poke|p1|Araquanid, L50, F|
|poke|p1|Indeedee-F, L50, F|
|poke|p2|Calyrex-Shadow, L50|
|poke|p2|Miraidon, L50|
|poke|p2|Dondozo, L50, F|
|poke|p2|Tatsugiri, L50, M|
|poke|p2|Sneasler, L50, M|
|poke|p2|Chi-Yu, L50|
|teampreview|4
|inactive|Battle timer is ON: inactive players will automatically lose when time's up. (requested by Wuzion.)
|l|☆Wuzion.
|inactive|Wuzion. disconnected and has a minute to reconnect!
|player|p2|
|inactive|SlamTTHM has 60 seconds left.
|
|t:|1750768592
|start
|switch|p1a: Brute Bonnet|Brute Bonnet, L50|100/100
|switch|p1b: Indeedee|Indeedee-F, L50, F|100/100
|switch|p2a: Calyrex|Calyrex-Shadow, L50|100/100
|switch|p2b: Sneasler|Sneasler, L50, M, shiny|100/100
|-ability|p2a: Calyrex|As One
|-ability|p2a: Calyrex|Unnerve
|-fieldstart|move: Psychic Terrain|[from] ability: Psychic Surge|[of] p1b: Indeedee
|-enditem|p1a: Brute Bonnet|Booster Energy
|-activate|p1a: Brute Bonnet|ability: Protosynthesis|[fromitem]
|-start|p1a: Brute Bonnet|protosynthesisatk
|turn|1
|j|☆Wuzion.
|inactive|Wuzion. reconnected and has 55 seconds left.
|player|p2|Wuzion.|1|
|inactive|SlamTTHM has 30 seconds left.
|inactive|Wuzion. has 30 seconds left.
|inactive|Wuzion. has 20 seconds left.
|inactive|SlamTTHM has 20 seconds left.
|inactive|Wuzion. has 15 seconds left.
|inactive|Wuzion. has 10 seconds left.
|
|t:|1750768638
|move|p2a: Calyrex|Protect|p2a: Calyrex
|-singleturn|p2a: Calyrex|Protect
|move|p2b: Sneasler|Fake Out|p1a: Brute Bonnet
|-activate|p1a: Brute Bonnet|move: Psychic Terrain
|move|p1a: Brute Bonnet|Spore|p2a: Calyrex
|-activate|p2a: Calyrex|move: Protect
|move|p1b: Indeedee|Trick Room|p1b: Indeedee
|-fieldstart|move: Trick Room|[of] p1b: Indeedee
|
|upkeep
|turn|2
|inactive|Wuzion. has 30 seconds left.
|inactive|Wuzion. has 20 seconds left.
|inactive|Wuzion. has 15 seconds left.
|
|t:|1750768678
|switch|p1b: Necrozma|Necrozma-Dawn-Wings, L50|100/100
|switch|p2a: Chi-Yu|Chi-Yu, L50|100/100
|-ability|p2a: Chi-Yu|Beads of Ruin
|-terastallize|p2b: Sneasler|Ghost
|move|p1a: Brute Bonnet|Spore|p2a: Chi-Yu
|-status|p2a: Chi-Yu|slp|[from] move: Spore
|move|p2b: Sneasler|Close Combat|p1a: Brute Bonnet
|-supereffective|p1a: Brute Bonnet
|-damage|p1a: Brute Bonnet|0 fnt
|-unboost|p2b: Sneasler|def|1
|-unboost|p2b: Sneasler|spd|1
|faint|p1a: Brute Bonnet
|-end|p1a: Brute Bonnet|Protosynthesis|[silent]
|
|upkeep
|
|t:|1750768703
|switch|p1a: Calyrex|Calyrex-Ice, L50|100/100
|-ability|p1a: Calyrex|As One
|-ability|p1a: Calyrex|Unnerve
|turn|3
|
|t:|1750768718
|switch|p2b: Miraidon|Miraidon, L50|100/100
|-fieldstart|move: Electric Terrain|[from] ability: Hadron Engine|[of] p2b: Miraidon
|move|p1a: Calyrex|High Horsepower|p2a: Chi-Yu
|-supereffective|p2a: Chi-Yu
|-crit|p2a: Chi-Yu
|-damage|p2a: Chi-Yu|0 fnt
|faint|p2a: Chi-Yu
|-ability|p1a: Calyrex|Chilling Neigh|boost
|-boost|p1a: Calyrex|atk|1
|move|p1b: Necrozma|Moongeist Beam|p2b: Miraidon
|-damage|p2b: Miraidon|59/100
|-damage|p1b: Necrozma|91/100|[from] item: Life Orb
|
|upkeep
|
|t:|1750768726
|switch|p2a: Sneasler|Sneasler, L50, M, shiny, tera:Ghost|100/100
|-enditem|p2a: Sneasler|Electric Seed
|-boost|p2a: Sneasler|def|1|[from] item: Electric Seed
|turn|4
|
|t:|1750768747
|move|p2a: Sneasler|Fake Out|p1a: Calyrex
|-damage|p1a: Calyrex|91/100
|cant|p1a: Calyrex|flinch
|move|p1b: Necrozma|Moongeist Beam|p2a: Sneasler
|-supereffective|p2a: Sneasler
|-damage|p2a: Sneasler|0 fnt
|faint|p2a: Sneasler
|-damage|p1b: Necrozma|81/100|[from] item: Life Orb
|move|p2b: Miraidon|Electro Drift|p1a: Calyrex
|-damage|p1a: Calyrex|32/100
|
|upkeep
|
|t:|1750768756
|switch|p2a: Calyrex|Calyrex-Shadow, L50|100/100
|-ability|p2a: Calyrex|As One
|-ability|p2a: Calyrex|Unnerve
|turn|5
|
|t:|1750768777
|move|p2a: Calyrex|Protect|p2a: Calyrex
|-singleturn|p2a: Calyrex|Protect
|move|p1a: Calyrex|Glacial Lance|p2a: Calyrex|[spread] p2b
|-activate|p2a: Calyrex|move: Protect
|-supereffective|p2b: Miraidon
|-damage|p2b: Miraidon|0 fnt
|faint|p2b: Miraidon
|-ability|p1a: Calyrex|Chilling Neigh|boost
|-boost|p1a: Calyrex|atk|1
|move|p1b: Necrozma|Moongeist Beam|p2a: Calyrex
|-activate|p2a: Calyrex|move: Protect
|
|-fieldend|move: Trick Room
|upkeep
|turn|6
|
|t:|1750768799
|switch|p1a: Indeedee|Indeedee-F, L50, F|100/100
|-fieldstart|move: Psychic Terrain|[from] ability: Psychic Surge|[of] p1a: Indeedee
|move|p1b: Necrozma|Protect|p1b: Necrozma
|-singleturn|p1b: Necrozma|Protect
|move|p2a: Calyrex|Astral Barrage|p1a: Indeedee|[spread] 
|-activate|p1b: Necrozma|move: Protect
|-immune|p1a: Indeedee
|
|upkeep
|turn|7
|
|t:|1750768823
|switch|p1a: Calyrex|Calyrex-Ice, L50|32/100
|-ability|p1a: Calyrex|As One
|-ability|p1a: Calyrex|Unnerve
|move|p2a: Calyrex|Psychic|p1a: Calyrex
|-resisted|p1a: Calyrex
|-damage|p1a: Calyrex|2/100
|-damage|p2a: Calyrex|91/100|[from] item: Life Orb
|move|p1b: Necrozma|Trick Room|p1b: Necrozma
|-fieldstart|move: Trick Room|[of] p1b: Necrozma
|
|upkeep
|turn|8
|
|t:|1750768839
|move|p1a: Calyrex|Glacial Lance|p2a: Calyrex
|-damage|p2a: Calyrex|0 fnt
|faint|p2a: Calyrex
|
|win|SlamTTHM
|raw|SlamTTHM's rating: 1121 &rarr; <strong>1149</strong><br />(+28 for winning)
|raw|Wuzion.'s rating: 1162 &rarr; <strong>1134</strong><br />(-28 for losing)
|l|☆Wuzion.
|player|p2|
