|j|☆Bodoque31
|j|☆awkwardwolfe
|t:|1750741932
|gametype|doubles
|player|p1|Bodoque31|skyla|1281
|player|p2|awkwardwolfe|colress|1280
|teamsize|p1|6
|teamsize|p2|6
|gen|9
|tier|[Gen 9] VGC 2025 Reg I
|rated|
|rule|Species Clause: Limit one of each Pokémon
|rule|Item Clause: Limit 1 of each item
|clearpoke
|poke|p1|Miraidon, L50|
|poke|p1|Zamazenta-*, L50|
|poke|p1|Riolu, L50, M|
|poke|p1|Chi-Yu, L50|
|poke|p1|Rillaboom, L50, M|
|poke|p1|Ditto, L50|
|poke|p2|Miraidon, L50|
|poke|p2|Calyrex-Ice, L50|
|poke|p2|Iron Hands, L50|
|poke|p2|Incineroar, L50, F|
|poke|p2|Urshifu-*, L50, M|
|poke|p2|Amoonguss, L50, M|
|teampreview|4
|inactive|Battle timer is ON: inactive players will automatically lose when time's up. (requested by Bodoque31)
Bodoque31 rejected open team sheets.
|
|t:|1750741956
|start
|switch|p1a: Lucas|Riolu, L50, M, shiny|100/100
|switch|p1b: Dante|Zamazenta-Crowned, L50, shiny|100/100
|switch|p2a: Miraidon|Miraidon, L50|100/100
|switch|p2b: Iron Hands|Iron Hands, L50|100/100
|-fieldstart|move: Electric Terrain|[from] ability: Hadron Engine|[of] p2a: Miraidon
|-activate|p2b: Iron Hands|ability: Quark Drive
|-start|p2b: Iron Hands|quarkdriveatk
|-ability|p1b: Dante|Dauntless Shield|boost
|-boost|p1b: Dante|def|1
|turn|1
|inactive|awkwardwolfe has 30 seconds left.
|
|t:|1750741982
|move|p1b: Dante|Protect|p1b: Dante
|-singleturn|p1b: Dante|Protect
|move|p1a: Lucas|Quick Guard|p1a: Lucas
|-singleturn|p1a: Lucas|Quick Guard
|move|p2b: Iron Hands|Fake Out|p1a: Lucas
|-activate|p1a: Lucas|move: Quick Guard
|move|p2a: Miraidon|Electro Drift|p1b: Dante
|-activate|p1b: Dante|move: Protect
|
|upkeep
|turn|2
|
|t:|1750741998
|-terastallize|p1b: Dante|Dragon
|move|p1a: Lucas|Coaching|p1b: Dante
|-boost|p1b: Dante|atk|1
|-boost|p1b: Dante|def|1
|move|p2a: Miraidon|Electro Drift|p1b: Dante
|-resisted|p1b: Dante
|-damage|p1b: Dante|53/100
|move|p1b: Dante|Body Press|p2a: Miraidon
|-damage|p2a: Miraidon|0 fnt
|faint|p2a: Miraidon
|move|p2b: Iron Hands|Low Kick|p1b: Dante
|-damage|p1b: Dante|26/100
|
|upkeep
|
|t:|1750742017
|switch|p2a: Incineroar|Incineroar, L50, F|100/100
|-ability|p2a: Incineroar|Intimidate|boost
|-unboost|p1a: Lucas|atk|1
|-unboost|p1b: Dante|atk|1
|turn|3
|
|t:|1750742025
|move|p1a: Lucas|Quick Guard|p1a: Lucas
|-singleturn|p1a: Lucas|Quick Guard
|move|p1b: Dante|Body Press|p2a: Incineroar
|-supereffective|p2a: Incineroar
|-damage|p2a: Incineroar|0 fnt
|faint|p2a: Incineroar
|move|p2b: Iron Hands|Low Kick|p1b: Dante
|-crit|p1b: Dante
|-damage|p1b: Dante|0 fnt
|faint|p1b: Dante
|
|upkeep
|
|t:|1750742031
|switch|p1b: Maestra Picsis|Chi-Yu, L50|100/100
|switch|p2a: Calyrex|Calyrex-Ice, L50|100/100
|-ability|p2a: Calyrex|As One
|-ability|p2a: Calyrex|Unnerve
|-ability|p1b: Maestra Picsis|Beads of Ruin
|turn|4
|
|t:|1750742040
|move|p2a: Calyrex|Protect|p2a: Calyrex
|-singleturn|p2a: Calyrex|Protect
|move|p1a: Lucas|Coaching|p1b: Maestra Picsis
|-boost|p1b: Maestra Picsis|atk|1
|-boost|p1b: Maestra Picsis|def|1
|move|p1b: Maestra Picsis|Dark Pulse|p2a: Calyrex
|-activate|p2a: Calyrex|move: Protect
|move|p2b: Iron Hands|Low Kick|p1b: Maestra Picsis
|-supereffective|p1b: Maestra Picsis
|-damage|p1b: Maestra Picsis|68/100
|
|upkeep
|turn|5
|
|t:|1750742055
|-terastallize|p2a: Calyrex|Water
|move|p1a: Lucas|Coaching|p1b: Maestra Picsis
|-boost|p1b: Maestra Picsis|atk|1
|-boost|p1b: Maestra Picsis|def|1
|move|p1b: Maestra Picsis|Dark Pulse|p2a: Calyrex
|-damage|p2a: Calyrex|61/100
|move|p2b: Iron Hands|Drain Punch|p1b: Maestra Picsis
|-supereffective|p1b: Maestra Picsis
|-damage|p1b: Maestra Picsis|0 fnt
|faint|p1b: Maestra Picsis
|cant|p2a: Calyrex|flinch
|
|-fieldend|move: Electric Terrain
|-end|p2b: Iron Hands|Quark Drive
|upkeep
|
|t:|1750742059
|switch|p1b: Sandwich|Miraidon, L50|100/100
|-fieldstart|move: Electric Terrain|[from] ability: Hadron Engine|[of] p1b: Sandwich
|-activate|p2b: Iron Hands|ability: Quark Drive
|-start|p2b: Iron Hands|quarkdriveatk
|turn|6
|
|t:|1750742078
|move|p2a: Calyrex|Protect|p2a: Calyrex
|-singleturn|p2a: Calyrex|Protect
|move|p1a: Lucas|Coaching|p1b: Sandwich
|-boost|p1b: Sandwich|atk|1
|-boost|p1b: Sandwich|def|1
|move|p1b: Sandwich|Electro Drift|p2a: Calyrex
|-activate|p2a: Calyrex|move: Protect
|move|p2b: Iron Hands|Low Kick|p1b: Sandwich
|-damage|p1b: Sandwich|40/100
|
|upkeep
|turn|7
|
|t:|1750742090
|move|p2a: Calyrex|Protect|p2a: Calyrex
|-singleturn|p2a: Calyrex|Protect
|move|p1a: Lucas|Coaching|p1b: Sandwich
|-boost|p1b: Sandwich|atk|1
|-boost|p1b: Sandwich|def|1
|move|p1b: Sandwich|Electro Drift|p2a: Calyrex
|-activate|p2a: Calyrex|move: Protect
|move|p2b: Iron Hands|Low Kick|p1b: Sandwich
|-damage|p1b: Sandwich|0 fnt
|faint|p1b: Sandwich
|
|upkeep
|turn|8
|-message|Bodoque31 forfeited.
|
|win|awkwardwolfe
|raw|Bodoque31's rating: 1281 &rarr; <strong>1256</strong><br />(-25 for losing)
|raw|awkwardwolfe's rating: 1280 &rarr; <strong>1305</strong><br />(+25 for winning)
|l|☆Bodoque31
|player|p1|
|l|☆awkwardwolfe
|player|p2|
