|j|☆darxzy
|j|☆jiyanQAQ
|t:|1750749512
|gametype|doubles
|player|p1|darxzy|2|1178
|player|p2|jiyanQAQ|2|1197
|teamsize|p1|6
|teamsize|p2|6
|gen|9
|tier|[Gen 9] VGC 2025 Reg I
|rated|
|rule|Species Clause: Limit one of each Pokémon
|rule|Item Clause: Limit 1 of each item
|clearpoke
|poke|p1|Kyogre, L50|
|poke|p1|Zacian-*, L50|
|poke|p1|Urshifu-*, L50, F|
|poke|p1|Amoonguss, L50, M|
|poke|p1|Chien-Pao, L50|
|poke|p1|Tornadus, L50, M|
|poke|p2|Annihilape, L50, M|
|poke|p2|Calyrex-Ice, L50|
|poke|p2|Necrozma-Dawn-Wings, L50|
|poke|p2|Ursaluna, L50, F|
|poke|p2|Iron Hands, L50|
|poke|p2|Kingambit, L50, F|
|teampreview|4
|inactive|Battle timer is ON: inactive players will automatically lose when time's up. (requested by jiyanQAQ)
|
|t:|1750749527
|start
|switch|p1a: Chien-Pao|Chien-Pao, L50|100/100
|switch|p1b: Kyogre|Kyogre, L50, shiny|100/100
|switch|p2a: Necrozma|Necrozma-Dawn-Wings, L50|100/100
|switch|p2b: Annihilape|Annihilape, L50, M|100/100
|-ability|p1a: Chien-Pao|Sword of Ruin
|-weather|RainDance|[from] ability: Drizzle|[of] p1b: Kyogre
|turn|1
|
|t:|1750749543
|-terastallize|p2a: Necrozma|Grass
|move|p1a: Chien-Pao|Sucker Punch||[still]
|-fail|p1a: Chien-Pao
|move|p2b: Annihilape|Final Gambit|p1b: Kyogre
|-damage|p1b: Kyogre|0 fnt
|faint|p2b: Annihilape
|faint|p1b: Kyogre
|move|p2a: Necrozma|Trick Room|p2a: Necrozma
|-fieldstart|move: Trick Room|[of] p2a: Necrozma
|
|-weather|RainDance|[upkeep]
|upkeep
|
|t:|1750749555
|switch|p1b: Tornadus|Tornadus, L50, M, shiny|100/100
|switch|p2b: Iron Hands|Iron Hands, L50|100/100
|-enditem|p2b: Iron Hands|Booster Energy
|-activate|p2b: Iron Hands|ability: Quark Drive|[fromitem]
|-start|p2b: Iron Hands|quarkdriveatk
|turn|2
|
|t:|1750749573
|move|p2b: Iron Hands|Close Combat|p1a: Chien-Pao
|-supereffective|p1a: Chien-Pao
|-enditem|p1a: Chien-Pao|Focus Sash
|-damage|p1a: Chien-Pao|1/100
|-unboost|p2b: Iron Hands|def|1
|-unboost|p2b: Iron Hands|spd|1
|move|p2a: Necrozma|Moongeist Beam|p1b: Tornadus
|-damage|p1b: Tornadus|18/100
|move|p1b: Tornadus|Bleakwind Storm|p2b: Iron Hands|[spread] p2a,p2b
|-supereffective|p2a: Necrozma
|-damage|p2a: Necrozma|67/100
|-damage|p2b: Iron Hands|56/100
|-enditem|p2a: Necrozma|Weakness Policy
|-boost|p2a: Necrozma|atk|2|[from] item: Weakness Policy
|-boost|p2a: Necrozma|spa|2|[from] item: Weakness Policy
|move|p1a: Chien-Pao|Ice Spinner|p2a: Necrozma
|-supereffective|p2a: Necrozma
|-damage|p2a: Necrozma|0 fnt
|faint|p2a: Necrozma
|
|-weather|RainDance|[upkeep]
|upkeep
|
|t:|1750749595
|switch|p2a: Calyrex|Calyrex-Ice, L50|100/100
|-ability|p2a: Calyrex|As One
|-ability|p2a: Calyrex|Unnerve
|turn|3
|
|t:|1750749610
|move|p1b: Tornadus|Tailwind|p1b: Tornadus
|-sidestart|p1: darxzy|move: Tailwind
|move|p1a: Chien-Pao|Sucker Punch|p2a: Calyrex
|-supereffective|p2a: Calyrex
|-damage|p2a: Calyrex|44/100
|move|p2a: Calyrex|Glacial Lance|p1b: Tornadus|[spread] p1a,p1b
|-resisted|p1a: Chien-Pao
|-supereffective|p1b: Tornadus
|-damage|p1a: Chien-Pao|0 fnt
|-damage|p1b: Tornadus|0 fnt
|faint|p1a: Chien-Pao
|faint|p1b: Tornadus
|-ability|p2a: Calyrex|Chilling Neigh|boost
|-boost|p2a: Calyrex|atk|2
|move|p2b: Iron Hands|Supercell Slam|p1: Chien-Pao|[notarget]
|-fail|p2b: Iron Hands
|
|-weather|RainDance|[upkeep]
|upkeep
|
|t:|1750749620
|switch|p1a: Zacian|Zacian-Crowned, L50|100/100
|-ability|p1a: Zacian|Intrepid Sword|boost
|-boost|p1a: Zacian|atk|1
|turn|4
|
|t:|1750749633
|move|p1a: Zacian|Protect|p1a: Zacian
|-singleturn|p1a: Zacian|Protect
|move|p2a: Calyrex|High Horsepower|p1a: Zacian
|-activate|p1a: Zacian|move: Protect
|move|p2b: Iron Hands|Close Combat|p1a: Zacian
|-activate|p1a: Zacian|move: Protect
|
|-weather|RainDance|[upkeep]
|upkeep
|turn|5
|
|t:|1750749654
|move|p2a: Calyrex|High Horsepower|p1a: Zacian
|-supereffective|p1a: Zacian
|-damage|p1a: Zacian|0 fnt
|faint|p1a: Zacian
|
|win|jiyanQAQ
|raw|darxzy's rating: 1178 &rarr; <strong>1154</strong><br />(-24 for losing)
|raw|jiyanQAQ's rating: 1197 &rarr; <strong>1221</strong><br />(+24 for winning)
|l|☆darxzy
|player|p1|
|l|☆jiyanQAQ
|player|p2|
