|j|☆RaiNotGodIV
|j|☆reineon101
|html|<table width="100%"><tr><td align="left">RaiNotGodIV</td><td align="right">reineon101</tr><tr><td align="left"><i class="fa fa-circle"></i> <i class="fa fa-circle-o"></i> </td><td align="right"><i class="fa fa-circle-o"></i> <i class="fa fa-circle"></i> </tr></table>
|uhtml|bestof|<h2><strong>Game 3</strong> of <a href="/game-bestof3-gen9vgc2025regi-2391573351">a best-of-3</a></h2>
|t:|1750872493
|gametype|doubles
|player|p1|RaiNotGodIV|hilda|
|player|p2|reineon101|hilbert-wonderlauncher|
|teamsize|p1|6
|teamsize|p2|6
|gen|9
|tier|[Gen 9] VGC 2025 Reg I
|rule|Species Clause: Limit one of each Pokémon
|rule|Item Clause: Limit 1 of each item
|raw|<div class="infobox"><details class="readmore" open><summary><strong>1 custom rule:</strong></summary> Best of = 3</details></div>
|clearpoke
|poke|p1|Incineroar, L50, M|
|poke|p1|Pikachu, L50, M|
|poke|p1|Kyogre, L50|
|poke|p1|Calyrex-Ice, L50|
|poke|p1|Ursaluna-Bloodmoon, L50, M|
|poke|p1|Comfey, L50, F|
|poke|p2|Miraidon, L50|
|poke|p2|Lunala, L50|
|poke|p2|Incineroar, L50, M|
|poke|p2|Grimmsnarl, L50, M|
|poke|p2|Urshifu-*, L50, F|
|poke|p2|Ursaluna, L50, F|
|teampreview|4
RaiNotGodIV has agreed to open team sheets.
|
|t:|1750872541
|start
|switch|p1a: Kyogre|Kyogre, L50|100/100
|switch|p1b: Pikachu|Pikachu, L50, M|100/100
|switch|p2a: Lunala|Lunala, L50|100/100
|switch|p2b: Grimmsnarl|Grimmsnarl, L50, M|100/100
|-weather|RainDance|[from] ability: Drizzle|[of] p1a: Kyogre
|turn|1
|
|t:|1750872575
|move|p1b: Pikachu|Fake Out|p2a: Lunala
|-immune|p2a: Lunala
|move|p2b: Grimmsnarl|Light Screen|p2b: Grimmsnarl
|-sidestart|p2: reineon101|move: Light Screen
|move|p1a: Kyogre|Origin Pulse|p2a: Lunala|[spread] p2a,p2b
|-crit|p2a: Lunala
|-damage|p2a: Lunala|69/100
|-damage|p2b: Grimmsnarl|58/100
|move|p2a: Lunala|Trick Room|p2a: Lunala
|-fieldstart|move: Trick Room|[of] p2a: Lunala
|
|-weather|RainDance|[upkeep]
|upkeep
|turn|2
|c|☆RaiNotGodIV|Ah
|
|t:|1750872622
|move|p1b: Pikachu|Helping Hand|p1a: Kyogre
|-singleturn|p1a: Kyogre|Helping Hand|[of] p1b: Pikachu
|move|p2b: Grimmsnarl|Spirit Break|p1a: Kyogre
|-damage|p1a: Kyogre|70/100
|-unboost|p1a: Kyogre|spa|1
|move|p2a: Lunala|Moongeist Beam|p1b: Pikachu
|-enditem|p1b: Pikachu|Focus Sash
|-damage|p1b: Pikachu|2/100
|move|p1a: Kyogre|Thunder|p1b: Pikachu
|-activate|p1b: Pikachu|ability: Lightning Rod
|-ability|p1b: Pikachu|Lightning Rod|boost
|-boost|p1b: Pikachu|spa|1
|
|-weather|RainDance|[upkeep]
|upkeep
|turn|3
|c|☆reineon101|what
|
|t:|1750872668
|switch|p1b: Incineroar|Incineroar, L50, M|100/100
|-ability|p1b: Incineroar|Intimidate|boost
|-unboost|p2a: Lunala|atk|1
|-unboost|p2b: Grimmsnarl|atk|1
|move|p2b: Grimmsnarl|Spirit Break|p1a: Kyogre
|-damage|p1a: Kyogre|49/100
|-unboost|p1a: Kyogre|spa|1
|move|p2a: Lunala|Moongeist Beam|p1b: Incineroar
|-resisted|p1b: Incineroar
|-damage|p1b: Incineroar|78/100
|-enditem|p1b: Incineroar|Red Card|[of] p2a: Lunala
|drag|p2a: Urshifu|Urshifu-Rapid-Strike, L50, F|100/100
|move|p1a: Kyogre|Origin Pulse|p2b: Grimmsnarl|[spread] p2a,p2b
|-resisted|p2a: Urshifu
|-damage|p2a: Urshifu|88/100
|-damage|p2b: Grimmsnarl|38/100
|
|-weather|RainDance|[upkeep]
|upkeep
|turn|4
|
|t:|1750872705
|switch|p1a: Comfey|Comfey, L50, F|100/100
|move|p1b: Incineroar|Fake Out|p2a: Urshifu
|-damage|p2a: Urshifu|78/100
|move|p2b: Grimmsnarl|Thunder Wave|p1a: Comfey
|-status|p1a: Comfey|par
|cant|p2a: Urshifu|flinch
|
|-weather|RainDance|[upkeep]
|upkeep
|turn|5
|
|t:|1750872731
|-terastallize|p2a: Urshifu|Water
|move|p1a: Comfey|Floral Healing|p1b: Incineroar
|-heal|p1b: Incineroar|100/100
|move|p2b: Grimmsnarl|Reflect|p2b: Grimmsnarl
|-sidestart|p2: reineon101|Reflect
|move|p1b: Incineroar|Will-O-Wisp|p2a: Urshifu
|-status|p2a: Urshifu|brn
|move|p2a: Urshifu|Surging Strikes|p1b: Incineroar
|-supereffective|p1b: Incineroar
|-crit|p1b: Incineroar
|-damage|p1b: Incineroar|57/100
|-supereffective|p1b: Incineroar
|-crit|p1b: Incineroar
|-damage|p1b: Incineroar|8/100
|-supereffective|p1b: Incineroar
|-crit|p1b: Incineroar
|-damage|p1b: Incineroar|0 fnt
|faint|p1b: Incineroar
|-hitcount|p1: Incineroar|3
|
|-weather|RainDance|[upkeep]
|-damage|p2a: Urshifu|71/100 brn|[from] brn
|-fieldend|move: Trick Room
|upkeep
|
|t:|1750872742
|switch|p1b: Pikachu|Pikachu, L50, M|2/100
|turn|6
|
|t:|1750872769
|move|p1b: Pikachu|Fake Out|p2a: Urshifu
|-damage|p2a: Urshifu|66/100 brn
|move|p1a: Comfey|Floral Healing|p1b: Pikachu
|-heal|p1b: Pikachu|52/100
|cant|p2a: Urshifu|flinch
|move|p2b: Grimmsnarl|Spirit Break|p1b: Pikachu
|-damage|p1b: Pikachu|0 fnt
|faint|p1b: Pikachu
|
|-weather|RainDance|[upkeep]
|-damage|p2a: Urshifu|59/100 brn|[from] brn
|upkeep
|c|☆reineon101|what
|c|☆reineon101|how frail is that pikachu
|
|t:|1750872788
|switch|p1b: Kyogre|Kyogre, L50|49/100
|turn|7
|
|t:|1750872821
|move|p2a: Urshifu|Detect|p2a: Urshifu
|-singleturn|p2a: Urshifu|Protect
|cant|p1a: Comfey|par
|move|p2b: Grimmsnarl|Thunder Wave|p1b: Kyogre
|-status|p1b: Kyogre|par
|move|p1b: Kyogre|Thunder|p2a: Urshifu
|-activate|p2a: Urshifu|move: Protect
|
|-weather|RainDance|[upkeep]
|-damage|p2a: Urshifu|53/100 brn|[from] brn
|upkeep
|turn|8
|
|t:|1750872860
|move|p1a: Comfey|Floral Healing|p1b: Kyogre
|-heal|p1b: Kyogre|99/100 par
|move|p2a: Urshifu|Close Combat|p1b: Kyogre
|-crit|p1b: Kyogre
|-damage|p1b: Kyogre|49/100 par
|-unboost|p2a: Urshifu|def|1
|-unboost|p2a: Urshifu|spd|1
|move|p2b: Grimmsnarl|Spirit Break|p1b: Kyogre
|-damage|p1b: Kyogre|26/100 par
|-unboost|p1b: Kyogre|spa|1
|move|p1b: Kyogre|Thunder|p2a: Urshifu
|-supereffective|p2a: Urshifu
|-damage|p2a: Urshifu|0 fnt
|faint|p2a: Urshifu
|
|-weather|none
|-sideend|p2: reineon101|move: Light Screen
|upkeep
|
|t:|1750872877
|switch|p2a: Miraidon|Miraidon, L50|100/100
|-fieldstart|move: Electric Terrain|[from] ability: Hadron Engine|[of] p2a: Miraidon
|turn|9
|
|t:|1750872895
|move|p1a: Comfey|Floral Healing|p1b: Kyogre
|-heal|p1b: Kyogre|77/100 par
|move|p2b: Grimmsnarl|Light Screen|p2b: Grimmsnarl
|-sidestart|p2: reineon101|move: Light Screen
|move|p2a: Miraidon|Electro Drift|p1a: Comfey
|-damage|p1a: Comfey|0 fnt
|faint|p1a: Comfey
|move|p1b: Kyogre|Ice Beam|p2a: Miraidon
|-supereffective|p2a: Miraidon
|-damage|p2a: Miraidon|74/100
|-status|p2a: Miraidon|frz
|
|upkeep
|turn|10
|c|☆reineon101|are you for real
|
|t:|1750872913
|-terastallize|p1b: Kyogre|Water
|cant|p2a: Miraidon|frz
|move|p2b: Grimmsnarl|Spirit Break|p1b: Kyogre
|-damage|p1b: Kyogre|56/100 par
|-unboost|p1b: Kyogre|spa|1
|move|p1b: Kyogre|Origin Pulse|p2a: Miraidon|[spread] p2a,p2b
|-resisted|p2a: Miraidon
|-crit|p2b: Grimmsnarl
|-damage|p2a: Miraidon|64/100 frz
|-damage|p2b: Grimmsnarl|0 fnt
|faint|p2b: Grimmsnarl
|
|upkeep
|c|☆RaiNotGodIV|I think I already lost.
|
|t:|1750872923
|switch|p2b: Lunala|Lunala, L50|69/100
|-enditem|p2b: Lunala|Electric Seed
|-boost|p2b: Lunala|def|1|[from] item: Electric Seed
|turn|11
|
|t:|1750872934
|move|p2b: Lunala|Wide Guard|p2b: Lunala
|-singleturn|p2b: Lunala|Wide Guard
|cant|p2a: Miraidon|frz
|move|p1b: Kyogre|Origin Pulse|p2a: Miraidon|[spread] 
|-activate|p2a: Miraidon|move: Wide Guard
|-activate|p2b: Lunala|move: Wide Guard
|
|upkeep
|turn|12
|
|t:|1750872946
|cant|p2a: Miraidon|frz
|move|p2b: Lunala|Moongeist Beam|p1b: Kyogre
|-damage|p1b: Kyogre|15/100 par
|cant|p1b: Kyogre|par
|
|-sideend|p2: reineon101|Reflect
|upkeep
|turn|13
|
|t:|1750872964
|cant|p2a: Miraidon|frz
|move|p2b: Lunala|Moongeist Beam|p1b: Kyogre
|-damage|p1b: Kyogre|0 fnt
|faint|p1b: Kyogre
|
|win|reineon101
