|j|☆Donkeep
|j|☆h1472580369
|t:|1750836311
|gametype|doubles
|player|p1|Donkeep|fisherman-gen4|1246
|player|p2|h1472580369|101|1232
|teamsize|p1|6
|teamsize|p2|6
|gen|9
|tier|[Gen 9] VGC 2025 Reg I
|rated|
|rule|Species Clause: Limit one of each Pokémon
|rule|Item Clause: Limit 1 of each item
|clearpoke
|poke|p1|Inteleon, L50, F|
|poke|p1|Noivern, L50, F|
|poke|p1|Miraidon, L50|
|poke|p1|Iron Moth, L50|
|poke|p1|Weavile, L50, M|
|poke|p1|Groudon, L50|
|poke|p2|Calyrex-Ice, L50|
|poke|p2|Miraidon, L50|
|poke|p2|Ogerpon-Cornerstone, L50, F|
|poke|p2|Iron Hands, L50|
|poke|p2|Farigiraf, L50, M|
|poke|p2|Iron Valiant, L50|
|teampreview|4
|inactive|Battle timer is ON: inactive players will automatically lose when time's up. (requested by Donkeep)
|inactive|Donkeep has 60 seconds left.
|
|t:|1750836345
|start
|switch|p1a: Noivern|Noivern, L50, F|100/100
|switch|p1b: Miraidon|Miraidon, L50|100/100
|switch|p2a: Calyrex|Calyrex-Ice, L50|100/100
|switch|p2b: Farigiraf|Farigiraf, L50, M|100/100
|-ability|p2a: Calyrex|As One
|-ability|p2a: Calyrex|Unnerve
|-fieldstart|move: Electric Terrain|[from] ability: Hadron Engine|[of] p1b: Miraidon
|-enditem|p2b: Farigiraf|Electric Seed
|-boost|p2b: Farigiraf|def|1|[from] item: Electric Seed
|turn|1
|
|t:|1750836366
|move|p1b: Miraidon|Electro Drift|p2b: Farigiraf
|-damage|p2b: Farigiraf|21/100
|move|p1a: Noivern|Dragon Cheer|p1b: Miraidon
|-start|p1b: Miraidon|move: Dragon Cheer
|move|p2a: Calyrex|Glacial Lance|p1a: Noivern|[spread] p1a,p1b
|-supereffective|p1a: Noivern
|-supereffective|p1b: Miraidon
|-enditem|p1a: Noivern|Focus Sash
|-damage|p1a: Noivern|1/100
|-damage|p1b: Miraidon|0 fnt
|faint|p1b: Miraidon
|-ability|p2a: Calyrex|Chilling Neigh|boost
|-boost|p2a: Calyrex|atk|1
|move|p2b: Farigiraf|Trick Room|p2b: Farigiraf
|-fieldstart|move: Trick Room|[of] p2b: Farigiraf
|
|upkeep
|
|t:|1750836383
|switch|p1b: Groudon|Groudon, L50|100/100
|-weather|SunnyDay|[from] ability: Drought|[of] p1b: Groudon
|turn|2
|
|t:|1750836398
|-terastallize|p1b: Groudon|Fire
|move|p2b: Farigiraf|Helping Hand|p2a: Calyrex
|-singleturn|p2a: Calyrex|Helping Hand|[of] p2b: Farigiraf
|move|p2a: Calyrex|Glacial Lance|p1b: Groudon|[spread] p1a,p1b
|-supereffective|p1a: Noivern
|-resisted|p1b: Groudon
|-damage|p1a: Noivern|0 fnt
|-damage|p1b: Groudon|56/100
|faint|p1a: Noivern
|-ability|p2a: Calyrex|Chilling Neigh|boost
|-boost|p2a: Calyrex|atk|1
|move|p1b: Groudon|Fire Punch|p2a: Calyrex
|-supereffective|p2a: Calyrex
|-damage|p2a: Calyrex|19/100
|
|-weather|SunnyDay|[upkeep]
|-heal|p1b: Groudon|61/100|[from] item: Leftovers
|upkeep
|
|t:|1750836415
|switch|p1a: Iron Moth|Iron Moth, L50|100/100
|-activate|p1a: Iron Moth|ability: Quark Drive
|-start|p1a: Iron Moth|quarkdrivespa
|turn|3
|
|t:|1750836435
|move|p1a: Iron Moth|Protect|p1a: Iron Moth
|-singleturn|p1a: Iron Moth|Protect
|move|p2b: Farigiraf|Foul Play|p1b: Groudon
|-damage|p1b: Groudon|34/100
|move|p2a: Calyrex|High Horsepower|p1b: Groudon
|-supereffective|p1b: Groudon
|-damage|p1b: Groudon|0 fnt
|faint|p1b: Groudon
|-ability|p2a: Calyrex|Chilling Neigh|boost
|-boost|p2a: Calyrex|atk|1
|
|-weather|SunnyDay|[upkeep]
|upkeep
|turn|4
|
|t:|1750836456
|move|p2b: Farigiraf|Psychic|p1a: Iron Moth
|-supereffective|p1a: Iron Moth
|-damage|p1a: Iron Moth|33/100
|move|p2a: Calyrex|High Horsepower|p1a: Iron Moth|[miss]
|-miss|p2a: Calyrex|p1a: Iron Moth
|move|p1a: Iron Moth|Heat Wave|p2a: Calyrex|[spread] p2a,p2b
|-supereffective|p2a: Calyrex
|-damage|p2a: Calyrex|0 fnt
|-damage|p2b: Farigiraf|0 fnt
|faint|p2a: Calyrex
|faint|p2b: Farigiraf
|
|-weather|SunnyDay|[upkeep]
|upkeep
|
|t:|1750836469
|switch|p2b: Miraidon|Miraidon, L50|100/100
|switch|p2a: Ogerpon|Ogerpon-Cornerstone, L50, F|100/100
|-activate|p2b: Miraidon|ability: Hadron Engine
|turn|5
|
|t:|1750836478
|move|p2b: Miraidon|Electro Drift|p1a: Iron Moth
|-damage|p1a: Iron Moth|0 fnt
|faint|p1a: Iron Moth
|-end|p1a: Iron Moth|Quark Drive|[silent]
|
|win|h1472580369
|raw|Donkeep's rating: 1246 &rarr; <strong>1220</strong><br />(-26 for losing)
|raw|h1472580369's rating: 1232 &rarr; <strong>1258</strong><br />(+26 for winning)
|l|☆h1472580369
|player|p2|
|l|☆Donkeep
|player|p1|
