|j|☆LesbianMawile
|j|☆kfjtdhynd
|t:|1750799051
|gametype|doubles
|player|p1|LesbianMawile|rika|1302
|player|p2|kfjtdhynd|170|1304
|teamsize|p1|6
|teamsize|p2|6
|gen|9
|tier|[Gen 9] VGC 2025 Reg I
|rated|
|rule|Species Clause: Limit one of each Pokémon
|rule|Item Clause: Limit 1 of each item
|clearpoke
|poke|p1|Reuniclus, L50, M|
|poke|p1|Indeedee-F, L50, F|
|poke|p1|Calyrex-Ice, L50|
|poke|p1|Incineroar, L50, F|
|poke|p1|Miraidon, L50|
|poke|p1|Whimsicott, L50, F|
|poke|p2|Ursaluna, L50, F|
|poke|p2|Ninetales-Alola, L50, M|
|poke|p2|Lunala, L50|
|poke|p2|Amoonguss, L50, M|
|poke|p2|Incineroar, L50, M|
|poke|p2|Kyurem-White, L50|
|teampreview|4
|inactive|Battle timer is ON: inactive players will automatically lose when time's up. (requested by kfjtdhynd)
|inactive|LesbianMawile has 60 seconds left.
|inactive|kfjtdhynd has 60 seconds left.
|
|t:|1750799102
|start
|switch|p1a: Incineroar|Incineroar, L50, F|100/100
|switch|p1b: Reuniclus|Reuniclus, L50, M, shiny|100/100
|switch|p2a: Lunala|Lunala, L50|100/100
|switch|p2b: Incineroar|Incineroar, L50, M|100/100
|-ability|p2b: Incineroar|Intimidate|boost
|-unboost|p1a: Incineroar|atk|1
|-unboost|p1b: Reuniclus|atk|1
|-ability|p1a: Incineroar|Intimidate|boost
|-unboost|p2a: Lunala|atk|1
|-unboost|p2b: Incineroar|atk|1
|turn|1
|inactive|LesbianMawile has 30 seconds left.
|
|t:|1750799131
|move|p2b: Incineroar|Fake Out|p1b: Reuniclus
|-damage|p1b: Reuniclus|93/100
|move|p1a: Incineroar|Fake Out|p2b: Incineroar
|-damage|p2b: Incineroar|94/100
|move|p2a: Lunala|Meteor Beam||[still]
|-prepare|p2a: Lunala|Meteor Beam
|-boost|p2a: Lunala|spa|1
|-enditem|p2a: Lunala|Power Herb
|-anim|p2a: Lunala|Meteor Beam|p1a: Incineroar
|-supereffective|p1a: Incineroar
|-damage|p1a: Incineroar|3/100
|-enditem|p1a: Incineroar|Sitrus Berry|[eat]
|-heal|p1a: Incineroar|28/100|[from] item: Sitrus Berry
|cant|p1b: Reuniclus|flinch
|
|upkeep
|turn|2
|inactive|LesbianMawile has 30 seconds left.
|
|t:|1750799162
|switch|p1a: Indeedee|Indeedee-F, L50, F|100/100
|-fieldstart|move: Psychic Terrain|[from] ability: Psychic Surge|[of] p1a: Indeedee
|-terastallize|p1b: Reuniclus|Fighting
|move|p2a: Lunala|Moongeist Beam|p1b: Reuniclus
|-damage|p1b: Reuniclus|24/100
|move|p2b: Incineroar|Knock Off|p1b: Reuniclus
|-resisted|p1b: Reuniclus
|-damage|p1b: Reuniclus|11/100
|-enditem|p1b: Reuniclus|Choice Specs|[from] move: Knock Off|[of] p2b: Incineroar
|move|p1b: Reuniclus|Tera Blast|p2b: Incineroar|[anim] Tera Blast Fighting
|-supereffective|p2b: Incineroar
|-crit|p2b: Incineroar
|-damage|p2b: Incineroar|19/100
|
|upkeep
|turn|3
|
|t:|1750799180
|switch|p1b: Incineroar|Incineroar, L50, F|28/100
|-ability|p1b: Incineroar|Intimidate|boost
|-unboost|p2a: Lunala|atk|1
|-unboost|p2b: Incineroar|atk|1
|move|p2a: Lunala|Meteor Beam||[still]
|-prepare|p2a: Lunala|Meteor Beam
|-boost|p2a: Lunala|spa|1
|move|p1a: Indeedee|Dazzling Gleam|p2a: Lunala|[spread] p2a,p2b
|-crit|p2b: Incineroar
|-damage|p2a: Lunala|96/100
|-damage|p2b: Incineroar|9/100
|move|p2b: Incineroar|Snarl|p1a: Indeedee|[spread] p1a,p1b
|-supereffective|p1a: Indeedee
|-resisted|p1b: Incineroar
|-damage|p1a: Indeedee|82/100
|-damage|p1b: Incineroar|24/100
|-unboost|p1a: Indeedee|spa|1
|-unboost|p1b: Incineroar|spa|1
|
|upkeep
|turn|4
|
|t:|1750799202
|switch|p2b: Ursaluna|Ursaluna, L50, F|100/100
|move|p2a: Lunala|Meteor Beam|p1b: Incineroar|[from] lockedmove|[miss]
|-miss|p2a: Lunala|p1b: Incineroar
|move|p1b: Incineroar|Knock Off|p2a: Lunala
|-supereffective|p2a: Lunala
|-damage|p2a: Lunala|21/100
|move|p1a: Indeedee|Trick Room|p1a: Indeedee
|-fieldstart|move: Trick Room|[of] p1a: Indeedee
|
|-status|p2b: Ursaluna|brn|[from] item: Flame Orb
|upkeep
|turn|5
|inactive|kfjtdhynd has 30 seconds left.
|
|t:|1750799231
|move|p2b: Ursaluna|Facade|p1b: Incineroar
|-damage|p1b: Incineroar|0 fnt
|faint|p1b: Incineroar
|move|p1a: Indeedee|Dazzling Gleam|p2b: Ursaluna|[spread] p2a,p2b
|-damage|p2a: Lunala|15/100
|-damage|p2b: Ursaluna|93/100 brn
|move|p2a: Lunala|Trick Room|p2a: Lunala
|-fieldend|move: Trick Room
|
|-damage|p2b: Ursaluna|87/100 brn|[from] brn
|upkeep
|
|t:|1750799243
|switch|p1b: Calyrex|Calyrex-Ice, L50|100/100
|-ability|p1b: Calyrex|As One
|-ability|p1b: Calyrex|Unnerve
|turn|6
|
|t:|1750799255
|move|p1a: Indeedee|Helping Hand|p1b: Calyrex
|-singleturn|p1b: Calyrex|Helping Hand|[of] p1a: Indeedee
|move|p2a: Lunala|Wide Guard|p2a: Lunala
|-singleturn|p2a: Lunala|Wide Guard
|move|p2b: Ursaluna|Facade|p1a: Indeedee
|-damage|p1a: Indeedee|0 fnt
|faint|p1a: Indeedee
|move|p1b: Calyrex|Glacial Lance|p2b: Ursaluna|[spread] 
|-activate|p2a: Lunala|move: Wide Guard
|-activate|p2b: Ursaluna|move: Wide Guard
|
|-damage|p2b: Ursaluna|81/100 brn|[from] brn
|-fieldend|move: Psychic Terrain
|upkeep
|
|t:|1750799259
|switch|p1a: Reuniclus|Reuniclus, L50, M, shiny, tera:Fighting|44/100
|turn|7
|
|t:|1750799273
|-terastallize|p2b: Ursaluna|Ghost
|move|p2a: Lunala|Moongeist Beam|p1b: Calyrex
|-supereffective|p1b: Calyrex
|-damage|p1b: Calyrex|0 fnt
|faint|p1b: Calyrex
|move|p2b: Ursaluna|Facade|p1a: Reuniclus
|-damage|p1a: Reuniclus|0 fnt
|faint|p1a: Reuniclus
|
|win|kfjtdhynd
|raw|LesbianMawile's rating: 1302 &rarr; <strong>1282</strong><br />(-20 for losing)
|raw|kfjtdhynd's rating: 1304 &rarr; <strong>1324</strong><br />(+20 for winning)
|l|☆kfjtdhynd
|player|p2|
|l|☆LesbianMawile
|player|p1|
