|j|☆i_epix
|j|☆KogaJunior23
|t:|1750853884
|gametype|doubles
|player|p1|i_epix|169|1423
|player|p2|KogaJunior23|koga|1466
|teamsize|p1|6
|teamsize|p2|6
|gen|9
|tier|[Gen 9] VGC 2025 Reg I
|rated|
|rule|Species Clause: Limit one of each Pokémon
|rule|Item Clause: Limit 1 of each item
|clearpoke
|poke|p1|Iron Boulder, L50|
|poke|p1|Miraidon, L50|
|poke|p1|Ho-Oh, L50|
|poke|p1|Whimsicott, L50, F|
|poke|p1|Urshifu-*, L50, F|
|poke|p1|Ogerpon-Wellspring, L50, F|
|poke|p2|Kyogre, L50|
|poke|p2|Zacian-*, L50|
|poke|p2|Beartic, L50, M|
|poke|p2|Amoonguss, L50, M|
|poke|p2|Tornadus, L50, M|
|poke|p2|Landorus, L50, M|
|teampreview|4
|inactive|Battle timer is ON: inactive players will automatically lose when time's up. (requested by i_epix)
|inactive|KogaJunior23 has 60 seconds left.
|
|t:|1750853916
|start
|switch|p1a: Whimsicott|Whimsicott, L50, F|100/100
|switch|p1b: Miraidon|Miraidon, L50|100/100
|switch|p2a: Tornadus|Tornadus, L50, M|100/100
|switch|p2b: Zacian|Zacian-Crowned, L50|100/100
|-ability|p2b: Zacian|Intrepid Sword|boost
|-boost|p2b: Zacian|atk|1
|-fieldstart|move: Electric Terrain|[from] ability: Hadron Engine|[of] p1b: Miraidon
|turn|1
|
|t:|1750853932
|-terastallize|p1b: Miraidon|Electric
|-terastallize|p2a: Tornadus|Dark
|move|p1a: Whimsicott|Tailwind|p1a: Whimsicott
|-sidestart|p1: i_epix|move: Tailwind
|move|p2a: Tornadus|Tailwind|p2a: Tornadus
|-sidestart|p2: KogaJunior23|move: Tailwind
|move|p2b: Zacian|Play Rough|p1b: Miraidon
|-damage|p1b: Miraidon|35/100
|move|p1b: Miraidon|Volt Switch|p2b: Zacian
|-damage|p2b: Zacian|11/100
|
|t:|1750853949
|switch|p1b: Ho-Oh|Ho-Oh, L50|100/100|[from] Volt Switch
|
|upkeep
|turn|2
|
|t:|1750853964
|switch|p2b: Kyogre|Kyogre, L50|100/100
|-weather|RainDance|[from] ability: Drizzle|[of] p2b: Kyogre
|move|p1a: Whimsicott|Moonblast|p2b: Kyogre
|-damage|p2b: Kyogre|84/100
|-unboost|p2b: Kyogre|spa|1
|move|p2a: Tornadus|Bleakwind Storm|p1b: Ho-Oh|[spread] p1a,p1b
|-supereffective|p1a: Whimsicott
|-damage|p1a: Whimsicott|12/100
|-damage|p1b: Ho-Oh|81/100
|move|p1b: Ho-Oh|Sacred Fire|p2a: Tornadus
|-damage|p2a: Tornadus|76/100
|
|-weather|RainDance|[upkeep]
|-heal|p1b: Ho-Oh|87/100|[from] item: Leftovers
|upkeep
|turn|3
|
|t:|1750853989
|move|p1b: Ho-Oh|Protect|p1b: Ho-Oh
|-singleturn|p1b: Ho-Oh|Protect
|move|p2a: Tornadus|Taunt|p1a: Whimsicott
|-start|p1a: Whimsicott|move: Taunt
|move|p1a: Whimsicott|Moonblast|p2a: Tornadus
|-supereffective|p2a: Tornadus
|-damage|p2a: Tornadus|15/100
|move|p2b: Kyogre|Origin Pulse|p1b: Ho-Oh|[spread] p1a
|-activate|p1b: Ho-Oh|move: Protect
|-resisted|p1a: Whimsicott
|-damage|p1a: Whimsicott|0 fnt
|faint|p1a: Whimsicott
|
|-weather|RainDance|[upkeep]
|-heal|p1b: Ho-Oh|93/100|[from] item: Leftovers
|upkeep
|
|t:|1750854001
|switch|p1a: Miraidon|Miraidon, L50, tera:Electric|35/100
|-activate|p1a: Miraidon|ability: Hadron Engine
|turn|4
|inactive|i_epix has 30 seconds left.
|
|t:|1750854028
|switch|p2a: Amoonguss|Amoonguss, L50, M|100/100
|switch|p1b: Ogerpon|Ogerpon-Wellspring, L50, F|100/100
|move|p2b: Kyogre|Protect|p2b: Kyogre
|-singleturn|p2b: Kyogre|Protect
|move|p1a: Miraidon|Electro Drift|p2a: Amoonguss
|-resisted|p2a: Amoonguss
|-damage|p2a: Amoonguss|52/100
|
|-weather|RainDance|[upkeep]
|-sideend|p1: i_epix|move: Tailwind
|-sideend|p2: KogaJunior23|move: Tailwind
|upkeep
|turn|5
|inactive|i_epix has 30 seconds left.
|
|t:|1750854058
|move|p2a: Amoonguss|Rage Powder|p2a: Amoonguss
|-singleturn|p2a: Amoonguss|move: Rage Powder
|move|p1b: Ogerpon|Ivy Cudgel|p2a: Amoonguss|[anim] Ivy Cudgel Water
|-resisted|p2a: Amoonguss
|-damage|p2a: Amoonguss|11/100
|-enditem|p2a: Amoonguss|Sitrus Berry|[eat]
|-heal|p2a: Amoonguss|36/100|[from] item: Sitrus Berry
|move|p1a: Miraidon|Electro Drift|p2a: Amoonguss
|-resisted|p2a: Amoonguss
|-damage|p2a: Amoonguss|0 fnt
|faint|p2a: Amoonguss
|move|p2b: Kyogre|Origin Pulse|p1b: Ogerpon|[spread] p1a
|-immune|p1b: Ogerpon|[from] ability: Water Absorb
|-damage|p1a: Miraidon|0 fnt
|faint|p1a: Miraidon
|
|-weather|RainDance|[upkeep]
|-fieldend|move: Electric Terrain
|upkeep
|
|t:|1750854075
|switch|p1a: Ho-Oh|Ho-Oh, L50|100/100
|switch|p2a: Tornadus|Tornadus, L50, M, tera:Dark|15/100
|turn|6
|
|t:|1750854085
|move|p1a: Ho-Oh|Protect|p1a: Ho-Oh
|-singleturn|p1a: Ho-Oh|Protect
|move|p2b: Kyogre|Protect|p2b: Kyogre
|-singleturn|p2b: Kyogre|Protect
|move|p2a: Tornadus|Tailwind|p2a: Tornadus
|-sidestart|p2: KogaJunior23|move: Tailwind
|move|p1b: Ogerpon|Horn Leech|p2b: Kyogre
|-activate|p2b: Kyogre|move: Protect
|
|-weather|none
|upkeep
|turn|7
|inactive|KogaJunior23 has 30 seconds left.
|
|t:|1750854117
|switch|p2b: Zacian|Zacian-Crowned, L50|11/100
|move|p2a: Tornadus|Bleakwind Storm|p1b: Ogerpon|[spread] p1a,p1b
|-supereffective|p1b: Ogerpon
|-damage|p1a: Ho-Oh|79/100
|-damage|p1b: Ogerpon|26/100
|-unboost|p1b: Ogerpon|spe|1
|move|p1a: Ho-Oh|Brave Bird|p2a: Tornadus
|-damage|p2a: Tornadus|0 fnt
|faint|p2a: Tornadus
|-damage|p1a: Ho-Oh|74/100|[from] Recoil
|move|p1b: Ogerpon|Horn Leech|p2b: Zacian
|-resisted|p2b: Zacian
|-damage|p2b: Zacian|0 fnt
|-heal|p1b: Ogerpon|30/100|[from] drain|[of] p2b: Zacian
|faint|p2b: Zacian
|
|-heal|p1a: Ho-Oh|80/100|[from] item: Leftovers
|upkeep
|
|t:|1750854133
|switch|p2b: Kyogre|Kyogre, L50|84/100
|-weather|RainDance|[from] ability: Drizzle|[of] p2b: Kyogre
|turn|8
|
|t:|1750854151
|move|p1a: Ho-Oh|Helping Hand|p1b: Ogerpon
|-singleturn|p1b: Ogerpon|Helping Hand|[of] p1a: Ho-Oh
|move|p2b: Kyogre|Ice Beam|p1b: Ogerpon
|-damage|p1b: Ogerpon|0 fnt
|faint|p1b: Ogerpon
|
|-weather|RainDance|[upkeep]
|-heal|p1a: Ho-Oh|86/100|[from] item: Leftovers
|upkeep
|turn|9
|
|t:|1750854160
|move|p2b: Kyogre|Water Spout|p1a: Ho-Oh
|-supereffective|p1a: Ho-Oh
|-damage|p1a: Ho-Oh|0 fnt
|faint|p1a: Ho-Oh
|
|win|KogaJunior23
|raw|i_epix's rating: 1423 &rarr; <strong>1405</strong><br />(-18 for losing)
|raw|KogaJunior23's rating: 1466 &rarr; <strong>1484</strong><br />(+18 for winning)
|l|☆i_epix
|player|p1|
|l|☆KogaJunior23
|player|p2|
