|j|☆TheRealKaige
|j|☆sadboygfx
|html|<table width="100%"><tr><td align="left">TheRealKaige</td><td align="right">sadboygfx</tr><tr><td align="left"><i class="fa fa-circle-o"></i> <i class="fa fa-circle-o"></i> </td><td align="right"><i class="fa fa-circle-o"></i> <i class="fa fa-circle-o"></i> </tr></table>
|uhtml|bestof|<h2><strong>Game 1</strong> of <a href="/game-bestof3-gen9vgc2025regi-2391162656">a best-of-3</a></h2>
|t:|1750810422
|gametype|doubles
|player|p1|TheRealKaige|baoba|
|player|p2|sadboygfx|morty-gen2|
|teamsize|p1|6
|teamsize|p2|6
|gen|9
|tier|[Gen 9] VGC 2025 Reg I
|rule|Species Clause: Limit one of each Pokémon
|rule|Item Clause: Limit 1 of each item
|raw|<div class="infobox"><details class="readmore" open><summary><strong>1 custom rule:</strong></summary> Best of = 3</details></div>
|clearpoke
|poke|p1|Rillaboom, L50, F|
|poke|p1|Sneasler, L50, M|
|poke|p1|Clefable, L50, M|
|poke|p1|Arcanine-Hisui, L50, M|
|poke|p1|Milotic, L50, F|
|poke|p1|Zoroark-Hisui, L50, M|
|poke|p2|Incineroar, L50, M|
|poke|p2|Kommo-o, L50, F|
|poke|p2|Toxtricity, L50, F|
|poke|p2|Volcarona, L50, F|
|poke|p2|Clefairy, L50, F|
|poke|p2|Azelf, L50|
|teampreview|4
|c|☆TheRealKaige|glhf!
|j| sparc99
|j| mjs_12
|j| ThePrincessAquos
|c| sparc99|glhf goats
|l| ThePrincessAquos
|j| Meletadi
|j| Pankocrust
|c| Pankocrust|hello
|c| Pankocrust|lfg
|
|t:|1750810815
|start
|switch|p1a: 5BIGBOOMS|Rillaboom, L50, F, shiny|100/100
|switch|p1b: Allergies|Sneasler, L50, M, shiny|100/100
|switch|p2a: Finale|Volcarona, L50, F|100/100
|switch|p2b: Conclusion|Azelf, L50|100/100
|-fieldstart|move: Grassy Terrain|[from] ability: Grassy Surge|[of] p1a: 5BIGBOOMS
|turn|1
|j| clumbucket
|
|t:|1750811010
|move|p1b: Allergies|Fake Out|p2a: Finale
|-damage|p2a: Finale|85/100
|move|p2b: Conclusion|Ally Switch|p2b: Conclusion
|swap|p2b: Conclusion|0|[from] move: Ally Switch
|move|p2b: Finale|Heat Wave|p1b: Allergies|[spread] p1a,p1b
|-supereffective|p1a: 5BIGBOOMS
|-damage|p1a: 5BIGBOOMS|53/100
|-damage|p1b: Allergies|58/100
|move|p1a: 5BIGBOOMS|U-turn|p2b: Finale
|-resisted|p2b: Finale
|-damage|p2b: Finale|74/100
|c|☆sadboygfx|sorry for so long on turns again outside forces are at play in my house lmao
|c|☆TheRealKaige|oh brother no worries. I'm stuffing my face with pasta
|c|☆TheRealKaige|(rigotoni)
|c| Pankocrust|sounds so awesome
|c| clumbucket|⬛⬛⬛⬛⬛⬛⬛⬛⬛
|c| clumbucket|⬛⬛⬜⬜⬜⬜⬜⬜⬜⬜⬜⬛⬛
|c| clumbucket|⬛⬜⬜⬜⬜⬜⬜⬜⬜⬜⬜⬜⬜⬜⬛
|c| clumbucket|⬛⬜⬜⬜⬜⬜⬜⬜⬜⬜⬜⬜⬜⬜⬛
|c|☆TheRealKaige|here it comes
|c| clumbucket|you ruined it
|c|☆TheRealKaige|blame sage
|c| clumbucket|it's your fault kaige
|c| sparc99|i could go for pasta
|
|t:|1750811244
|switch|p1a: Moonlighter|Clefable, L50, M|100/100|[from] U-turn
|
|-heal|p1b: Allergies|64/100|[from] Grassy Terrain
|-heal|p2b: Finale|80/100|[from] Grassy Terrain
|upkeep
|turn|2
|j| the octillion
|c| the octillion|i aint done shit
|c| clumbucket|dq kaige
|c| Pankocrust|what flavors/ingredients in the pasta?
|
|t:|1750811372
|move|p2b: Finale|Protect|p2b: Finale
|-singleturn|p2b: Finale|Protect
|move|p1a: Moonlighter|Protect|p1a: Moonlighter
|-singleturn|p1a: Moonlighter|Protect
|move|p2a: Conclusion|Psychic|p1b: Allergies
|-supereffective|p1b: Allergies
|-crit|p1b: Allergies
|-damage|p1b: Allergies|0 fnt
|faint|p1b: Allergies
|
|-heal|p2b: Finale|86/100|[from] Grassy Terrain
|upkeep
|
|t:|1750811391
|switch|p1b: Torchwood|Arcanine-Hisui, L50, M|100/100
|-ability|p1b: Torchwood|Intimidate|boost
|-unboost|p2a: Conclusion|atk|1
|-unboost|p2b: Finale|atk|1
|turn|3
|c| the octillion|heathen cooked teriyaki chicken then put it on top of his tomato sauce pasta
|c| Pankocrust|jesus
|c| the octillion|I however went with truffle butter & lemon
|c| Pankocrust|i'm legitimately sorry i asked
|c|☆TheRealKaige|There isnt a single thing that doesn't go with tomato sauce
|c|☆TheRealKaige|Prove me wrong
|c|☆sadboygfx|tomato
|c| the octillion|teriyaki chicken
|
|t:|1750811527
|-terastallize|p2b: Finale|Ground
|move|p2a: Conclusion|Psychic|p1b: Torchwood
|-damage|p1b: Torchwood|48/100
|move|p1b: Torchwood|Rock Slide|p2a: Conclusion|[spread] p2a,p2b
|-resisted|p2b: Finale
|-damage|p2a: Conclusion|46/100
|-damage|p2b: Finale|70/100
|-damage|p1b: Torchwood|39/100|[from] item: Life Orb
|move|p2b: Finale|Tera Blast|p1b: Torchwood|[anim] Tera Blast Ground
|-supereffective|p1b: Torchwood
|-damage|p1b: Torchwood|0 fnt
|faint|p1b: Torchwood
|move|p1a: Moonlighter|Life Dew||[still]
|-fail|p1a: Moonlighter|heal
|
|-heal|p2b: Finale|75/100|[from] Grassy Terrain
|upkeep
|c| the octillion|cannot believe sentret isnt here
|
|t:|1750811547
|switch|p1b: 5BIGBOOMS|Rillaboom, L50, F, shiny|53/100
|turn|4
|
|t:|1750811668
|-terastallize|p1b: 5BIGBOOMS|Water
|move|p2a: Conclusion|Ally Switch|p2a: Conclusion
|swap|p2a: Conclusion|1|[from] move: Ally Switch
|move|p1b: 5BIGBOOMS|Grassy Glide|p2b: Conclusion
|-damage|p2b: Conclusion|0 fnt
|faint|p2b: Conclusion
|move|p2a: Finale|Heat Wave|p1b: 5BIGBOOMS|[spread] p1b
|-miss|p2a: Finale|p1a: Moonlighter
|-resisted|p1b: 5BIGBOOMS
|-damage|p1b: 5BIGBOOMS|43/100
|move|p1a: Moonlighter|Life Dew||[still]|[spread] p1a,p1b
|-fail|p1a: Moonlighter|heal
|-heal|p1b: 5BIGBOOMS|68/100
|
|-heal|p2a: Finale|81/100|[from] Grassy Terrain
|-heal|p1b: 5BIGBOOMS|73/100|[from] Grassy Terrain
|upkeep
|
|t:|1750811730
|switch|p2b: The End|Incineroar, L50, M|100/100
|-ability|p2b: The End|Intimidate|boost
|-unboost|p1a: Moonlighter|atk|1
|-unboost|p1b: 5BIGBOOMS|atk|1
|turn|5
|l| the octillion
|j| the octillion
|
|t:|1750811862
|move|p2b: The End|Fake Out|p1b: 5BIGBOOMS
|-damage|p1b: 5BIGBOOMS|64/100
|cant|p1b: 5BIGBOOMS|flinch
|move|p2a: Finale|Giga Drain|p1b: 5BIGBOOMS
|-supereffective|p1b: 5BIGBOOMS
|-damage|p1b: 5BIGBOOMS|24/100
|-heal|p2a: Finale|100/100|[from] drain|[of] p1b: 5BIGBOOMS
|move|p1a: Moonlighter|Moonblast|p2b: The End
|-damage|p2b: The End|81/100
|
|-heal|p1b: 5BIGBOOMS|30/100|[from] Grassy Terrain
|-heal|p2b: The End|87/100|[from] Grassy Terrain
|-fieldend|move: Grassy Terrain
|upkeep
|turn|6
|c|☆TheRealKaige|good naming choice lol just noticed
|l| the octillion
|
|t:|1750812063
|move|p2a: Finale|Giga Drain|p1b: 5BIGBOOMS
|-supereffective|p1b: 5BIGBOOMS
|-damage|p1b: 5BIGBOOMS|0 fnt
|faint|p1b: 5BIGBOOMS
|move|p2b: The End|Flare Blitz|p1a: Moonlighter
|-damage|p1a: Moonlighter|46/100
|-damage|p2b: The End|69/100|[from] Recoil
|move|p1a: Moonlighter|Life Dew|p1a: Moonlighter
|-heal|p1a: Moonlighter|71/100
|
|-heal|p1a: Moonlighter|77/100|[from] item: Leftovers
|upkeep
|turn|7
|
|t:|1750812133
|move|p2a: Finale|Tera Blast|p1a: Moonlighter|[anim] Tera Blast Ground
|-damage|p1a: Moonlighter|47/100
|move|p2b: The End|Flare Blitz|p1a: Moonlighter
|-damage|p1a: Moonlighter|0 fnt
|faint|p1a: Moonlighter
|-damage|p2b: The End|53/100|[from] Recoil
|
|win|sadboygfx
||sadboygfx is ready for game 2.
|c|☆TheRealKaige|ggs
|inactive|TheRealKaige has 30 seconds to confirm battle start!
|inactive|TheRealKaige has 20 seconds to confirm battle start!
||TheRealKaige is ready for game 2.
|uhtml|next|Next: <a href="/battle-gen9vgc2025regi-2391175569"><strong>Game 2 of 3</strong></a>
|j| the octillion
|l| the octillion
|j| the octillion
|l| the octillion
|l| clumbucket
|l| sparc99
|l| Meletadi
