|j|‽Charmilleon
|j|☆paulymcel
|t:|1750708983
|gametype|doubles
|player|p1|Charmilleon|266|1126
|player|p2|paulymcel|169|1086
|teamsize|p1|6
|teamsize|p2|6
|gen|9
|tier|[Gen 9] VGC 2025 Reg I
|rated|
|rule|Species Clause: Limit one of each Pokémon
|rule|Item Clause: Limit 1 of each item
|clearpoke
|poke|p1|Calyrex-Shadow, L50|
|poke|p1|Chi-Yu, L50|
|poke|p1|Masquerain, L50, F|
|poke|p1|Miraidon, L50|
|poke|p1|Raichu-Alola, L50, M|
|poke|p1|Urshifu-*, L50, M|
|poke|p2|Tornadus, L50, M|
|poke|p2|Raging Bolt, L50|
|poke|p2|Ursaluna-Bloodmoon, L50, M|
|poke|p2|Koraidon, L50|
|poke|p2|Urshifu-*, L50, F|
|poke|p2|Calyrex-Ice, L50|
|teampreview|4
|
|t:|1750708999
|start
|switch|p1a: Masquerain|Masquerain, L50, F|100/100
|switch|p1b: Raichu|Raichu-Alola, L50, M|100/100
|switch|p2a: Tornadus|Tornadus, L50, M|100/100
|switch|p2b: Ursaluna|Ursaluna-Bloodmoon, L50, M|100/100
|-ability|p1a: Masquerain|Intimidate|boost
|-unboost|p2a: Tornadus|atk|1
|-unboost|p2b: Ursaluna|atk|1
|turn|1
|
|t:|1750709035
|move|p1b: Raichu|Fake Out|p2b: Ursaluna
|-damage|p2b: Ursaluna|94/100
|move|p2a: Tornadus|Tailwind|p2a: Tornadus
|-sidestart|p2: paulymcel|move: Tailwind
|cant|p2b: Ursaluna|flinch
|move|p1a: Masquerain|Soak|p2b: Ursaluna
|-start|p2b: Ursaluna|typechange|Water
|
|upkeep
|turn|2
|
|t:|1750709049
|switch|p1a: Miraidon|Miraidon, L50|100/100
|-fieldstart|move: Electric Terrain|[from] ability: Hadron Engine|[of] p1a: Miraidon
|move|p2a: Tornadus|Bleakwind Storm|p1a: Miraidon|[spread] p1a,p1b
|-resisted|p1a: Miraidon
|-resisted|p1b: Raichu
|-damage|p1a: Miraidon|87/100
|-damage|p1b: Raichu|78/100
|move|p1b: Raichu|Nuzzle|p2b: Ursaluna
|-supereffective|p2b: Ursaluna
|-damage|p2b: Ursaluna|81/100
|-status|p2b: Ursaluna|par
|move|p2b: Ursaluna|Hyper Voice|p1b: Raichu|[spread] p1a,p1b
|-damage|p1a: Miraidon|52/100
|-damage|p1b: Raichu|20/100
|
|upkeep
|turn|3
|
|t:|1750709089
|move|p2a: Tornadus|Bleakwind Storm|p1a: Miraidon|[spread] p1b
|-miss|p2a: Tornadus|p1a: Miraidon
|-resisted|p1b: Raichu
|-damage|p1b: Raichu|0 fnt
|faint|p1b: Raichu
|move|p1a: Miraidon|Discharge|p2b: Ursaluna|[spread] p2a,p2b
|-supereffective|p2a: Tornadus
|-supereffective|p2b: Ursaluna
|-enditem|p2a: Tornadus|Focus Sash
|-damage|p2a: Tornadus|1/100
|-damage|p2b: Ursaluna|0 fnt
|faint|p2b: Ursaluna
|
|upkeep
|
|t:|1750709107
|switch|p1b: Masquerain|Masquerain, L50, F|100/100
|switch|p2b: Koraidon|Koraidon, L50|100/100
|-weather|SunnyDay|[from] ability: Orichalcum Pulse|[of] p2b: Koraidon
|-activate|p2b: Koraidon|Orichalcum Pulse|[source]
|-ability|p1b: Masquerain|Intimidate|boost
|-unboost|p2a: Tornadus|atk|1
|-unboost|p2b: Koraidon|atk|1
|turn|4
|
|t:|1750709127
|-terastallize|p2b: Koraidon|Fighting
|-terastallize|p1b: Masquerain|Ground
|move|p1a: Miraidon|Protect|p1a: Miraidon
|-singleturn|p1a: Miraidon|Protect
|move|p2a: Tornadus|Knock Off|p1a: Miraidon
|-activate|p1a: Miraidon|move: Protect
|move|p2b: Koraidon|Close Combat|p1a: Miraidon
|-activate|p1a: Miraidon|move: Protect
|move|p1b: Masquerain|Tailwind|p1b: Masquerain
|-sidestart|p1: Charmilleon|move: Tailwind
|
|-weather|SunnyDay|[upkeep]
|-sideend|p2: paulymcel|move: Tailwind
|upkeep
|turn|5
|
|t:|1750709146
|move|p1b: Masquerain|Helping Hand|p1a: Miraidon
|-singleturn|p1a: Miraidon|Helping Hand|[of] p1b: Masquerain
|move|p2a: Tornadus|Tailwind|p2a: Tornadus
|-sidestart|p2: paulymcel|move: Tailwind
|move|p1a: Miraidon|Discharge|p2a: Tornadus|[spread] p2a,p2b
|-immune|p1b: Masquerain
|-supereffective|p2a: Tornadus
|-damage|p2a: Tornadus|0 fnt
|-damage|p2b: Koraidon|3/100
|faint|p2a: Tornadus
|move|p2b: Koraidon|Close Combat|p1a: Miraidon
|-damage|p1a: Miraidon|0 fnt
|-unboost|p2b: Koraidon|def|1
|-unboost|p2b: Koraidon|spd|1
|faint|p1a: Miraidon
|-damage|p2b: Koraidon|0 fnt|[from] item: Life Orb
|faint|p2b: Koraidon
|
|-weather|SunnyDay|[upkeep]
|upkeep
|
|t:|1750709167
|switch|p1a: Calyrex|Calyrex-Shadow, L50|100/100
|switch|p2b: Calyrex|Calyrex-Ice, L50|100/100
|-ability|p1a: Calyrex|As One
|-ability|p1a: Calyrex|Unnerve
|-ability|p2b: Calyrex|As One
|-ability|p2b: Calyrex|Unnerve
|turn|6
|
|t:|1750709181
|move|p1b: Masquerain|Helping Hand|p1a: Calyrex
|-singleturn|p1a: Calyrex|Helping Hand|[of] p1b: Masquerain
|move|p2b: Calyrex|Protect|p2b: Calyrex
|-singleturn|p2b: Calyrex|Protect
|move|p1a: Calyrex|Astral Barrage|p2b: Calyrex
|-activate|p2b: Calyrex|move: Protect
|
|-weather|SunnyDay|[upkeep]
|-fieldend|move: Electric Terrain
|upkeep
|turn|7
|
|t:|1750709195
|move|p1b: Masquerain|Helping Hand|p1a: Calyrex
|-singleturn|p1a: Calyrex|Helping Hand|[of] p1b: Masquerain
|move|p1a: Calyrex|Astral Barrage|p2b: Calyrex
|-supereffective|p2b: Calyrex
|-damage|p2b: Calyrex|0 fnt
|faint|p2b: Calyrex
|
|win|Charmilleon
|raw|Charmilleon's rating: 1126 &rarr; <strong>1148</strong><br />(+22 for winning)
|raw|paulymcel's rating: 1086 &rarr; <strong>1066</strong><br />(-20 for losing)
|l|‽Charmilleon
|player|p1|
