|j|☆KDR-Alt-711
|j|☆SolVGC14
|t:|1750879187
|gametype|doubles
|player|p1|KDR-Alt-711|1|1522
|player|p2|SolVGC14|hilbert|1506
|teamsize|p1|6
|teamsize|p2|6
|gen|9
|tier|[Gen 9] VGC 2025 Reg I
|rated|
|rule|Species Clause: Limit one of each Pokémon
|rule|Item Clause: Limit 1 of each item
|clearpoke
|poke|p1|Lunala, L50|
|poke|p1|Entei, L50|
|poke|p1|Groudon, L50|
|poke|p1|Lilligant-Hisui, L50, F|
|poke|p1|Flutter Mane, L50|
|poke|p1|Ursaluna, L50, M|
|poke|p2|Iron Bundle, L50|
|poke|p2|Miraidon, L50|
|poke|p2|Incineroar, L50, M|
|poke|p2|Zacian-*, L50|
|poke|p2|Araquanid, L50, F|
|poke|p2|Zoroark-Hisui, L50, M|
|teampreview|4
|inactive|Battle timer is ON: inactive players will automatically lose when time's up. (requested by KDR-Alt-711)
|
|t:|1750879220
|start
|switch|p1a: Groudon|Groudon, L50, shiny|100/100
|switch|p1b: Lilligant|Lilligant-Hisui, L50, F, shiny|100/100
|switch|p2a: Iron Bundle|Iron Bundle, L50|100/100
|switch|p2b: Miraidon|Miraidon, L50|100/100
|-fieldstart|move: Electric Terrain|[from] ability: Hadron Engine|[of] p2b: Miraidon
|-activate|p2a: Iron Bundle|ability: Quark Drive
|-start|p2a: Iron Bundle|quarkdrivespe
|-weather|SunnyDay|[from] ability: Drought|[of] p1a: Groudon
|turn|1
|
|t:|1750879234
|switch|p2b: Araquanid|Araquanid, L50, F|100/100
|move|p1a: Groudon|Protect|p1a: Groudon
|-singleturn|p1a: Groudon|Protect
|move|p1b: Lilligant|Close Combat|p2a: Iron Bundle
|-supereffective|p2a: Iron Bundle
|-enditem|p2a: Iron Bundle|Focus Sash
|-damage|p2a: Iron Bundle|1/100
|-unboost|p1b: Lilligant|def|1
|-unboost|p1b: Lilligant|spd|1
|move|p2a: Iron Bundle|Icy Wind|p1a: Groudon|[spread] p1b
|-activate|p1a: Groudon|move: Protect
|-supereffective|p1b: Lilligant
|-damage|p1b: Lilligant|4/100
|-unboost|p1b: Lilligant|spe|1
|
|-weather|SunnyDay|[upkeep]
|upkeep
|turn|2
|
|t:|1750879257
|switch|p1b: Lunala|Lunala, L50, shiny|100/100
|move|p2a: Iron Bundle|Icy Wind|p1b: Lunala|[spread] p1a,p1b
|-supereffective|p1a: Groudon
|-damage|p1a: Groudon|65/100
|-damage|p1b: Lunala|93/100
|-unboost|p1b: Lunala|spe|1
|move|p1a: Groudon|Heat Crash|p2b: Araquanid
|-damage|p2b: Araquanid|62/100
|move|p2b: Araquanid|Liquidation|p1a: Groudon
|-supereffective|p1a: Groudon
|-damage|p1a: Groudon|23/100
|
|-weather|SunnyDay|[upkeep]
|upkeep
|turn|3
|
|t:|1750879273
|-terastallize|p1a: Groudon|Fire
|move|p2a: Iron Bundle|Icy Wind|p1b: Lunala|[spread] p1a,p1b
|-resisted|p1a: Groudon
|-damage|p1a: Groudon|15/100
|-damage|p1b: Lunala|80/100
|-unboost|p1b: Lunala|spe|1
|move|p1a: Groudon|Heat Crash|p2b: Araquanid
|-damage|p2b: Araquanid|8/100
|move|p2b: Araquanid|Leech Life|p1b: Lunala
|-damage|p1b: Lunala|58/100
|-heal|p2b: Araquanid|23/100|[from] drain|[of] p1b: Lunala
|move|p1b: Lunala|Trick Room|p1b: Lunala
|-fieldstart|move: Trick Room|[of] p1b: Lunala
|
|-weather|SunnyDay|[upkeep]
|upkeep
|turn|4
|inactive|KDR-Alt-711 has 30 seconds left.
|inactive|SolVGC14 has 30 seconds left.
|inactive|KDR-Alt-711 has 20 seconds left.
|
|t:|1750879309
|move|p1a: Groudon|Protect|p1a: Groudon
|-singleturn|p1a: Groudon|Protect
|move|p2b: Araquanid|Liquidation|p1a: Groudon
|-activate|p1a: Groudon|move: Protect
|move|p1b: Lunala|Moongeist Beam|p2b: Araquanid
|-damage|p2b: Araquanid|0 fnt
|faint|p2b: Araquanid
|move|p2a: Iron Bundle|Freeze-Dry|p1b: Lunala
|-damage|p1b: Lunala|35/100
|
|-weather|SunnyDay|[upkeep]
|upkeep
|
|t:|1750879318
|switch|p2b: Miraidon|Miraidon, L50|100/100
|-activate|p2b: Miraidon|ability: Hadron Engine
|turn|5
|
|t:|1750879329
|-terastallize|p2b: Miraidon|Fairy
|move|p2a: Iron Bundle|Protect|p2a: Iron Bundle
|-singleturn|p2a: Iron Bundle|Protect
|move|p1b: Lunala|Moongeist Beam|p2b: Miraidon
|-damage|p2b: Miraidon|72/100
|move|p1a: Groudon|Precipice Blades|p2a: Iron Bundle|[spread] p2b
|-activate|p2a: Iron Bundle|move: Protect
|-damage|p2b: Miraidon|32/100
|move|p2b: Miraidon|Snarl|p1b: Lunala|[spread] p1a
|-miss|p2b: Miraidon|p1b: Lunala
|-damage|p1a: Groudon|0 fnt
|faint|p1a: Groudon
|
|-weather|none
|-fieldend|move: Electric Terrain
|-end|p2a: Iron Bundle|Quark Drive
|upkeep
|
|t:|1750879346
|switch|p1a: Flutter Mane|Flutter Mane, L50, shiny|100/100
|turn|6
|
|t:|1750879358
|move|p1b: Lunala|Moongeist Beam|p2b: Miraidon
|-damage|p2b: Miraidon|3/100
|move|p2b: Miraidon|Snarl|p1a: Flutter Mane|[spread] p1a,p1b
|-crit|p1a: Flutter Mane
|-supereffective|p1b: Lunala
|-damage|p1a: Flutter Mane|77/100
|-damage|p1b: Lunala|0 fnt
|-unboost|p1a: Flutter Mane|spa|1
|faint|p1b: Lunala
|move|p1a: Flutter Mane|Dazzling Gleam|p2b: Miraidon|[spread] p2a,p2b
|-damage|p2a: Iron Bundle|0 fnt
|-damage|p2b: Miraidon|0 fnt
|faint|p2a: Iron Bundle
|-end|p2a: Iron Bundle|Quark Drive|[silent]
|faint|p2b: Miraidon
|
|upkeep
|
|t:|1750879371
|switch|p1b: Lilligant|Lilligant-Hisui, L50, F, shiny|4/100
|switch|p2b: Zacian|Zacian-Crowned, L50|100/100
|-ability|p2b: Zacian|Intrepid Sword|boost
|-boost|p2b: Zacian|atk|1
|turn|7
|
|t:|1750879377
|move|p2b: Zacian|Protect|p2b: Zacian
|-singleturn|p2b: Zacian|Protect
|move|p1b: Lilligant|Sleep Powder|p2b: Zacian
|-activate|p2b: Zacian|move: Protect
|move|p1a: Flutter Mane|Dazzling Gleam|p2b: Zacian
|-activate|p2b: Zacian|move: Protect
|
|-fieldend|move: Trick Room
|upkeep
|turn|8
|
|t:|1750879382
|move|p2b: Zacian|Behemoth Blade|p1b: Lilligant
|-damage|p1b: Lilligant|0 fnt
|faint|p1b: Lilligant
|move|p1a: Flutter Mane|Dazzling Gleam|p2b: Zacian
|-resisted|p2b: Zacian
|-damage|p2b: Zacian|81/100
|
|upkeep
|turn|9
|-message|KDR-Alt-711 forfeited.
|
|win|SolVGC14
|raw|KDR-Alt-711's rating: 1522 &rarr; <strong>1501</strong><br />(-21 for losing)
|raw|SolVGC14's rating: 1506 &rarr; <strong>1527</strong><br />(+21 for winning)
|l|☆KDR-Alt-711
|player|p1|
|l|☆SolVGC14
|player|p2|
