|j|☆Hikawari
|j|☆JD Pope
|t:|1750855118
|gametype|doubles
|player|p1|Hikawari|169|1676
|player|p2|JD Pope|hiker-gen4|1563
|teamsize|p1|6
|teamsize|p2|6
|gen|9
|tier|[Gen 9] VGC 2025 Reg I
|rated|
|rule|Species Clause: Limit one of each Pokémon
|rule|Item Clause: Limit 1 of each item
|clearpoke
|poke|p1|Zamazenta-*, L50|
|poke|p1|Calyrex-Shadow, L50|
|poke|p1|Urshifu-*, L50, F|
|poke|p1|Amoonguss, L50, M|
|poke|p1|Chien-Pao, L50|
|poke|p1|Ogerpon-Cornerstone, L50, F|
|poke|p2|Miraidon, L50|
|poke|p2|Iron Hands, L50|
|poke|p2|Groudon, L50|
|poke|p2|Whimsicott, L50, F|
|poke|p2|Gouging Fire, L50|
|poke|p2|Farigiraf, L50, F|
|teampreview|4
|inactive|Battle timer is ON: inactive players will automatically lose when time's up. (requested by Hikawari)
|inactive|JD Pope has 60 seconds left.
|
|t:|1750855171
|start
|switch|p1a: Calyrex|Calyrex-Shadow, L50|100/100
|switch|p1b: Ogerpon|Ogerpon-Cornerstone, L50, F|100/100
|switch|p2a: Gouging Fire|Gouging Fire, L50|100/100
|switch|p2b: Groudon|Groudon, L50|100/100
|-ability|p1a: Calyrex|As One
|-ability|p1a: Calyrex|Unnerve
|-weather|SunnyDay|[from] ability: Drought|[of] p2b: Groudon
|-activate|p2a: Gouging Fire|ability: Protosynthesis
|-start|p2a: Gouging Fire|protosynthesisspe
|turn|1
|
|t:|1750855187
|move|p2a: Gouging Fire|Burning Bulwark|p2a: Gouging Fire
|-singleturn|p2a: Gouging Fire|move: Protect
|move|p2b: Groudon|Protect|p2b: Groudon
|-singleturn|p2b: Groudon|Protect
|move|p1a: Calyrex|Astral Barrage|p2b: Groudon|[spread] 
|-activate|p2a: Gouging Fire|move: Protect
|-activate|p2b: Groudon|move: Protect
|move|p1b: Ogerpon|Power Whip|p2b: Groudon
|-activate|p2b: Groudon|move: Protect
|
|-weather|SunnyDay|[upkeep]
|upkeep
|turn|2
|inactive|JD Pope has 30 seconds left.
|inactive|JD Pope has 20 seconds left.
|inactive|JD Pope has 15 seconds left.
|inactive|JD Pope has 10 seconds left.
|
|t:|1750855233
|-terastallize|p2a: Gouging Fire|Dark
|move|p1a: Calyrex|Protect|p1a: Calyrex
|-singleturn|p1a: Calyrex|Protect
|move|p1b: Ogerpon|Spiky Shield|p1b: Ogerpon
|-singleturn|p1b: Ogerpon|move: Protect
|move|p2a: Gouging Fire|Breaking Swipe|p1a: Calyrex|[spread] 
|-activate|p1a: Calyrex|move: Protect
|-activate|p1b: Ogerpon|move: Protect
|-damage|p2a: Gouging Fire|88/100|[from] Spiky Shield|[of] p1b: Ogerpon
|move|p2b: Groudon|Precipice Blades|p1a: Calyrex|[spread] 
|-activate|p1a: Calyrex|move: Protect
|-activate|p1b: Ogerpon|move: Protect
|
|-weather|SunnyDay|[upkeep]
|upkeep
|turn|3
|
|t:|1750855255
|move|p2b: Groudon|Protect|p2b: Groudon
|-singleturn|p2b: Groudon|Protect
|move|p2a: Gouging Fire|Snarl|p1a: Calyrex|[spread] p1a,p1b
|-supereffective|p1a: Calyrex
|-damage|p1a: Calyrex|64/100
|-damage|p1b: Ogerpon|90/100
|-unboost|p1a: Calyrex|spa|1
|-unboost|p1b: Ogerpon|spa|1
|move|p1a: Calyrex|Astral Barrage|p2b: Groudon|[spread] p2a
|-activate|p2b: Groudon|move: Protect
|-resisted|p2a: Gouging Fire
|-damage|p2a: Gouging Fire|66/100
|-damage|p1a: Calyrex|54/100|[from] item: Life Orb
|move|p1b: Ogerpon|Ivy Cudgel|p2a: Gouging Fire|[anim] Ivy Cudgel Rock
|-damage|p2a: Gouging Fire|26/100
|
|-weather|SunnyDay|[upkeep]
|upkeep
|turn|4
|inactive|JD Pope has 30 seconds left.
|inactive|Hikawari has 30 seconds left.
|inactive|JD Pope has 20 seconds left.
|
|t:|1750855291
|move|p2a: Gouging Fire|Flare Blitz|p1b: Ogerpon
|-damage|p1b: Ogerpon|0 fnt
|faint|p1b: Ogerpon
|-damage|p2a: Gouging Fire|0 fnt|[from] Recoil
|faint|p2a: Gouging Fire
|-end|p2a: Gouging Fire|Protosynthesis|[silent]
|move|p1a: Calyrex|Astral Barrage|p2b: Groudon
|-damage|p2b: Groudon|54/100
|-damage|p1a: Calyrex|44/100|[from] item: Life Orb
|move|p2b: Groudon|Heat Crash|p1a: Calyrex
|-damage|p1a: Calyrex|0 fnt
|faint|p1a: Calyrex
|
|-weather|SunnyDay|[upkeep]
|upkeep
|
|t:|1750855298
|switch|p1a: Chien-Pao|Chien-Pao, L50|100/100
|switch|p1b: Zamazenta|Zamazenta-Crowned, L50|100/100
|switch|p2a: Iron Hands|Iron Hands, L50|100/100
|-ability|p1a: Chien-Pao|Sword of Ruin
|-ability|p1b: Zamazenta|Dauntless Shield|boost
|-boost|p1b: Zamazenta|def|1
|turn|5
|
|t:|1750855312
|switch|p2b: Miraidon|Miraidon, L50|100/100
|-fieldstart|move: Electric Terrain|[from] ability: Hadron Engine|[of] p2b: Miraidon
|-activate|p2a: Iron Hands|ability: Quark Drive
|-start|p2a: Iron Hands|quarkdriveatk
|-terastallize|p1a: Chien-Pao|Ghost
|move|p2a: Iron Hands|Fake Out|p1a: Chien-Pao
|-immune|p1a: Chien-Pao
|move|p1a: Chien-Pao|Icicle Crash|p2b: Miraidon
|-supereffective|p2b: Miraidon
|-damage|p2b: Miraidon|0 fnt
|faint|p2b: Miraidon
|move|p1b: Zamazenta|Body Press|p2a: Iron Hands
|-damage|p2a: Iron Hands|33/100
|
|-weather|none
|upkeep
|
|t:|1750855321
|switch|p2b: Groudon|Groudon, L50|54/100
|-weather|SunnyDay|[from] ability: Drought|[of] p2b: Groudon
|turn|6
|
|t:|1750855329
|move|p1a: Chien-Pao|Icicle Crash|p2b: Groudon
|-supereffective|p2b: Groudon
|-damage|p2b: Groudon|0 fnt
|faint|p2b: Groudon
|move|p1b: Zamazenta|Body Press|p2a: Iron Hands
|-damage|p2a: Iron Hands|0 fnt
|faint|p2a: Iron Hands
|-end|p2a: Iron Hands|Quark Drive|[silent]
|
|win|Hikawari
|raw|Hikawari's rating: 1676 &rarr; <strong>1690</strong><br />(+14 for winning)
|raw|JD Pope's rating: 1563 &rarr; <strong>1549</strong><br />(-14 for losing)
|l|☆JD Pope
|player|p2|
|l|☆Hikawari
|player|p1|
