|j|☆Ulkalar
|j|☆panchojack
|t:|1750863662
|gametype|doubles
|player|p1|Ulkalar|170|1061
|player|p2|panchojack|aaron|1160
|teamsize|p1|6
|teamsize|p2|6
|gen|9
|tier|[Gen 9] VGC 2025 Reg I
|rated|
|rule|Species Clause: Limit one of each Pokémon
|rule|Item Clause: Limit 1 of each item
|clearpoke
|poke|p1|Zapdos-Galar, L50|
|poke|p1|Hitmontop, L50, M|
|poke|p1|Necrozma-Dawn-Wings, L50|
|poke|p1|Zacian-*, L50|
|poke|p1|Milotic, L50, F|
|poke|p1|Jolteon, L50, F|
|poke|p2|Calyrex-Ice, L50|
|poke|p2|Miraidon, L50|
|poke|p2|Grimmsnarl, L50, M|
|poke|p2|Urshifu-*, L50, M|
|poke|p2|Incineroar, L50, F|
|poke|p2|Landorus, L50, M|
|teampreview|4
|inactive|Battle timer is ON: inactive players will automatically lose when time's up. (requested by Ulkalar)
|inactive|panchojack has 60 seconds left.
|
|t:|1750863712
|start
|switch|p1a: Zapdos|Zapdos-Galar, L50|100/100
|switch|p1b: Milotic|Milotic, L50, F|100/100
|switch|p2a: Miraidon|Miraidon, L50|100/100
|switch|p2b: Grimmsnarl|Grimmsnarl, L50, M|100/100
|-fieldstart|move: Electric Terrain|[from] ability: Hadron Engine|[of] p2a: Miraidon
|turn|1
|
|t:|1750863737
|move|p2b: Grimmsnarl|Reflect|p2b: Grimmsnarl
|-sidestart|p2: panchojack|Reflect
|move|p1a: Zapdos|Thunderous Kick|p2a: Miraidon
|-damage|p2a: Miraidon|75/100
|-unboost|p2a: Miraidon|def|1
|move|p2a: Miraidon|Electro Drift|p1b: Milotic
|-supereffective|p1b: Milotic
|-damage|p1b: Milotic|0 fnt
|faint|p1b: Milotic
|
|upkeep
|
|t:|1750863747
|switch|p1b: Zacian|Zacian-Crowned, L50|100/100
|-ability|p1b: Zacian|Intrepid Sword|boost
|-boost|p1b: Zacian|atk|1
|turn|2
|
|t:|1750863757
|move|p2b: Grimmsnarl|Thunder Wave|p1b: Zacian
|-status|p1b: Zacian|par
|move|p1a: Zapdos|Thunderous Kick|p2a: Miraidon
|-damage|p2a: Miraidon|39/100
|-unboost|p2a: Miraidon|def|1
|move|p2a: Miraidon|Electro Drift|p1a: Zapdos
|-supereffective|p1a: Zapdos
|-damage|p1a: Zapdos|0 fnt
|faint|p1a: Zapdos
|move|p1b: Zacian|Behemoth Blade|p2a: Miraidon
|-resisted|p2a: Miraidon
|-damage|p2a: Miraidon|0 fnt
|faint|p2a: Miraidon
|
|upkeep
|
|t:|1750863772
|switch|p1a: Necrozma|Necrozma-Dawn-Wings, L50|100/100
|switch|p2a: Urshifu|Urshifu-Rapid-Strike, L50, M|100/100
|turn|3
|inactive|panchojack has 30 seconds left.
|
|t:|1750863799
|-terastallize|p1b: Zacian|Fairy
|move|p2a: Urshifu|Close Combat|p1b: Zacian
|-resisted|p1b: Zacian
|-damage|p1b: Zacian|57/100 par
|-unboost|p2a: Urshifu|def|1
|-unboost|p2a: Urshifu|spd|1
|move|p1b: Zacian|Play Rough|p2a: Urshifu
|-supereffective|p2a: Urshifu
|-damage|p2a: Urshifu|0 fnt
|faint|p2a: Urshifu
|move|p1a: Necrozma|Expanding Force|p2b: Grimmsnarl
|-immune|p2b: Grimmsnarl
|move|p2b: Grimmsnarl|Spirit Break|p1a: Necrozma
|-damage|p1a: Necrozma|76/100
|-unboost|p1a: Necrozma|spa|1
|
|upkeep
|
|t:|1750863815
|switch|p2a: Landorus|Landorus, L50, M|100/100
|turn|4
|
|t:|1750863825
|move|p2a: Landorus|Sludge Bomb|p1b: Zacian
|-supereffective|p1b: Zacian
|-damage|p1b: Zacian|0 fnt
|faint|p1b: Zacian
|move|p1a: Necrozma|Moongeist Beam|p2b: Grimmsnarl
|-resisted|p2b: Grimmsnarl
|-damage|p2b: Grimmsnarl|80/100
|move|p2b: Grimmsnarl|Spirit Break|p1a: Necrozma
|-damage|p1a: Necrozma|50/100
|-unboost|p1a: Necrozma|spa|1
|
|upkeep
|turn|5
|-message|Ulkalar forfeited.
|
|win|panchojack
|raw|Ulkalar's rating: 1061 &rarr; <strong>1047</strong><br />(-14 for losing)
|raw|panchojack's rating: 1160 &rarr; <strong>1178</strong><br />(+18 for winning)
|l|☆Ulkalar
|player|p1|
|l|☆panchojack
|player|p2|
