|j|☆RRyan Tsui
|j|☆ThelegendaryFarmer
|t:|1750743318
|gametype|doubles
|player|p1|RRyan Tsui|swimmer-gen4|1208
|player|p2|ThelegendaryFarmer|rancher|1201
|teamsize|p1|6
|teamsize|p2|6
|gen|9
|tier|[Gen 9] VGC 2025 Reg I
|rated|
|rule|Species Clause: Limit one of each Pokémon
|rule|Item Clause: Limit 1 of each item
|clearpoke
|poke|p1|Koraidon, L50|
|poke|p1|Flutter Mane, L50|
|poke|p1|Amoonguss, L50, M|
|poke|p1|Incineroar, L50, F|
|poke|p1|Calyrex-Ice, L50|
|poke|p1|Gothitelle, L50, M|
|poke|p2|Calyrex-Ice, L50|
|poke|p2|Indeedee-F, L50, F|
|poke|p2|Torkoal, L50, M|
|poke|p2|Hatterene, L50, F|
|poke|p2|Smeargle, L50, F|
|poke|p2|Gallade, L50, M|
|teampreview|4
ThelegendaryFarmer rejected open team sheets.
|inactive|Battle timer is ON: inactive players will automatically lose when time's up. (requested by ThelegendaryFarmer)
|inactive|RRyan Tsui has 60 seconds left.
|
|t:|1750743382
|start
|switch|p1a: Flutter Mane|Flutter Mane, L50|100/100
|switch|p1b: Koraidon|Koraidon, L50|100/100
|switch|p2a: Calyrex|Calyrex-Ice, L50|100/100
|switch|p2b: Indeedee|Indeedee-F, L50, F|100/100
|-ability|p2a: Calyrex|As One
|-ability|p2a: Calyrex|Unnerve
|-weather|SunnyDay|[from] ability: Orichalcum Pulse|[of] p1b: Koraidon
|-activate|p1a: Flutter Mane|ability: Protosynthesis
|-start|p1a: Flutter Mane|protosynthesisspe
|-activate|p1b: Koraidon|Orichalcum Pulse|[source]
|-fieldstart|move: Psychic Terrain|[from] ability: Psychic Surge|[of] p2b: Indeedee
|turn|1
|inactive|RRyan Tsui has 30 seconds left.
|inactive|RRyan Tsui has 20 seconds left.
|inactive|RRyan Tsui has 15 seconds left.
|
|t:|1750743427
|move|p2b: Indeedee|Follow Me|p2b: Indeedee
|-singleturn|p2b: Indeedee|move: Follow Me
|move|p1a: Flutter Mane|Icy Wind|p2a: Calyrex|[spread] p2a,p2b
|-resisted|p2a: Calyrex
|-damage|p2a: Calyrex|96/100
|-damage|p2b: Indeedee|91/100
|-unboost|p2b: Indeedee|spe|1
|move|p1b: Koraidon|Flare Blitz|p2b: Indeedee
|-damage|p2b: Indeedee|0 fnt
|-damage|p1b: Koraidon|84/100|[from] item: Rocky Helmet|[of] p2b: Indeedee
|faint|p2b: Indeedee
|-damage|p1b: Koraidon|58/100|[from] Recoil
|move|p2a: Calyrex|Trick Room|p2a: Calyrex
|-fieldstart|move: Trick Room|[of] p2a: Calyrex
|
|-weather|SunnyDay|[upkeep]
|upkeep
|
|t:|1750743433
|switch|p2b: Torkoal|Torkoal, L50, M|100/100
|turn|2
|inactive|RRyan Tsui has 30 seconds left.
|
|t:|1750743463
|switch|p1b: Incineroar|Incineroar, L50, F|100/100
|-ability|p1b: Incineroar|Intimidate|boost
|-fail|p2a: Calyrex|unboost|[from] item: Clear Amulet|[of] p2a: Calyrex
|-unboost|p2b: Torkoal|atk|1
|move|p1a: Flutter Mane|Protect|p1a: Flutter Mane
|-singleturn|p1a: Flutter Mane|Protect
|move|p2b: Torkoal|Eruption|p1a: Flutter Mane|[spread] p1b
|-activate|p1a: Flutter Mane|move: Protect
|-resisted|p1b: Incineroar
|-damage|p1b: Incineroar|52/100
|move|p2a: Calyrex|Glacial Lance|p1a: Flutter Mane|[spread] p1b
|-activate|p1a: Flutter Mane|move: Protect
|-resisted|p1b: Incineroar
|-damage|p1b: Incineroar|30/100
|
|-weather|SunnyDay|[upkeep]
|upkeep
|turn|3
|inactive|RRyan Tsui has 30 seconds left.
|inactive|RRyan Tsui has 20 seconds left.
|inactive|RRyan Tsui has 15 seconds left.
|
|t:|1750743505
|move|p1b: Incineroar|Fake Out|p2b: Torkoal
|-activate|p2b: Torkoal|move: Psychic Terrain
|move|p2b: Torkoal|Eruption|p1b: Incineroar|[spread] p1a,p1b
|-resisted|p1b: Incineroar
|-enditem|p1a: Flutter Mane|Focus Sash
|-damage|p1a: Flutter Mane|1/100
|-damage|p1b: Incineroar|0 fnt
|faint|p1b: Incineroar
|move|p2a: Calyrex|Glacial Lance|p1a: Flutter Mane
|-damage|p1a: Flutter Mane|0 fnt
|faint|p1a: Flutter Mane
|-end|p1a: Flutter Mane|Protosynthesis|[silent]
|-ability|p2a: Calyrex|Chilling Neigh|boost
|-boost|p2a: Calyrex|atk|1
|
|-weather|SunnyDay|[upkeep]
|upkeep
|
|t:|1750743519
|switch|p1b: Koraidon|Koraidon, L50|58/100
|switch|p1a: Amoonguss|Amoonguss, L50, M|100/100
|-activate|p1b: Koraidon|ability: Orichalcum Pulse
|turn|4
|inactive|RRyan Tsui has 30 seconds left.
|
|t:|1750743547
|-terastallize|p1a: Amoonguss|Water
|move|p2b: Torkoal|Eruption|p1a: Amoonguss|[spread] p1a,p1b
|-resisted|p1a: Amoonguss
|-resisted|p1b: Koraidon
|-damage|p1a: Amoonguss|52/100
|-damage|p1b: Koraidon|29/100
|move|p1a: Amoonguss|Spore|p2a: Calyrex
|-status|p2a: Calyrex|slp|[from] move: Spore
|cant|p2a: Calyrex|slp
|move|p1b: Koraidon|Close Combat|p2b: Torkoal
|-damage|p2b: Torkoal|29/100
|-unboost|p1b: Koraidon|def|1
|-unboost|p1b: Koraidon|spd|1
|
|-weather|SunnyDay|[upkeep]
|upkeep
|turn|5
|inactive|RRyan Tsui has 30 seconds left.
|
|t:|1750743573
|switch|p2a: Hatterene|Hatterene, L50, F|100/100
|move|p2b: Torkoal|Eruption|p1b: Koraidon|[spread] p1a,p1b
|-resisted|p1a: Amoonguss
|-resisted|p1b: Koraidon
|-damage|p1a: Amoonguss|37/100
|-damage|p1b: Koraidon|17/100
|move|p1a: Amoonguss|Pollen Puff|p1b: Koraidon
|-heal|p1b: Koraidon|67/100
|move|p1b: Koraidon|Flame Charge|p2a: Hatterene
|-damage|p2a: Hatterene|57/100
|-boost|p1b: Koraidon|spe|1
|
|-weather|none
|-fieldend|move: Trick Room
|-fieldend|move: Psychic Terrain
|upkeep
|turn|6
|
|t:|1750743596
|move|p1a: Amoonguss|Rage Powder|p1a: Amoonguss
|-singleturn|p1a: Amoonguss|move: Rage Powder
|move|p1b: Koraidon|Flare Blitz|p2a: Hatterene
|-damage|p2a: Hatterene|7/100
|-damage|p1b: Koraidon|54/100|[from] Recoil
|move|p2b: Torkoal|Eruption|p1a: Amoonguss|[spread] p1a,p1b
|-resisted|p1a: Amoonguss
|-resisted|p1b: Koraidon
|-damage|p1a: Amoonguss|27/100
|-damage|p1b: Koraidon|46/100
|move|p2a: Hatterene|Trick Room|p2a: Hatterene
|-fieldstart|move: Trick Room|[of] p2a: Hatterene
|
|upkeep
|turn|7
|inactive|RRyan Tsui has 30 seconds left.
|inactive|RRyan Tsui has 20 seconds left.
|
|t:|1750743635
|move|p1a: Amoonguss|Rage Powder|p1a: Amoonguss
|-singleturn|p1a: Amoonguss|move: Rage Powder
|move|p2b: Torkoal|Eruption|p1b: Koraidon|[spread] p1a,p1b
|-resisted|p1a: Amoonguss
|-resisted|p1b: Koraidon
|-damage|p1a: Amoonguss|17/100
|-damage|p1b: Koraidon|37/100
|move|p2a: Hatterene|Dazzling Gleam|p1a: Amoonguss|[spread] p1a,p1b
|-supereffective|p1b: Koraidon
|-damage|p1a: Amoonguss|0 fnt
|-damage|p1b: Koraidon|0 fnt
|faint|p1a: Amoonguss
|faint|p1b: Koraidon
|-damage|p2a: Hatterene|0 fnt|[from] item: Life Orb
|faint|p2a: Hatterene
|
|win|ThelegendaryFarmer
|raw|RRyan Tsui's rating: 1208 &rarr; <strong>1182</strong><br />(-26 for losing)
|raw|ThelegendaryFarmer's rating: 1201 &rarr; <strong>1227</strong><br />(+26 for winning)
|l|☆ThelegendaryFarmer
|player|p2|
|l|☆RRyan Tsui
|player|p1|
