|j|☆Wanderers159
|j|☆Scottyboi3
|t:|1750870673
|gametype|doubles
|player|p1|Wanderers159|102|1141
|player|p2|Scottyboi3|2|1105
|teamsize|p1|6
|teamsize|p2|6
|gen|9
|tier|[Gen 9] VGC 2025 Reg I
|rated|
|rule|Species Clause: Limit one of each Pokémon
|rule|Item Clause: Limit 1 of each item
|clearpoke
|poke|p1|Calyrex-Shadow, L50|
|poke|p1|Zamazenta-*, L50|
|poke|p1|Incineroar, L50, F|
|poke|p1|Rillaboom, L50, F|
|poke|p1|Urshifu-*, L50, M|
|poke|p1|Ogerpon-Hearthflame, L50, F|
|poke|p2|Incineroar, L50, F|
|poke|p2|Kyogre, L50|
|poke|p2|Tornadus, L50, M|
|poke|p2|Amoonguss, L50, M|
|poke|p2|Roaring Moon, L50|
|poke|p2|Ting-Lu, L50|
|teampreview|4
|inactive|Battle timer is ON: inactive players will automatically lose when time's up. (requested by Wanderers159)
|inactive|Scottyboi3 has 60 seconds left.
|
|t:|1750870713
|start
|switch|p1a: Urshifu|Urshifu-Rapid-Strike, L50, M|100/100
|switch|p1b: Incineroar|Incineroar, L50, F|100/100
|switch|p2a: Incineroar|Incineroar, L50, F|100/100
|switch|p2b: Tornadus|Tornadus, L50, M|100/100
|-ability|p2a: Incineroar|Intimidate|boost
|-unboost|p1a: Urshifu|atk|1
|-unboost|p1b: Incineroar|atk|1
|-ability|p1b: Incineroar|Intimidate|boost
|-unboost|p2a: Incineroar|atk|1
|-unboost|p2b: Tornadus|atk|1
|turn|1
|inactive|Wanderers159 has 30 seconds left.
|
|t:|1750870740
|switch|p1a: Calyrex|Calyrex-Shadow, L50|100/100
|-ability|p1a: Calyrex|As One
|-ability|p1a: Calyrex|Unnerve
|switch|p2a: Amoonguss|Amoonguss, L50, M|100/100
|move|p2b: Tornadus|Tailwind|p2b: Tornadus
|-sidestart|p2: Scottyboi3|move: Tailwind
|move|p1b: Incineroar|Knock Off|p2a: Amoonguss
|-damage|p2a: Amoonguss|81/100
|-damage|p1b: Incineroar|84/100|[from] item: Rocky Helmet|[of] p2a: Amoonguss
|-enditem|p2a: Amoonguss|Rocky Helmet|[from] move: Knock Off|[of] p1b: Incineroar
|
|upkeep
|turn|2
|inactive|Wanderers159 has 30 seconds left.
|inactive|Wanderers159 has 20 seconds left.
|
|t:|1750870778
|switch|p2b: Incineroar|Incineroar, L50, F|100/100
|-ability|p2b: Incineroar|Intimidate|boost
|-unboost|p1a: Calyrex|atk|1
|-unboost|p1b: Incineroar|atk|1
|move|p1a: Calyrex|Nasty Plot|p1a: Calyrex
|-boost|p1a: Calyrex|spa|2
|move|p2a: Amoonguss|Spore|p1a: Calyrex
|-status|p1a: Calyrex|slp|[from] move: Spore
|move|p1b: Incineroar|Knock Off|p2b: Incineroar
|-resisted|p2b: Incineroar
|-damage|p2b: Incineroar|92/100
|-enditem|p2b: Incineroar|Safety Goggles|[from] move: Knock Off|[of] p1b: Incineroar
|
|upkeep
|turn|3
|inactive|Wanderers159 has 30 seconds left.
|
|t:|1750870806
|-terastallize|p1a: Calyrex|Ghost
|move|p2a: Amoonguss|Rage Powder|p2a: Amoonguss
|-singleturn|p2a: Amoonguss|move: Rage Powder
|cant|p1a: Calyrex|slp
|move|p2b: Incineroar|Flare Blitz|p1a: Calyrex
|-damage|p1a: Calyrex|40/100 slp
|-damage|p2b: Incineroar|75/100|[from] Recoil
|move|p1b: Incineroar|Parting Shot|p2a: Amoonguss
|-unboost|p2a: Amoonguss|atk|1
|-unboost|p2a: Amoonguss|spa|1
|
|t:|1750870819
|switch|p1b: Urshifu|Urshifu-Rapid-Strike, L50, M|100/100|[from] Parting Shot
|
|upkeep
|turn|4
|
|t:|1750870827
|switch|p1b: Incineroar|Incineroar, L50, F|84/100
|-ability|p1b: Incineroar|Intimidate|boost
|-unboost|p2a: Amoonguss|atk|1
|-unboost|p2b: Incineroar|atk|1
|move|p2a: Amoonguss|Rage Powder|p2a: Amoonguss
|-singleturn|p2a: Amoonguss|move: Rage Powder
|cant|p1a: Calyrex|slp
|move|p2b: Incineroar|Flare Blitz|p1a: Calyrex
|-damage|p1a: Calyrex|0 fnt
|faint|p1a: Calyrex
|-damage|p2b: Incineroar|63/100|[from] Recoil
|
|-sideend|p2: Scottyboi3|move: Tailwind
|upkeep
|
|t:|1750870843
|switch|p1a: Urshifu|Urshifu-Rapid-Strike, L50, M|100/100
|turn|5
|
|t:|1750870856
|move|p1b: Incineroar|Helping Hand|p1a: Urshifu
|-singleturn|p1a: Urshifu|Helping Hand|[of] p1b: Incineroar
|move|p2a: Amoonguss|Rage Powder|p2a: Amoonguss
|-singleturn|p2a: Amoonguss|move: Rage Powder
|move|p1a: Urshifu|U-turn|p2a: Amoonguss
|-damage|p2a: Amoonguss|47/100
|
|t:|1750870863
|switch|p1a: Zamazenta|Zamazenta-Crowned, L50|100/100|[from] U-turn
|-ability|p1a: Zamazenta|Dauntless Shield|boost
|-boost|p1a: Zamazenta|def|1
|move|p2b: Incineroar|Parting Shot|p1a: Zamazenta
|-unboost|p1a: Zamazenta|atk|1
|-unboost|p1a: Zamazenta|spa|1
|
|t:|1750870871
|switch|p2b: Tornadus|Tornadus, L50, M|100/100|[from] Parting Shot
|
|upkeep
|turn|6
|
|t:|1750870888
|move|p1b: Incineroar|Helping Hand|p1a: Zamazenta
|-singleturn|p1a: Zamazenta|Helping Hand|[of] p1b: Incineroar
|move|p2b: Tornadus|Tailwind|p2b: Tornadus
|-sidestart|p2: Scottyboi3|move: Tailwind
|move|p1a: Zamazenta|Body Press|p2a: Amoonguss
|-resisted|p2a: Amoonguss
|-damage|p2a: Amoonguss|15/100
|move|p2a: Amoonguss|Spore|p1a: Zamazenta
|-status|p1a: Zamazenta|slp|[from] move: Spore
|
|upkeep
|turn|7
|inactive|Scottyboi3 has 30 seconds left.
|
|t:|1750870914
|switch|p2b: Roaring Moon|Roaring Moon, L50|100/100
|-enditem|p2b: Roaring Moon|Booster Energy
|-activate|p2b: Roaring Moon|ability: Protosynthesis|[fromitem]
|-start|p2b: Roaring Moon|protosynthesisatk
|switch|p2a: Incineroar|Incineroar, L50, F|63/100
|-ability|p2a: Incineroar|Intimidate|boost
|-unboost|p1a: Zamazenta|atk|1
|-unboost|p1b: Incineroar|atk|1
|cant|p1a: Zamazenta|slp
|move|p1b: Incineroar|Knock Off|p2a: Incineroar
|-resisted|p2a: Incineroar
|-damage|p2a: Incineroar|56/100
|
|upkeep
|turn|8
|
|t:|1750870936
|switch|p1b: Urshifu|Urshifu-Rapid-Strike, L50, M|100/100
|-curestatus|p1a: Zamazenta|slp|[msg]
|move|p1a: Zamazenta|Wide Guard|p1a: Zamazenta
|-singleturn|p1a: Zamazenta|Wide Guard
|move|p2b: Roaring Moon|Crunch|p1a: Zamazenta
|-resisted|p1a: Zamazenta
|-damage|p1a: Zamazenta|88/100
|-unboost|p1a: Zamazenta|def|1
|move|p2a: Incineroar|Flare Blitz|p1a: Zamazenta
|-supereffective|p1a: Zamazenta
|-damage|p1a: Zamazenta|27/100
|-status|p1a: Zamazenta|brn
|-damage|p2a: Incineroar|37/100|[from] Recoil
|
|-damage|p1a: Zamazenta|21/100 brn|[from] brn
|upkeep
|turn|9
|inactive|Scottyboi3 has 30 seconds left.
|inactive|Scottyboi3 has 20 seconds left.
|inactive|Scottyboi3 has 15 seconds left.
|
|t:|1750870978
|switch|p1a: Incineroar|Incineroar, L50, F|84/100
|-ability|p1a: Incineroar|Intimidate|boost
|-unboost|p2a: Incineroar|atk|1
|-unboost|p2b: Roaring Moon|atk|1
|switch|p2a: Amoonguss|Amoonguss, L50, M|48/100
|move|p2b: Roaring Moon|Acrobatics|p1b: Urshifu
|-supereffective|p1b: Urshifu
|-damage|p1b: Urshifu|24/100
|move|p1b: Urshifu|Close Combat|p2b: Roaring Moon
|-supereffective|p2b: Roaring Moon
|-damage|p2b: Roaring Moon|0 fnt
|-unboost|p1b: Urshifu|def|1
|-unboost|p1b: Urshifu|spd|1
|faint|p2b: Roaring Moon
|-end|p2b: Roaring Moon|Protosynthesis|[silent]
|
|-sideend|p2: Scottyboi3|move: Tailwind
|upkeep
|
|t:|1750870998
|switch|p2b: Tornadus|Tornadus, L50, M|100/100
|turn|10
|
|t:|1750871006
|move|p1a: Incineroar|Helping Hand|p1b: Urshifu
|-singleturn|p1b: Urshifu|Helping Hand|[of] p1a: Incineroar
|move|p2a: Amoonguss|Rage Powder|p2a: Amoonguss
|-singleturn|p2a: Amoonguss|move: Rage Powder
|move|p2b: Tornadus|Tailwind|p2b: Tornadus
|-sidestart|p2: Scottyboi3|move: Tailwind
|move|p1b: Urshifu|Close Combat|p2a: Amoonguss
|-resisted|p2a: Amoonguss
|-damage|p2a: Amoonguss|8/100
|-unboost|p1b: Urshifu|def|1
|-unboost|p1b: Urshifu|spd|1
|
|upkeep
|turn|11
|
|t:|1750871025
|switch|p1b: Zamazenta|Zamazenta-Crowned, L50|21/100 brn
|move|p2a: Amoonguss|Rage Powder|p2a: Amoonguss
|-singleturn|p2a: Amoonguss|move: Rage Powder
|move|p2b: Tornadus|Bleakwind Storm|p1b: Zamazenta|[spread] p1a,p1b
|-damage|p1a: Incineroar|53/100
|-damage|p1b: Zamazenta|0 fnt
|faint|p1b: Zamazenta
|move|p1a: Incineroar|Knock Off|p2a: Amoonguss
|-damage|p2a: Amoonguss|0 fnt
|faint|p2a: Amoonguss
|
|upkeep
|
|t:|1750871038
|switch|p1b: Urshifu|Urshifu-Rapid-Strike, L50, M|24/100
|switch|p2a: Incineroar|Incineroar, L50, F|37/100
|-ability|p2a: Incineroar|Intimidate|boost
|-unboost|p1a: Incineroar|atk|1
|-unboost|p1b: Urshifu|atk|1
|turn|12
|
|t:|1750871056
|move|p2a: Incineroar|Fake Out|p1b: Urshifu
|-damage|p1b: Urshifu|14/100
|move|p2b: Tornadus|Bleakwind Storm|p1a: Incineroar|[spread] 
|-miss|p2b: Tornadus|p1a: Incineroar
|-miss|p2b: Tornadus|p1b: Urshifu
|cant|p1b: Urshifu|flinch
|move|p1a: Incineroar|Parting Shot|p2b: Tornadus
|-unboost|p2b: Tornadus|atk|1
|-unboost|p2b: Tornadus|spa|1
|
|upkeep
|turn|13
|inactive|Wanderers159 has 30 seconds left.
|inactive|Wanderers159 has 20 seconds left.
|inactive|Wanderers159 has 15 seconds left.
|
|t:|1750871100
|move|p1a: Incineroar|Helping Hand|p1b: Urshifu
|-singleturn|p1b: Urshifu|Helping Hand|[of] p1a: Incineroar
|move|p2b: Tornadus|Bleakwind Storm|p1a: Incineroar|[spread] p1b
|-miss|p2b: Tornadus|p1a: Incineroar
|-supereffective|p1b: Urshifu
|-damage|p1b: Urshifu|0 fnt
|faint|p1b: Urshifu
|move|p2a: Incineroar|Flare Blitz|p1a: Incineroar
|-resisted|p1a: Incineroar
|-damage|p1a: Incineroar|35/100
|-damage|p2a: Incineroar|20/100|[from] item: Rocky Helmet|[of] p1a: Incineroar
|-damage|p2a: Incineroar|14/100|[from] Recoil
|
|-sideend|p2: Scottyboi3|move: Tailwind
|upkeep
|turn|14
|inactive|Scottyboi3 has 30 seconds left.
|inactive|Scottyboi3 has 20 seconds left.
|inactive|Scottyboi3 has 15 seconds left.
|
|t:|1750871141
|move|p2b: Tornadus|Tailwind|p2b: Tornadus
|-sidestart|p2: Scottyboi3|move: Tailwind
|move|p2a: Incineroar|Flare Blitz|p1a: Incineroar
|-resisted|p1a: Incineroar
|-damage|p1a: Incineroar|17/100
|-damage|p2a: Incineroar|0 fnt|[from] item: Rocky Helmet|[of] p1a: Incineroar
|faint|p2a: Incineroar
|move|p1a: Incineroar|Knock Off|p2b: Tornadus
|-crit|p2b: Tornadus
|-damage|p2b: Tornadus|13/100
|-enditem|p2b: Tornadus|Focus Sash|[from] move: Knock Off|[of] p1a: Incineroar
|
|upkeep
|turn|15
|
|t:|1750871157
|move|p2b: Tornadus|Bleakwind Storm|p1a: Incineroar
|-crit|p1a: Incineroar
|-damage|p1a: Incineroar|0 fnt
|faint|p1a: Incineroar
|
|win|Scottyboi3
|raw|Wanderers159's rating: 1141 &rarr; <strong>1113</strong><br />(-28 for losing)
|raw|Scottyboi3's rating: 1105 &rarr; <strong>1133</strong><br />(+28 for winning)
