|j|☆krangune❤
|j|☆Marafish
|t:|1750802022
|gametype|doubles
|player|p1|krangune❤|arezu|1400
|player|p2|Marafish|1|1295
|teamsize|p1|6
|teamsize|p2|6
|gen|9
|tier|[Gen 9] VGC 2025 Reg I
|rated|
|rule|Species Clause: Limit one of each Pokémon
|rule|Item Clause: Limit 1 of each item
|clearpoke
|poke|p1|Miraidon, L50|
|poke|p1|Frosmoth, L50, F|
|poke|p1|Iron Moth, L50|
|poke|p1|Ogerpon-Cornerstone, L50, F|
|poke|p1|Incineroar, L50, M|
|poke|p1|Koraidon, L50|
|poke|p2|Calyrex-Ice, L50|
|poke|p2|Miraidon, L50|
|poke|p2|Urshifu-*, L50, F|
|poke|p2|Iron Hands, L50|
|poke|p2|Amoonguss, L50, M|
|poke|p2|Indeedee-F, L50, F|
|teampreview|4
krangune❤ has agreed to open team sheets.
|c|☆krangune❤|glhf
Marafish has agreed to open team sheets.
|showteam|p1|Miraidon||ChoiceScarf|HadronEngine|VoltSwitch,ElectroDrift,DracoMeteor,Snarl||||||50|,,,,,Electric]Frosmoth||ElectricSeed|IceScales|WideGuard,QuiverDance,StruggleBug,IceBeam|||F|||50|,,,,,Water]Iron Moth||LifeOrb|QuarkDrive|HeatWave,EnergyBall,Protect,AcidSpray||||||50|,,,,,Grass]Ogerpon-Cornerstone||CornerstoneMask|Sturdy|SpikyShield,FollowMe,RockTomb,PowerWhip|||F|||50|,,,,,Rock]Incineroar||AssaultVest|Intimidate|FakeOut,KnockOff,Uturn,FlareBlitz|||M|||50|,,,,,Bug]Koraidon||ClearAmulet|OrichalcumPulse|CollisionCourse,FlameCharge,FlareBlitz,Protect||||||50|,,,,,Fire
|showteam|p2|Calyrex-Ice||ClearAmulet|AsOneGlastrier|GlacialLance,HighHorsepower,TrickRoom,Protect||||||50|,,,,,Water]Miraidon||ChoiceSpecs|HadronEngine|ElectroDrift,DracoMeteor,VoltSwitch,DazzlingGleam||||||50|,,,,,Fairy]Urshifu||FocusSash|UnseenFist|SuckerPunch,WickedBlow,CloseCombat,Detect|||F|||50|,,,,,Fighting]Iron Hands||AssaultVest|QuarkDrive|FakeOut,DrainPunch,WildCharge,LowKick||||||50|,,,,,Grass]Amoonguss||RockyHelmet|Regenerator|RagePowder,SludgeBomb,PollenPuff,Spore|||M|||50|,,,,,Grass]Indeedee-F||PsychicSeed|PsychicSurge|FollowMe,TrickRoom,Psychic,HelpingHand|||F|||50|,,,,,Psychic
|
|t:|1750802134
|start
|switch|p1a: Miraidon|Miraidon, L50|100/100
|switch|p1b: Iron Moth|Iron Moth, L50|100/100
|switch|p2a: Calyrex|Calyrex-Ice, L50|100/100
|switch|p2b: Indeedee|Indeedee-F, L50, F|100/100
|-ability|p2a: Calyrex|As One
|-ability|p2a: Calyrex|Unnerve
|-fieldstart|move: Electric Terrain|[from] ability: Hadron Engine|[of] p1a: Miraidon
|-activate|p1b: Iron Moth|ability: Quark Drive
|-start|p1b: Iron Moth|quarkdrivespe
|-fieldstart|move: Psychic Terrain|[from] ability: Psychic Surge|[of] p2b: Indeedee
|-end|p1b: Iron Moth|Quark Drive
|-enditem|p2b: Indeedee|Psychic Seed
|-boost|p2b: Indeedee|spd|1|[from] item: Psychic Seed
|turn|1
|
|t:|1750802163
|move|p2b: Indeedee|Follow Me|p2b: Indeedee
|-singleturn|p2b: Indeedee|move: Follow Me
|move|p1a: Miraidon|Volt Switch|p2b: Indeedee
|-damage|p2b: Indeedee|78/100
|
|t:|1750802168
|switch|p1a: Koraidon|Koraidon, L50|100/100|[from] Volt Switch
|-weather|SunnyDay|[from] ability: Orichalcum Pulse|[of] p1a: Koraidon
|-activate|p1a: Koraidon|Orichalcum Pulse|[source]
|move|p1b: Iron Moth|Heat Wave|p2a: Calyrex|[spread] p2b
|-miss|p1b: Iron Moth|p2a: Calyrex
|-damage|p2b: Indeedee|38/100
|-damage|p1b: Iron Moth|91/100|[from] item: Life Orb
|move|p2a: Calyrex|Trick Room|p2a: Calyrex
|-fieldstart|move: Trick Room|[of] p2a: Calyrex
|
|-weather|SunnyDay|[upkeep]
|upkeep
|turn|2
|
|t:|1750802204
|switch|p1a: Frosmoth|Frosmoth, L50, F|100/100
|-terastallize|p2a: Calyrex|Water
|move|p1b: Iron Moth|Protect|p1b: Iron Moth
|-singleturn|p1b: Iron Moth|Protect
|move|p2a: Calyrex|High Horsepower|p1a: Frosmoth
|-resisted|p1a: Frosmoth
|-damage|p1a: Frosmoth|78/100
|move|p2b: Indeedee|Psychic|p1b: Iron Moth
|-activate|p1b: Iron Moth|move: Protect
|
|-weather|SunnyDay|[upkeep]
|upkeep
|turn|3
|
|t:|1750802249
|switch|p2b: Iron Hands|Iron Hands, L50|100/100
|-terastallize|p1b: Iron Moth|Grass
|move|p1a: Frosmoth|Wide Guard|p1a: Frosmoth
|-singleturn|p1a: Frosmoth|Wide Guard
|move|p2a: Calyrex|High Horsepower|p1b: Iron Moth
|-resisted|p1b: Iron Moth
|-damage|p1b: Iron Moth|59/100
|move|p1b: Iron Moth|Heat Wave|p2b: Iron Hands|[spread] p2a,p2b
|-resisted|p2a: Calyrex
|-damage|p2a: Calyrex|77/100
|-damage|p2b: Iron Hands|61/100
|-damage|p1b: Iron Moth|50/100|[from] item: Life Orb
|
|-weather|SunnyDay|[upkeep]
|upkeep
|turn|4
|
|t:|1750802296
|move|p2b: Iron Hands|Fake Out|p1a: Frosmoth
|-activate|p1a: Frosmoth|move: Psychic Terrain
|move|p1a: Frosmoth|Wide Guard|p1a: Frosmoth
|-singleturn|p1a: Frosmoth|Wide Guard
|move|p2a: Calyrex|Glacial Lance|p1a: Frosmoth|[spread] 
|-activate|p1a: Frosmoth|move: Wide Guard
|-activate|p1b: Iron Moth|move: Wide Guard
|move|p1b: Iron Moth|Energy Ball|p2a: Calyrex
|-supereffective|p2a: Calyrex
|-damage|p2a: Calyrex|0 fnt
|faint|p2a: Calyrex
|-damage|p1b: Iron Moth|40/100|[from] item: Life Orb
|
|-weather|SunnyDay|[upkeep]
|upkeep
|
|t:|1750802320
|switch|p2a: Miraidon|Miraidon, L50|100/100
|-fieldstart|move: Electric Terrain|[from] ability: Hadron Engine|[of] p2a: Miraidon
|-activate|p2b: Iron Hands|ability: Quark Drive
|-start|p2b: Iron Hands|quarkdriveatk
|-enditem|p1a: Frosmoth|Electric Seed
|-boost|p1a: Frosmoth|def|1|[from] item: Electric Seed
|-activate|p1b: Iron Moth|ability: Quark Drive
|-start|p1b: Iron Moth|quarkdrivespe
|turn|5
|
|t:|1750802372
|move|p1b: Iron Moth|Protect|p1b: Iron Moth
|-singleturn|p1b: Iron Moth|Protect
|move|p2b: Iron Hands|Drain Punch|p1a: Frosmoth
|-damage|p1a: Frosmoth|32/100
|-heal|p2b: Iron Hands|78/100|[from] drain|[of] p1a: Frosmoth
|move|p1a: Frosmoth|Quiver Dance|p1a: Frosmoth
|-boost|p1a: Frosmoth|spa|1
|-boost|p1a: Frosmoth|spd|1
|-boost|p1a: Frosmoth|spe|1
|move|p2a: Miraidon|Dazzling Gleam|p1b: Iron Moth|[spread] p1a
|-activate|p1b: Iron Moth|move: Protect
|-damage|p1a: Frosmoth|16/100
|
|-weather|none
|-fieldend|move: Trick Room
|upkeep
|turn|6
|
|t:|1750802404
|move|p1a: Frosmoth|Wide Guard|p1a: Frosmoth
|-singleturn|p1a: Frosmoth|Wide Guard
|move|p1b: Iron Moth|Acid Spray|p2a: Miraidon
|-damage|p2a: Miraidon|74/100
|-unboost|p2a: Miraidon|spd|2
|-damage|p1b: Iron Moth|31/100|[from] item: Life Orb
|move|p2a: Miraidon|Dazzling Gleam|p1b: Iron Moth|[spread] 
|-activate|p1a: Frosmoth|move: Wide Guard
|-activate|p1b: Iron Moth|move: Wide Guard
|move|p2b: Iron Hands|Drain Punch|p1b: Iron Moth
|-damage|p1b: Iron Moth|0 fnt
|-heal|p2b: Iron Hands|89/100|[from] drain|[of] p1b: Iron Moth
|faint|p1b: Iron Moth
|-end|p1b: Iron Moth|Quark Drive|[silent]
|
|upkeep
|
|t:|1750802440
|switch|p1b: Miraidon|Miraidon, L50|100/100
|-activate|p1b: Miraidon|ability: Hadron Engine
|turn|7
|
|t:|1750802460
|move|p1b: Miraidon|Draco Meteor|p2a: Miraidon
|-supereffective|p2a: Miraidon
|-damage|p2a: Miraidon|0 fnt
|-unboost|p1b: Miraidon|spa|2
|faint|p2a: Miraidon
|move|p1a: Frosmoth|Struggle Bug|p2b: Iron Hands
|-resisted|p2b: Iron Hands
|-damage|p2b: Iron Hands|79/100
|-unboost|p2b: Iron Hands|spa|1
|move|p2b: Iron Hands|Drain Punch|p1a: Frosmoth
|-damage|p1a: Frosmoth|0 fnt
|-heal|p2b: Iron Hands|85/100|[from] drain|[of] p1a: Frosmoth
|faint|p1a: Frosmoth
|
|upkeep
|
|t:|1750802474
|switch|p2a: Indeedee|Indeedee-F, L50, F|38/100
|switch|p1a: Koraidon|Koraidon, L50|100/100
|-weather|SunnyDay|[from] ability: Orichalcum Pulse|[of] p1a: Koraidon
|-activate|p1a: Koraidon|Orichalcum Pulse|[source]
|-fieldstart|move: Psychic Terrain|[from] ability: Psychic Surge|[of] p2a: Indeedee
|-end|p2b: Iron Hands|Quark Drive
|turn|8
|
|t:|1750802495
|move|p1b: Miraidon|Draco Meteor|p2a: Indeedee
|-damage|p2a: Indeedee|5/100
|-unboost|p1b: Miraidon|spa|2
|move|p1a: Koraidon|Collision Course|p2b: Iron Hands
|-damage|p2b: Iron Hands|28/100
|move|p2b: Iron Hands|Low Kick|p1b: Miraidon
|-damage|p1b: Miraidon|33/100
|move|p2a: Indeedee|Trick Room|p2a: Indeedee
|-fieldstart|move: Trick Room|[of] p2a: Indeedee
|
|-weather|SunnyDay|[upkeep]
|upkeep
|turn|9
|
|t:|1750802516
|move|p2a: Indeedee|Helping Hand|p2b: Iron Hands
|-singleturn|p2b: Iron Hands|Helping Hand|[of] p2a: Indeedee
|move|p2b: Iron Hands|Low Kick|p1a: Koraidon
|-damage|p1a: Koraidon|17/100
|move|p1a: Koraidon|Collision Course|p2b: Iron Hands
|-damage|p2b: Iron Hands|0 fnt
|faint|p2b: Iron Hands
|-end|p2b: Iron Hands|Quark Drive|[silent]
|move|p1b: Miraidon|Draco Meteor|p2a: Indeedee
|-damage|p2a: Indeedee|0 fnt
|-unboost|p1b: Miraidon|spa|2
|faint|p2a: Indeedee
|
|win|krangune❤
|raw|krangune❤'s rating: 1400 &rarr; <strong>1414</strong><br />(+14 for winning)
|raw|Marafish's rating: 1295 &rarr; <strong>1277</strong><br />(-18 for losing)
|c|☆krangune❤|gg
|l|☆krangune❤
|player|p1|
|l|☆Marafish
|player|p2|
