|j|☆Brezz998
|j|☆Cello L.
|t:|1750871388
|gametype|doubles
|player|p1|Brezz998|marshal|1095
|player|p2|Cello L.|blaine|1181
|teamsize|p1|6
|teamsize|p2|6
|gen|9
|tier|[Gen 9] VGC 2025 Reg I
|rated|
|rule|Species Clause: Limit one of each Pokémon
|rule|Item Clause: Limit 1 of each item
|clearpoke
|poke|p1|Calyrex-Ice, L50|
|poke|p1|Torkoal, L50, M|
|poke|p1|Necrozma-Dawn-Wings, L50|
|poke|p1|Decidueye-Hisui, L50, F|
|poke|p1|Ursaluna-Bloodmoon, L50, M|
|poke|p1|Amoonguss, L50, F|
|poke|p2|Calyrex-Shadow, L50|
|poke|p2|Terapagos, L50, M|
|poke|p2|Ogerpon-Cornerstone, L50, F|
|poke|p2|Urshifu-*, L50, M|
|poke|p2|Incineroar, L50, F|
|poke|p2|Rillaboom, L50, F|
|teampreview|4
Cello L. rejected open team sheets.
|inactive|Battle timer is ON: inactive players will automatically lose when time's up. (requested by Cello L.)
|
|t:|1750871454
|start
|switch|p1a: Calyrex|Calyrex-Ice, L50|100/100
|switch|p1b: Decidueye|Decidueye-Hisui, L50, F|100/100
|switch|p2a: Terapagos|Terapagos, L50, M|100/100
|switch|p2b: Ogerpon|Ogerpon-Cornerstone, L50, F|100/100
|-activate|p2a: Terapagos|ability: Tera Shift
|detailschange|p2a: Terapagos|Terapagos-Terastal, L50, M
|-heal|p2a: Terapagos|100/100|[silent]
|-ability|p1a: Calyrex|As One
|-ability|p1a: Calyrex|Unnerve
|turn|1
|
|t:|1750871476
|move|p2b: Ogerpon|Ivy Cudgel|p1a: Calyrex|[anim] Ivy Cudgel Rock
|-supereffective|p1a: Calyrex
|-damage|p1a: Calyrex|40/100
|move|p2a: Terapagos|Earth Power|p1a: Calyrex
|-damage|p1a: Calyrex|19/100
|move|p1b: Decidueye|Triple Arrows|p2a: Terapagos
|-activate|p2a: Terapagos|ability: Tera Shell
|-resisted|p2a: Terapagos
|-damage|p2a: Terapagos|88/100
|-unboost|p2a: Terapagos|def|1
|move|p1a: Calyrex|Trick Room|p1a: Calyrex
|-fieldstart|move: Trick Room|[of] p1a: Calyrex
|
|-heal|p2a: Terapagos|94/100|[from] item: Leftovers
|upkeep
|turn|2
|inactive|Brezz998 has 30 seconds left.
|inactive|Cello L. has 30 seconds left.
|
|t:|1750871508
|switch|p1a: Necrozma|Necrozma-Dawn-Wings, L50|100/100
|move|p2a: Terapagos|Protect|p2a: Terapagos
|-singleturn|p2a: Terapagos|Protect
|move|p1b: Decidueye|Knock Off|p2b: Ogerpon
|-damage|p2b: Ogerpon|83/100
|move|p2b: Ogerpon|Ivy Cudgel|p1a: Necrozma|[anim] Ivy Cudgel Rock
|-damage|p1a: Necrozma|51/100
|
|-heal|p2a: Terapagos|100/100|[from] item: Leftovers
|upkeep
|turn|3
|
|t:|1750871532
|move|p1b: Decidueye|Triple Arrows|p2a: Terapagos
|-activate|p2a: Terapagos|ability: Tera Shell
|-resisted|p2a: Terapagos
|-damage|p2a: Terapagos|78/100
|move|p1a: Necrozma|Moongeist Beam|p2b: Ogerpon
|-damage|p2b: Ogerpon|23/100
|move|p2a: Terapagos|Calm Mind|p2a: Terapagos
|-boost|p2a: Terapagos|spa|1
|-boost|p2a: Terapagos|spd|1
|move|p2b: Ogerpon|Ivy Cudgel|p1a: Necrozma|[anim] Ivy Cudgel Rock
|-damage|p1a: Necrozma|0 fnt
|faint|p1a: Necrozma
|
|-heal|p2a: Terapagos|84/100|[from] item: Leftovers
|upkeep
|
|t:|1750871537
|switch|p1a: Ursaluna|Ursaluna-Bloodmoon, L50, M|100/100
|turn|4
|inactive|Cello L. has 30 seconds left.
|inactive|Cello L. has 20 seconds left.
|inactive|Cello L. has 15 seconds left.
|inactive|Cello L. has 10 seconds left.
|
|t:|1750871584
|move|p2a: Terapagos|Protect|p2a: Terapagos
|-singleturn|p2a: Terapagos|Protect
|move|p2b: Ogerpon|Spiky Shield|p2b: Ogerpon
|-singleturn|p2b: Ogerpon|move: Protect
|move|p1a: Ursaluna|Hyper Voice|p2b: Ogerpon|[spread] 
|-activate|p2a: Terapagos|move: Protect
|-activate|p2b: Ogerpon|move: Protect
|move|p1b: Decidueye|Triple Arrows|p2a: Terapagos
|-activate|p2a: Terapagos|move: Protect
|
|-heal|p2a: Terapagos|91/100|[from] item: Leftovers
|upkeep
|turn|5
|
|t:|1750871605
|move|p2b: Ogerpon|Follow Me|p2b: Ogerpon
|-singleturn|p2b: Ogerpon|move: Follow Me
|move|p1a: Ursaluna|Hyper Voice|p2a: Terapagos|[spread] p2a,p2b
|-resisted|p2b: Ogerpon
|-damage|p2a: Terapagos|70/100
|-damage|p2b: Ogerpon|4/100
|-enditem|p1a: Ursaluna|Throat Spray
|-boost|p1a: Ursaluna|spa|1|[from] item: Throat Spray
|move|p1b: Decidueye|Triple Arrows|p2b: Ogerpon
|-supereffective|p2b: Ogerpon
|-crit|p2b: Ogerpon
|-damage|p2b: Ogerpon|0 fnt
|faint|p2b: Ogerpon
|move|p2a: Terapagos|Calm Mind|p2a: Terapagos
|-boost|p2a: Terapagos|spa|1
|-boost|p2a: Terapagos|spd|1
|
|-heal|p2a: Terapagos|76/100|[from] item: Leftovers
|-fieldend|move: Trick Room
|upkeep
|inactive|Cello L. has 30 seconds left.
|
|t:|1750871638
|switch|p2b: Urshifu|Urshifu-Rapid-Strike, L50, M|100/100
|turn|6
|
|t:|1750871659
|-terastallize|p2a: Terapagos|Stellar
|detailschange|p2a: Terapagos|Terapagos-Stellar, L50, M, tera:Stellar
|-heal|p2a: Terapagos|82/100|[silent]
|move|p2b: Urshifu|Surging Strikes|p1a: Ursaluna
|-supereffective|p1a: Ursaluna
|-crit|p1a: Ursaluna
|-damage|p1a: Ursaluna|68/100
|-supereffective|p1a: Ursaluna
|-crit|p1a: Ursaluna
|-damage|p1a: Ursaluna|35/100
|-supereffective|p1a: Ursaluna
|-crit|p1a: Ursaluna
|-damage|p1a: Ursaluna|0 fnt
|faint|p1a: Ursaluna
|-hitcount|p1: Ursaluna|3
|move|p2a: Terapagos|Tera Starstorm|p1b: Decidueye
|-damage|p1b: Decidueye|23/100
|move|p1b: Decidueye|Triple Arrows|p2a: Terapagos
|-supereffective|p2a: Terapagos
|-damage|p2a: Terapagos|21/100
|
|-heal|p2a: Terapagos|27/100|[from] item: Leftovers
|upkeep
|-message|Brezz998 forfeited.
|
|win|Cello L.
|raw|Brezz998's rating: 1095 &rarr; <strong>1077</strong><br />(-18 for losing)
|raw|Cello L.'s rating: 1181 &rarr; <strong>1200</strong><br />(+19 for winning)
|l|☆Brezz998
|player|p1|
|l|☆Cello L.
|player|p2|
