|j|☆Kmhhhhhh
|j|☆smario1705
|t:|1750810188
|gametype|doubles
|player|p1|Kmhhhhhh|byron|1247
|player|p2|smario1705|alder|1221
|teamsize|p1|6
|teamsize|p2|6
|gen|9
|tier|[Gen 9] VGC 2025 Reg I
|rated|
|rule|Species Clause: Limit one of each Pokémon
|rule|Item Clause: Limit 1 of each item
|clearpoke
|poke|p1|Miraidon, L50|
|poke|p1|Incineroar, L50, F|
|poke|p1|Urshifu-*, L50, F|
|poke|p1|Ursaluna, L50, M|
|poke|p1|Whimsicott, L50, F|
|poke|p1|Calyrex-Ice, L50|
|poke|p2|Koraidon, L50|
|poke|p2|Lunala, L50|
|poke|p2|Incineroar, L50, F|
|poke|p2|Amoonguss, L50, M|
|poke|p2|Grimmsnarl, L50, M|
|poke|p2|Chien-Pao, L50|
|teampreview|4
|inactive|Battle timer is ON: inactive players will automatically lose when time's up. (requested by Kmhhhhhh)
|
|t:|1750810227
|start
|switch|p1a: Calyrex|Calyrex-Ice, L50|100/100
|switch|p1b: Miraidon|Miraidon, L50|100/100
|switch|p2a: Lunala|Lunala, L50|100/100
|switch|p2b: Chien-Pao|Chien-Pao, L50|100/100
|-ability|p1a: Calyrex|As One
|-ability|p1a: Calyrex|Unnerve
|-fieldstart|move: Electric Terrain|[from] ability: Hadron Engine|[of] p1b: Miraidon
|-ability|p2b: Chien-Pao|Sword of Ruin
|turn|1
|
|t:|1750810249
|-terastallize|p1a: Calyrex|Water
|move|p2b: Chien-Pao|Ice Spinner|p1b: Miraidon
|-supereffective|p1b: Miraidon
|-damage|p1b: Miraidon|0 fnt
|-fieldend|move: Electric Terrain
|faint|p1b: Miraidon
|move|p2a: Lunala|Meteor Beam||[still]
|-prepare|p2a: Lunala|Meteor Beam
|-boost|p2a: Lunala|spa|1
|-enditem|p2a: Lunala|Power Herb
|-anim|p2a: Lunala|Meteor Beam|p1a: Calyrex
|-damage|p1a: Calyrex|45/100
|move|p1a: Calyrex|Trick Room|p1a: Calyrex
|-fieldstart|move: Trick Room|[of] p1a: Calyrex
|
|-heal|p1a: Calyrex|51/100|[from] item: Leftovers
|upkeep
|
|t:|1750810260
|switch|p1b: Whimsicott|Whimsicott, L50, F|100/100
|turn|2
|
|t:|1750810271
|move|p2b: Chien-Pao|Protect|p2b: Chien-Pao
|-singleturn|p2b: Chien-Pao|Protect
|move|p1b: Whimsicott|Taunt|p2a: Lunala
|-start|p2a: Lunala|move: Taunt
|move|p1a: Calyrex|Leech Seed|p2a: Lunala|[miss]
|-miss|p1a: Calyrex|p2a: Lunala
|cant|p2a: Lunala|move: Taunt|Trick Room
|
|-heal|p1a: Calyrex|57/100|[from] item: Leftovers
|upkeep
|turn|3
|inactive|smario1705 has 30 seconds left.
|inactive|smario1705 has 20 seconds left.
|inactive|smario1705 has 15 seconds left.
|
|t:|1750810315
|move|p1b: Whimsicott|Light Screen|p1b: Whimsicott
|-sidestart|p1: Kmhhhhhh|move: Light Screen
|move|p2b: Chien-Pao|Sucker Punch||[still]
|-fail|p2b: Chien-Pao
|move|p1a: Calyrex|Leech Seed|p2a: Lunala
|-start|p2a: Lunala|move: Leech Seed
|move|p2a: Lunala|Moongeist Beam|p1a: Calyrex
|-damage|p1a: Calyrex|13/100
|
|-heal|p1a: Calyrex|20/100|[from] item: Leftovers
|-damage|p2a: Lunala|88/100|[from] Leech Seed|[of] p1a: Calyrex
|-heal|p1a: Calyrex|35/100|[silent]
|upkeep
|turn|4
|inactive|Kmhhhhhh has 30 seconds left.
|
|t:|1750810342
|move|p1a: Calyrex|Protect|p1a: Calyrex
|-singleturn|p1a: Calyrex|Protect
|move|p2b: Chien-Pao|Sucker Punch||[still]
|-fail|p2b: Chien-Pao
|move|p2a: Lunala|Moongeist Beam|p1a: Calyrex
|-activate|p1a: Calyrex|move: Protect
|move|p1b: Whimsicott|Moonblast|p2b: Chien-Pao
|-supereffective|p2b: Chien-Pao
|-damage|p2b: Chien-Pao|12/100
|
|-heal|p1a: Calyrex|41/100|[from] item: Leftovers
|-damage|p2a: Lunala|76/100|[from] Leech Seed|[of] p1a: Calyrex
|-heal|p1a: Calyrex|57/100|[silent]
|-end|p2a: Lunala|move: Taunt
|upkeep
|turn|5
|inactive|smario1705 has 30 seconds left.
|
|t:|1750810369
|move|p2b: Chien-Pao|Sucker Punch||[still]
|-fail|p2b: Chien-Pao
|move|p1a: Calyrex|Leech Seed|p2b: Chien-Pao
|-start|p2b: Chien-Pao|move: Leech Seed
|move|p2a: Lunala|Moongeist Beam|p1a: Calyrex
|-damage|p1a: Calyrex|10/100
|move|p1b: Whimsicott|Moonblast|p2b: Chien-Pao
|-supereffective|p2b: Chien-Pao
|-damage|p2b: Chien-Pao|0 fnt
|faint|p2b: Chien-Pao
|
|-heal|p1a: Calyrex|17/100|[from] item: Leftovers
|-damage|p2a: Lunala|64/100|[from] Leech Seed|[of] p1a: Calyrex
|-heal|p1a: Calyrex|32/100|[silent]
|-fieldend|move: Trick Room
|upkeep
|
|t:|1750810394
|switch|p2b: Koraidon|Koraidon, L50|100/100
|-weather|SunnyDay|[from] ability: Orichalcum Pulse|[of] p2b: Koraidon
|-activate|p2b: Koraidon|Orichalcum Pulse|[source]
|turn|6
|
|t:|1750810414
|-terastallize|p2b: Koraidon|Fire
|move|p1a: Calyrex|Protect|p1a: Calyrex
|-singleturn|p1a: Calyrex|Protect
|move|p2b: Koraidon|Close Combat|p1a: Calyrex
|-activate|p1a: Calyrex|move: Protect
|move|p1b: Whimsicott|Moonblast|p2b: Koraidon
|-resisted|p2b: Koraidon
|-damage|p2b: Koraidon|85/100
|move|p2a: Lunala|Dazzling Gleam|p1b: Whimsicott|[spread] p1b
|-activate|p1a: Calyrex|move: Protect
|-damage|p1b: Whimsicott|75/100
|
|-weather|SunnyDay|[upkeep]
|-heal|p1a: Calyrex|38/100|[from] item: Leftovers
|-damage|p2a: Lunala|51/100|[from] Leech Seed|[of] p1a: Calyrex
|-heal|p1a: Calyrex|54/100|[silent]
|upkeep
|turn|7
|inactive|smario1705 has 30 seconds left.
|inactive|Kmhhhhhh has 30 seconds left.
|
|t:|1750810447
|move|p1b: Whimsicott|Taunt|p2b: Koraidon
|-start|p2b: Koraidon|move: Taunt
|move|p2b: Koraidon|Close Combat|p1a: Calyrex
|-damage|p1a: Calyrex|0 fnt
|-unboost|p2b: Koraidon|def|1
|-unboost|p2b: Koraidon|spd|1
|faint|p1a: Calyrex
|-damage|p2b: Koraidon|75/100|[from] item: Life Orb
|move|p2a: Lunala|Moongeist Beam|p1b: Whimsicott
|-damage|p1b: Whimsicott|4/100
|
|-weather|SunnyDay|[upkeep]
|-sideend|p1: Kmhhhhhh|move: Light Screen
|upkeep
|
|t:|1750810453
|switch|p1a: Ursaluna|Ursaluna, L50, M, shiny|100/100
|turn|8
|inactive|smario1705 has 30 seconds left.
|
|t:|1750810479
|move|p1b: Whimsicott|Taunt|p2a: Lunala
|-start|p2a: Lunala|move: Taunt
|move|p2b: Koraidon|Close Combat|p1a: Ursaluna
|-supereffective|p1a: Ursaluna
|-damage|p1a: Ursaluna|0 fnt
|-unboost|p2b: Koraidon|def|1
|-unboost|p2b: Koraidon|spd|1
|faint|p1a: Ursaluna
|-damage|p2b: Koraidon|66/100|[from] item: Life Orb
|move|p2a: Lunala|Moongeist Beam|p1b: Whimsicott
|-damage|p1b: Whimsicott|0 fnt
|faint|p1b: Whimsicott
|
|win|smario1705
|raw|Kmhhhhhh's rating: 1247 &rarr; <strong>1220</strong><br />(-27 for losing)
|raw|smario1705's rating: 1221 &rarr; <strong>1248</strong><br />(+27 for winning)
|l|☆Kmhhhhhh
|player|p1|
