|j|☆Astonished25
|j|☆99voltios
|html|<table width="100%"><tr><td align="left">Astonished25</td><td align="right">99voltios</tr><tr><td align="left"><i class="fa fa-circle-o"></i> <i class="fa fa-circle-o"></i> </td><td align="right"><i class="fa fa-circle-o"></i> <i class="fa fa-circle"></i> </tr></table>
|uhtml|bestof|<h2><strong>Game 2</strong> of <a href="/game-bestof3-gen9vgc2025regi-2391253324">a best-of-3</a></h2>
|t:|1750823553
|gametype|doubles
|player|p1|Astonished25|170|
|player|p2|99voltios|266|
|teamsize|p1|6
|teamsize|p2|6
|gen|9
|tier|[Gen 9] VGC 2025 Reg I
|rule|Species Clause: Limit one of each Pokémon
|rule|Item Clause: Limit 1 of each item
|raw|<div class="infobox"><details class="readmore" open><summary><strong>1 custom rule:</strong></summary> Best of = 3</details></div>
|clearpoke
|poke|p1|Pelipper, L50, M|
|poke|p1|Dondozo, L50, F|
|poke|p1|Tatsugiri, L50, M|
|poke|p1|Kingdra, L50, F|
|poke|p1|Gastrodon, L50, F|
|poke|p1|Gyarados, L50, F|
|poke|p2|Incineroar, L50, F|
|poke|p2|Muk-Alola, L50, F|
|poke|p2|Grimmsnarl, L50, M|
|poke|p2|Kingambit, L50, F|
|poke|p2|Ting-Lu, L50|
|poke|p2|Hydreigon, L50, M|
|teampreview|4
|inactive|Battle timer is ON: inactive players will automatically lose when time's up. (requested by Astonished25)
|j| FosaNando
Astonished25 has agreed to open team sheets.
|inactiveoff|Battle timer is now OFF.
|c| FosaNando|Ta bueno el chou
|
|t:|1750823581
|start
|switch|p1a: Pelipper|Pelipper, L50, M|100/100
|switch|p1b: Gyarados|Gyarados, L50, F|100/100
|switch|p2a: Grimmsnarl|Grimmsnarl, L50, M|100/100
|switch|p2b: Muk|Muk-Alola, L50, F|100/100
|-ability|p1b: Gyarados|Intimidate|boost
|-unboost|p2a: Grimmsnarl|atk|1
|-unboost|p2b: Muk|atk|1
|-weather|RainDance|[from] ability: Drizzle|[of] p1a: Pelipper
|turn|1
|
|t:|1750823613
|-terastallize|p2b: Muk|Water
|move|p2a: Grimmsnarl|Thunder Wave|p1b: Gyarados
|-status|p1b: Gyarados|par
|move|p1a: Pelipper|Weather Ball|p2b: Muk
|-resisted|p2b: Muk
|-damage|p2b: Muk|81/100
|move|p2b: Muk|Minimize|p2b: Muk
|-boost|p2b: Muk|evasion|2
|move|p1b: Gyarados|Taunt|p2a: Grimmsnarl
|-start|p2a: Grimmsnarl|move: Taunt
|
|-weather|RainDance|[upkeep]
|-heal|p2b: Muk|88/100|[from] item: Leftovers
|upkeep
|turn|2
|
|t:|1750823639
|switch|p1b: Dondozo|Dondozo, L50, F|100/100
|move|p1a: Pelipper|Tailwind|p1a: Pelipper
|-sidestart|p1: Astonished25|move: Tailwind
|move|p2a: Grimmsnarl|Spirit Break|p1a: Pelipper
|-damage|p1a: Pelipper|77/100
|-unboost|p1a: Pelipper|spa|1
|move|p2b: Muk|Minimize|p2b: Muk
|-boost|p2b: Muk|evasion|2
|
|-weather|RainDance|[upkeep]
|-heal|p2b: Muk|94/100|[from] item: Leftovers
|upkeep
|turn|3
|
|t:|1750823658
|switch|p1a: Tatsugiri|Tatsugiri, L50, M|100/100
|-activate|p1a: Tatsugiri|ability: Commander|[of] p1b: Dondozo
|-boost|p1b: Dondozo|atk|2
|-boost|p1b: Dondozo|spa|2
|-boost|p1b: Dondozo|spe|2
|-boost|p1b: Dondozo|def|2
|-boost|p1b: Dondozo|spd|2
|move|p1b: Dondozo|Wave Crash|p2a: Grimmsnarl
|-damage|p2a: Grimmsnarl|0 fnt
|faint|p2a: Grimmsnarl
|-ability|p2b: Muk|Prankster|[from] ability: Power of Alchemy|[of] p2a: Grimmsnarl
|-damage|p1b: Dondozo|71/100|[from] Recoil
|move|p2b: Muk|Curse|p2b: Muk
|-unboost|p2b: Muk|spe|1
|-boost|p2b: Muk|atk|1
|-boost|p2b: Muk|def|1
|
|-weather|RainDance|[upkeep]
|-heal|p2b: Muk|99/100|[from] item: Leftovers
|upkeep
|c| FosaNando|Con todo
|
|t:|1750823689
|switch|p2a: Hydreigon|Hydreigon, L50, M|100/100
|turn|4
|
|t:|1750823696
|move|p2b: Muk|Curse|p2b: Muk
|-unboost|p2b: Muk|spe|1
|-boost|p2b: Muk|atk|1
|-boost|p2b: Muk|def|1
|move|p1b: Dondozo|Wave Crash|p2a: Hydreigon
|-resisted|p2a: Hydreigon
|-damage|p2a: Hydreigon|6/100
|-damage|p1b: Dondozo|48/100|[from] Recoil
|move|p2a: Hydreigon|Snarl|p1a: Tatsugiri|[spread] p1b
|-miss|p2a: Hydreigon|p1a: Tatsugiri
|-damage|p1b: Dondozo|30/100
|
|-weather|RainDance|[upkeep]
|-heal|p2b: Muk|100/100|[from] item: Leftovers
|upkeep
|turn|5
|
|t:|1750823741
|switch|p2a: Ting-Lu|Ting-Lu, L50|100/100
|-ability|p2a: Ting-Lu|Vessel of Ruin
|move|p2b: Muk|Curse|p2b: Muk
|-unboost|p2b: Muk|spe|1
|-boost|p2b: Muk|atk|1
|-boost|p2b: Muk|def|1
|move|p1b: Dondozo|Wave Crash|p2a: Ting-Lu
|-supereffective|p2a: Ting-Lu
|-damage|p2a: Ting-Lu|0 fnt
|faint|p2a: Ting-Lu
|-damage|p1b: Dondozo|0 fnt|[from] Recoil
|faint|p1b: Dondozo
|
|-weather|none
|-sideend|p1: Astonished25|move: Tailwind
|upkeep
|
|t:|1750823759
|switch|p1b: Gyarados|Gyarados, L50, F|100/100 par
|switch|p2a: Hydreigon|Hydreigon, L50, M|6/100
|-ability|p1b: Gyarados|Intimidate|boost
|-unboost|p2a: Hydreigon|atk|1
|-unboost|p2b: Muk|atk|1
|turn|6
|
|t:|1750823803
|switch|p1b: Pelipper|Pelipper, L50, M|77/100
|-weather|RainDance|[from] ability: Drizzle|[of] p1b: Pelipper
|-terastallize|p1a: Tatsugiri|Fairy
|move|p1a: Tatsugiri|Muddy Water|p2b: Muk|[spread] p2a,p2b
|-resisted|p2a: Hydreigon
|-resisted|p2b: Muk
|-damage|p2a: Hydreigon|0 fnt
|-damage|p2b: Muk|80/100
|faint|p2a: Hydreigon
|move|p2b: Muk|Crunch|p1a: Tatsugiri
|-resisted|p1a: Tatsugiri
|-damage|p1a: Tatsugiri|54/100
|
|-weather|RainDance|[upkeep]
|-heal|p2b: Muk|87/100|[from] item: Leftovers
|upkeep
|turn|7
|
|t:|1750823821
|switch|p1a: Gyarados|Gyarados, L50, F|100/100 par
|-ability|p1a: Gyarados|Intimidate|boost
|-unboost|p2b: Muk|atk|1
|move|p2b: Muk|Curse|p2b: Muk
|-unboost|p2b: Muk|spe|1
|-boost|p2b: Muk|atk|1
|-boost|p2b: Muk|def|1
|move|p1b: Pelipper|Hurricane|p2b: Muk
|-damage|p2b: Muk|59/100
|
|-weather|RainDance|[upkeep]
|-heal|p2b: Muk|65/100|[from] item: Leftovers
|upkeep
|turn|8
|
|t:|1750823836
|switch|p1a: Tatsugiri|Tatsugiri, L50, M, tera:Fairy|54/100
|move|p2b: Muk|Curse|p2b: Muk
|-unboost|p2b: Muk|spe|1
|-boost|p2b: Muk|atk|1
|-boost|p2b: Muk|def|1
|move|p1b: Pelipper|Hurricane|p2b: Muk
|-damage|p2b: Muk|36/100
|-start|p2b: Muk|confusion
|
|-weather|RainDance|[upkeep]
|-heal|p2b: Muk|42/100|[from] item: Leftovers
|upkeep
|turn|9
|
|t:|1750823862
|switch|p1a: Gyarados|Gyarados, L50, F|100/100 par
|-ability|p1a: Gyarados|Intimidate|boost
|-unboost|p2b: Muk|atk|1
|move|p1b: Pelipper|Hurricane|p2b: Muk
|-damage|p2b: Muk|11/100
|-activate|p2b: Muk|confusion
|move|p2b: Muk|Crunch|p1a: Gyarados
|-damage|p1a: Gyarados|64/100 par
|
|-weather|RainDance|[upkeep]
|-heal|p2b: Muk|17/100|[from] item: Leftovers
|upkeep
|turn|10
|c| FosaNando|Siempre acierta
|
|t:|1750823890
|switch|p1b: Tatsugiri|Tatsugiri, L50, M, tera:Fairy|54/100
|move|p1a: Gyarados|Taunt|p2b: Muk|[miss]
|-miss|p1a: Gyarados|p2b: Muk
|-end|p2b: Muk|confusion
|move|p2b: Muk|Drain Punch|p1a: Gyarados
|-resisted|p1a: Gyarados
|-damage|p1a: Gyarados|53/100 par
|-heal|p2b: Muk|23/100|[from] drain|[of] p1a: Gyarados
|
|-weather|none
|-heal|p2b: Muk|29/100|[from] item: Leftovers
|upkeep
|turn|11
|
|t:|1750823916
|switch|p1a: Pelipper|Pelipper, L50, M|77/100
|-weather|RainDance|[from] ability: Drizzle|[of] p1a: Pelipper
|move|p2b: Muk|Curse|p2b: Muk
|-unboost|p2b: Muk|spe|1
|-boost|p2b: Muk|atk|1
|-boost|p2b: Muk|def|1
|move|p1b: Tatsugiri|Draco Meteor|p2b: Muk
|-damage|p2b: Muk|0 fnt
|-unboost|p1b: Tatsugiri|spa|2
|faint|p2b: Muk
|
|win|Astonished25
||Astonished25 is ready for game 3.
|inactive|99voltios has 30 seconds to confirm battle start!
|inactive|99voltios has 20 seconds to confirm battle start!
||99voltios is ready for game 3.
|uhtml|next|Next: <a href="/battle-gen9vgc2025regi-2391258981"><strong>Game 3 of 3</strong></a>
|l| FosaNando
|l|☆99voltios
|player|p2|
