|j|☆DaWormGod
|j|☆xibiusuado
|t:|1750872872
|gametype|doubles
|player|p1|DaWormGod|n|1019
|player|p2|xibiusuado|266|1040
|teamsize|p1|6
|teamsize|p2|6
|gen|9
|tier|[Gen 9] VGC 2025 Reg I
|rated|
|rule|Species Clause: Limit one of each Pokémon
|rule|Item Clause: Limit 1 of each item
|clearpoke
|poke|p1|Goodra-Hisui, L50, F|
|poke|p1|Ribombee, L50, M|
|poke|p1|Ceruledge, L50, F|
|poke|p1|Breloom, L50, F|
|poke|p1|Gardevoir, L50, M|
|poke|p1|Gyarados, L50, F|
|poke|p2|Miraidon, L50|
|poke|p2|Rillaboom, L50, F|
|poke|p2|Groudon, L50|
|poke|p2|Urshifu-*, L50, M|
|poke|p2|Gouging Fire, L50|
|poke|p2|Whimsicott, L50, F|
|teampreview|4
|
|t:|1750872909
|start
|switch|p1a: :)|Breloom, L50, F|100/100
|switch|p1b: Ribombee|Ribombee, L50, M, shiny|100/100
|switch|p2a: Groudon|Groudon, L50|100/100
|switch|p2b: Whimsicott|Whimsicott, L50, F|100/100
|-weather|SunnyDay|[from] ability: Drought|[of] p2a: Groudon
|turn|1
|
|t:|1750872934
|move|p2b: Whimsicott|Tailwind|p2b: Whimsicott
|-sidestart|p2: xibiusuado|move: Tailwind
|move|p2a: Groudon|Heat Crash|p1b: Ribombee
|-supereffective|p1b: Ribombee
|-enditem|p1b: Ribombee|Focus Sash
|-damage|p1b: Ribombee|1/100
|move|p1b: Ribombee|Tailwind|p1b: Ribombee
|-sidestart|p1: DaWormGod|move: Tailwind
|move|p1a: :)|Bullet Seed|p2a: Groudon
|-supereffective|p2a: Groudon
|-damage|p2a: Groudon|57/100
|-supereffective|p2a: Groudon
|-damage|p2a: Groudon|16/100
|-supereffective|p2a: Groudon
|-damage|p2a: Groudon|0 fnt
|faint|p2a: Groudon
|-hitcount|p2: Groudon|3
|
|-weather|SunnyDay|[upkeep]
|upkeep
|
|t:|1750872950
|switch|p2a: Gouging Fire|Gouging Fire, L50|100/100
|-activate|p2a: Gouging Fire|ability: Protosynthesis
|-start|p2a: Gouging Fire|protosynthesisatk
|turn|2
|
|t:|1750872970
|switch|p1a: Ceruledge|Ceruledge, L50, F|100/100
|-terastallize|p2a: Gouging Fire|Fire
|move|p1b: Ribombee|Reflect|p1b: Ribombee
|-sidestart|p1: DaWormGod|Reflect
|move|p2b: Whimsicott|Moonblast|p1b: Ribombee
|-damage|p1b: Ribombee|0 fnt
|faint|p1b: Ribombee
|move|p2a: Gouging Fire|Flare Blitz|p1a: Ceruledge
|-start|p1a: Ceruledge|ability: Flash Fire
|
|-weather|SunnyDay|[upkeep]
|upkeep
|
|t:|1750872982
|switch|p1b: Goodra|Goodra-Hisui, L50, F|100/100
|turn|3
|
|t:|1750873002
|-terastallize|p1b: Goodra|Dragon
|move|p2b: Whimsicott|Light Screen|p2b: Whimsicott
|-sidestart|p2: xibiusuado|move: Light Screen
|move|p2a: Gouging Fire|Flare Blitz|p1b: Goodra
|-resisted|p1b: Goodra
|-damage|p1b: Goodra|46/100
|-damage|p2a: Gouging Fire|83/100|[from] Recoil
|move|p1a: Ceruledge|Shadow Claw|p2a: Gouging Fire
|-crit|p2a: Gouging Fire
|-damage|p2a: Gouging Fire|23/100
|-damage|p1a: Ceruledge|91/100|[from] item: Life Orb
|move|p1b: Goodra|Dragon Pulse|p2a: Gouging Fire
|-damage|p2a: Gouging Fire|0 fnt
|faint|p2a: Gouging Fire
|-end|p2a: Gouging Fire|Protosynthesis|[silent]
|
|-weather|SunnyDay|[upkeep]
|upkeep
|
|t:|1750873017
|switch|p2a: Urshifu|Urshifu-Rapid-Strike, L50, M|100/100
|turn|4
|
|t:|1750873030
|move|p2a: Urshifu|Surging Strikes|p1a: Ceruledge
|-supereffective|p1a: Ceruledge
|-crit|p1a: Ceruledge
|-damage|p1a: Ceruledge|53/100
|-supereffective|p1a: Ceruledge
|-crit|p1a: Ceruledge
|-damage|p1a: Ceruledge|17/100
|-supereffective|p1a: Ceruledge
|-crit|p1a: Ceruledge
|-damage|p1a: Ceruledge|0 fnt
|faint|p1a: Ceruledge
|-hitcount|p1: Ceruledge|3
|move|p2b: Whimsicott|Moonblast|p1b: Goodra
|-supereffective|p1b: Goodra
|-damage|p1b: Goodra|20/100
|move|p1b: Goodra|Dragon Pulse|p2a: Urshifu
|-damage|p2a: Urshifu|49/100
|
|-weather|SunnyDay|[upkeep]
|-sideend|p2: xibiusuado|move: Tailwind
|-sideend|p1: DaWormGod|move: Tailwind
|upkeep
|
|t:|1750873045
|switch|p1a: :)|Breloom, L50, F|100/100
|turn|5
|
|t:|1750873061
|move|p2b: Whimsicott|Tailwind|p2b: Whimsicott
|-sidestart|p2: xibiusuado|move: Tailwind
|move|p2a: Urshifu|Surging Strikes|p1b: Goodra
|-resisted|p1b: Goodra
|-crit|p1b: Goodra
|-damage|p1b: Goodra|12/100
|-resisted|p1b: Goodra
|-crit|p1b: Goodra
|-damage|p1b: Goodra|5/100
|-resisted|p1b: Goodra
|-crit|p1b: Goodra
|-damage|p1b: Goodra|0 fnt
|faint|p1b: Goodra
|-hitcount|p1: Goodra|3
|move|p1a: :)|Aerial Ace|p2b: Whimsicott
|-supereffective|p2b: Whimsicott
|-damage|p2b: Whimsicott|0 fnt
|faint|p2b: Whimsicott
|
|-weather|none
|upkeep
|turn|6
|
|t:|1750873076
|move|p2a: Urshifu|Surging Strikes|p1a: :)
|-resisted|p1a: :)
|-crit|p1a: :)
|-damage|p1a: :)|76/100
|-resisted|p1a: :)
|-crit|p1a: :)
|-damage|p1a: :)|49/100
|-resisted|p1a: :)
|-crit|p1a: :)
|-damage|p1a: :)|23/100
|-hitcount|p1a: :)|3
|move|p1a: :)|Aerial Ace|p2a: Urshifu
|-supereffective|p2a: Urshifu
|-damage|p2a: Urshifu|0 fnt
|faint|p2a: Urshifu
|
|win|DaWormGod
|raw|DaWormGod's rating: 1019 &rarr; <strong>1058</strong><br />(+39 for winning)
|raw|xibiusuado's rating: 1040 &rarr; <strong>1023</strong><br />(-17 for losing)
|l|☆xibiusuado
|player|p2|
