|j|☆dman12352
|j|☆A Regu1ar Guy
|t:|1750810017
|gametype|doubles
|player|p1|dman12352|brycenman|
|player|p2|A Regu1ar Guy|elesa|
|teamsize|p1|6
|teamsize|p2|6
|gen|9
|tier|[Gen 9] VGC 2025 Reg I
|rated|Tournament battle
|rule|Species Clause: Limit one of each Pokémon
|rule|Item Clause: Limit 1 of each item
|raw|<div class="infobox"><details class="readmore" open><summary><strong>2 custom rules:</strong></summary> Force Open Team Sheets, !Open Team Sheets</details></div>
|clearpoke
|poke|p1|Incineroar, L50, M|
|poke|p1|Calyrex-Shadow, L50|
|poke|p1|Iron Bundle, L50|
|poke|p1|Koraidon, L50|
|poke|p1|Raging Bolt, L50|
|poke|p1|Kingambit, L50, M|
|poke|p2|Calyrex-Shadow, L50|
|poke|p2|Zamazenta-*, L50|
|poke|p2|Chien-Pao, L50|
|poke|p2|Rillaboom, L50, M|
|poke|p2|Raging Bolt, L50|
|poke|p2|Ogerpon-Hearthflame, L50, F|
|teampreview|4
|showteam|p1|Incineroar||RockyHelmet|Intimidate|FlareBlitz,Taunt,FakeOut,PartingShot|||M|||50|,,,,,Bug]Calyrex-Shadow||FocusSash|AsOneSpectrier|AstralBarrage,Psychic,Protect,Disable||||||50|,,,,,Dark]Iron Bundle||BoosterEnergy|QuarkDrive|FreezeDry,IcyWind,Protect,Encore||||||50|,,,,,Ghost]Koraidon||ClearAmulet|OrichalcumPulse|CollisionCourse,FlareBlitz,FlameCharge,Protect||||||50|,,,,,Fire]Raging Bolt||AssaultVest|Protosynthesis|VoltSwitch,DracoMeteor,Thunderclap,Snarl||||||50|,,,,,Fairy]Kingambit||BlackGlasses|Defiant|IronHead,KowtowCleave,SuckerPunch,Protect|||M|||50|,,,,,Fire
|showteam|p2|Calyrex-Shadow||FocusSash|AsOneSpectrier|AstralBarrage,Psychic,Encore,Protect||||||50|,,,,,Ghost]Zamazenta-Crowned||RustedShield|DauntlessShield|BodyPress,HeavySlam,WideGuard,Protect||||||50|,,,,,Dragon]Chien-Pao||LifeOrb|SwordofRuin|IceSpinner,SuckerPunch,Taunt,Protect||||||50|,,,,,Stellar]Rillaboom||AssaultVest|GrassySurge|WoodHammer,GrassyGlide,Uturn,FakeOut|||M|||50|,,,,,Fire]Raging Bolt||BoosterEnergy|Protosynthesis|Thunderbolt,Thunderclap,DragonPulse,Protect||||||50|,,,,,Electric]Ogerpon-Hearthflame||HearthflameMask|MoldBreaker|IvyCudgel,GrassyGlide,FollowMe,SpikyShield|||F|||50|,,,,,Fire
|inactive|Battle timer is ON: inactive players will automatically lose when time's up. (requested by dman12352)
|c|☆A Regu1ar Guy|Glhf
|j| HDX4
|c|☆dman12352|gl hf
|j| Tindall64
|j| Iamsliverfish
|inactive|A Regu1ar Guy has 60 seconds left.
|
|t:|1750810051
|start
|switch|p1a: Koraidon|Koraidon, L50|100/100
|switch|p1b: Iron Bundle|Iron Bundle, L50|100/100
|switch|p2a: Zamazenta|Zamazenta-Crowned, L50|100/100
|switch|p2b: Raging Bolt|Raging Bolt, L50|100/100
|-ability|p2a: Zamazenta|Dauntless Shield|boost
|-boost|p2a: Zamazenta|def|1
|-weather|SunnyDay|[from] ability: Orichalcum Pulse|[of] p1a: Koraidon
|-activate|p2b: Raging Bolt|ability: Protosynthesis
|-start|p2b: Raging Bolt|protosynthesisspa
|-activate|p1a: Koraidon|Orichalcum Pulse|[source]
|-enditem|p1b: Iron Bundle|Booster Energy
|-activate|p1b: Iron Bundle|ability: Quark Drive|[fromitem]
|-start|p1b: Iron Bundle|quarkdrivespe
|turn|1
|inactive|dman12352 has 30 seconds left.
|
|t:|1750810081
|move|p1b: Iron Bundle|Protect|p1b: Iron Bundle
|-singleturn|p1b: Iron Bundle|Protect
|move|p2a: Zamazenta|Body Press|p1b: Iron Bundle
|-activate|p1b: Iron Bundle|move: Protect
|move|p1a: Koraidon|Collision Course|p2a: Zamazenta
|-supereffective|p2a: Zamazenta
|-damage|p2a: Zamazenta|16/100
|move|p2b: Raging Bolt|Dragon Pulse|p1a: Koraidon
|-supereffective|p1a: Koraidon
|-damage|p1a: Koraidon|1/100
|
|-weather|SunnyDay|[upkeep]
|upkeep
|turn|2
|c|☆A Regu1ar Guy|Aight we switching to draco meteor after this bruh
|
|t:|1750810103
|move|p2b: Raging Bolt|Thunderclap|p1a: Koraidon
|-resisted|p1a: Koraidon
|-damage|p1a: Koraidon|0 fnt
|faint|p1a: Koraidon
|move|p1b: Iron Bundle|Freeze-Dry|p2a: Zamazenta
|-resisted|p2a: Zamazenta
|-damage|p2a: Zamazenta|4/100
|move|p2a: Zamazenta|Body Press|p1b: Iron Bundle
|-supereffective|p1b: Iron Bundle
|-damage|p1b: Iron Bundle|0 fnt
|faint|p1b: Iron Bundle
|-end|p1b: Iron Bundle|Quark Drive|[silent]
|
|-weather|SunnyDay|[upkeep]
|upkeep
|c|☆dman12352|lmao
|c|☆dman12352|goated evs
|
|t:|1750810110
|switch|p1b: Incineroar|Incineroar, L50, M|100/100
|switch|p1a: Calyrex|Calyrex-Shadow, L50|100/100
|-ability|p1a: Calyrex|As One
|-ability|p1a: Calyrex|Unnerve
|-ability|p1b: Incineroar|Intimidate|boost
|-unboost|p2a: Zamazenta|atk|1
|-unboost|p2b: Raging Bolt|atk|1
|turn|3
|c| Tindall64|dpulse is for the uncommitted
|
|t:|1750810130
|move|p2a: Zamazenta|Protect|p2a: Zamazenta
|-singleturn|p2a: Zamazenta|Protect
|move|p2b: Raging Bolt|Protect|p2b: Raging Bolt
|-singleturn|p2b: Raging Bolt|Protect
|move|p1b: Incineroar|Fake Out|p2b: Raging Bolt
|-activate|p2b: Raging Bolt|move: Protect
|move|p1a: Calyrex|Astral Barrage|p2a: Zamazenta|[spread] 
|-activate|p2a: Zamazenta|move: Protect
|-activate|p2b: Raging Bolt|move: Protect
|
|-weather|SunnyDay|[upkeep]
|upkeep
|turn|4
|
|t:|1750810141
|-terastallize|p1b: Incineroar|Bug
|move|p2b: Raging Bolt|Thunderclap|p1a: Calyrex
|-damage|p1a: Calyrex|51/100
|move|p1a: Calyrex|Astral Barrage|p2b: Raging Bolt|[spread] p2a,p2b
|-damage|p2a: Zamazenta|0 fnt
|-damage|p2b: Raging Bolt|51/100
|faint|p2a: Zamazenta
|-ability|p1a: Calyrex|Grim Neigh|boost
|-boost|p1a: Calyrex|spa|1
|move|p1b: Incineroar|Flare Blitz|p2b: Raging Bolt
|-resisted|p2b: Raging Bolt
|-damage|p2b: Raging Bolt|24/100
|-damage|p1b: Incineroar|91/100|[from] Recoil
|
|-weather|SunnyDay|[upkeep]
|upkeep
|j| Indigo Flask
|
|t:|1750810148
|switch|p2a: Ogerpon|Ogerpon-Hearthflame, L50, F|100/100
|-ability|p2a: Ogerpon|Mold Breaker
|turn|5
|l| Indigo Flask
|
|t:|1750810165
|-terastallize|p2b: Raging Bolt|Electric
|move|p2b: Raging Bolt|Thunderclap|p1a: Calyrex
|-damage|p1a: Calyrex|0 fnt
|faint|p1a: Calyrex
|move|p2a: Ogerpon|Ivy Cudgel|p1b: Incineroar|[anim] Ivy Cudgel Fire
|-supereffective|p1b: Incineroar
|-damage|p1b: Incineroar|0 fnt
|faint|p1b: Incineroar
|
|win|A Regu1ar Guy
|n|☆dman12352|dman12352
|n|☆A Regu1ar Guy|aregu1arguy
|n| HDX4|hdx4
|n| Tindall64|tindall64
|n| Iamsliverfish|iamsliverfish
