|j|☆Scottyboi3
|j|☆Tannacious
|t:|1750792217
|gametype|doubles
|player|p1|Scottyboi3|1|1046
|player|p2|Tannacious|169|1119
|teamsize|p1|6
|teamsize|p2|6
|gen|9
|tier|[Gen 9] VGC 2025 Reg I
|rated|
|rule|Species Clause: Limit one of each Pokémon
|rule|Item Clause: Limit 1 of each item
|clearpoke
|poke|p1|Incineroar, L50, M|
|poke|p1|Kyogre, L50|
|poke|p1|Tornadus, L50, M|
|poke|p1|Amoonguss, L50, F|
|poke|p1|Roaring Moon, L50|
|poke|p1|Ting-Lu, L50|
|poke|p2|Lunala, L50|
|poke|p2|Ursaluna, L50, M|
|poke|p2|Urshifu-*, L50, M|
|poke|p2|Miraidon, L50|
|poke|p2|Grimmsnarl, L50, M|
|poke|p2|Incineroar, L50, F|
|teampreview|4
|inactive|Battle timer is ON: inactive players will automatically lose when time's up. (requested by Tannacious)
|
|t:|1750792247
|start
|switch|p1a: Incineroar|Incineroar, L50, M|100/100
|switch|p1b: Ting-Lu|Ting-Lu, L50|100/100
|switch|p2a: Incineroar|Incineroar, L50, F|100/100
|switch|p2b: Miraidon|Miraidon, L50|100/100
|-fieldstart|move: Electric Terrain|[from] ability: Hadron Engine|[of] p2b: Miraidon
|-ability|p1a: Incineroar|Intimidate|boost
|-unboost|p2a: Incineroar|atk|1
|-unboost|p2b: Miraidon|atk|1
|-ability|p2a: Incineroar|Intimidate|boost
|-unboost|p1a: Incineroar|atk|1
|-unboost|p1b: Ting-Lu|atk|1
|-ability|p1b: Ting-Lu|Vessel of Ruin
|turn|1
|
|t:|1750792266
|switch|p2b: Lunala|Lunala, L50|100/100
|-enditem|p2b: Lunala|Electric Seed
|-boost|p2b: Lunala|def|1|[from] item: Electric Seed
|move|p1a: Incineroar|Fake Out|p2a: Incineroar
|-crit|p2a: Incineroar
|-damage|p2a: Incineroar|90/100
|-damage|p1a: Incineroar|84/100|[from] item: Rocky Helmet|[of] p2a: Incineroar
|cant|p2a: Incineroar|flinch
|move|p1b: Ting-Lu|Stomping Tantrum|p2b: Lunala
|-damage|p2b: Lunala|95/100
|
|upkeep
|turn|2
|inactive|Tannacious has 30 seconds left.
|inactive|Tannacious has 20 seconds left.
|inactive|Tannacious has 15 seconds left.
|
|t:|1750792308
|switch|p2a: Urshifu|Urshifu-Rapid-Strike, L50, M|100/100
|-terastallize|p2b: Lunala|Fairy
|move|p2b: Lunala|Moonblast|p1b: Ting-Lu
|-supereffective|p1b: Ting-Lu
|-damage|p1b: Ting-Lu|49/100
|move|p1a: Incineroar|Parting Shot|p2b: Lunala
|-unboost|p2b: Lunala|atk|1
|-unboost|p2b: Lunala|spa|1
|
|t:|1750792320
|switch|p1a: Roaring Moon|Roaring Moon, L50|100/100|[from] Parting Shot
|-enditem|p1a: Roaring Moon|Booster Energy
|-activate|p1a: Roaring Moon|ability: Protosynthesis|[fromitem]
|-start|p1a: Roaring Moon|protosynthesisatk
|move|p1b: Ting-Lu|Ruination|p2b: Lunala
|-damage|p2b: Lunala|48/100
|
|-heal|p1b: Ting-Lu|55/100|[from] item: Leftovers
|upkeep
|turn|3
|
|t:|1750792339
|switch|p1b: Amoonguss|Amoonguss, L50, F|100/100
|-terastallize|p1a: Roaring Moon|Flying
|move|p1a: Roaring Moon|Acrobatics|p2a: Urshifu
|-supereffective|p2a: Urshifu
|-damage|p2a: Urshifu|0 fnt
|faint|p2a: Urshifu
|move|p2b: Lunala|Trick Room|p2b: Lunala
|-fieldstart|move: Trick Room|[of] p2b: Lunala
|
|upkeep
|
|t:|1750792349
|switch|p2a: Miraidon|Miraidon, L50|100/100
|-activate|p2a: Miraidon|ability: Hadron Engine
|turn|4
|inactive|Scottyboi3 has 30 seconds left.
|
|t:|1750792376
|move|p1b: Amoonguss|Rage Powder|p1b: Amoonguss
|-singleturn|p1b: Amoonguss|move: Rage Powder
|move|p2b: Lunala|Moongeist Beam|p1b: Amoonguss
|-damage|p1b: Amoonguss|66/100
|move|p2a: Miraidon|Draco Meteor|p1b: Amoonguss
|-damage|p1b: Amoonguss|0 fnt
|-unboost|p2a: Miraidon|spa|2
|faint|p1b: Amoonguss
|move|p1a: Roaring Moon|Crunch|p2b: Lunala
|-resisted|p2b: Lunala
|-damage|p2b: Lunala|35/100
|
|upkeep
|
|t:|1750792391
|switch|p1b: Ting-Lu|Ting-Lu, L50|55/100
|-ability|p1b: Ting-Lu|Vessel of Ruin
|turn|5
|
|t:|1750792413
|switch|p2b: Incineroar|Incineroar, L50, F|90/100
|-ability|p2b: Incineroar|Intimidate|boost
|-unboost|p1a: Roaring Moon|atk|1
|-unboost|p1b: Ting-Lu|atk|1
|move|p1a: Roaring Moon|Protect|p1a: Roaring Moon
|-singleturn|p1a: Roaring Moon|Protect
|move|p1b: Ting-Lu|Ruination|p2a: Miraidon
|-damage|p2a: Miraidon|51/100
|move|p2a: Miraidon|Volt Switch|p1a: Roaring Moon
|-activate|p1a: Roaring Moon|move: Protect
|
|-heal|p1b: Ting-Lu|62/100|[from] item: Leftovers
|-fieldend|move: Electric Terrain
|upkeep
|turn|6
|inactive|Scottyboi3 has 30 seconds left.
|inactive|Tannacious has 30 seconds left.
|
|t:|1750792445
|-end|p1a: Roaring Moon|Protosynthesis|[silent]
|switch|p1a: Incineroar|Incineroar, L50, M|84/100
|-ability|p1a: Incineroar|Intimidate|boost
|-unboost|p2a: Miraidon|atk|1
|-unboost|p2b: Incineroar|atk|1
|move|p1b: Ting-Lu|Protect|p1b: Ting-Lu
|-singleturn|p1b: Ting-Lu|Protect
|move|p2b: Incineroar|Fake Out|p1b: Ting-Lu
|-activate|p1b: Ting-Lu|move: Protect
|move|p2a: Miraidon|Electro Drift|p1a: Incineroar
|-damage|p1a: Incineroar|68/100
|
|-heal|p1b: Ting-Lu|68/100|[from] item: Leftovers
|upkeep
|turn|7
|
|t:|1750792468
|switch|p2a: Lunala|Lunala, L50, tera:Fairy|35/100
|move|p1a: Incineroar|Fake Out|p2a: Lunala
|-damage|p2a: Lunala|28/100
|move|p1b: Ting-Lu|Stomping Tantrum|p2a: Lunala
|-damage|p2a: Lunala|13/100
|move|p2b: Incineroar|Will-O-Wisp|p1b: Ting-Lu
|-status|p1b: Ting-Lu|brn
|
|-heal|p1b: Ting-Lu|74/100 brn|[from] item: Leftovers
|-damage|p1b: Ting-Lu|68/100 brn|[from] brn
|-fieldend|move: Trick Room
|upkeep
|turn|8
|inactive|Scottyboi3 has 30 seconds left.
|
|t:|1750792496
|switch|p1b: Roaring Moon|Roaring Moon, L50, tera:Flying|100/100
|move|p1a: Incineroar|Snarl|p2a: Lunala|[spread] p2a,p2b
|-resisted|p2a: Lunala
|-resisted|p2b: Incineroar
|-damage|p2a: Lunala|10/100
|-damage|p2b: Incineroar|84/100
|-unboost|p2a: Lunala|spa|1
|-unboost|p2b: Incineroar|spa|1
|move|p2b: Incineroar|Knock Off|p1b: Roaring Moon
|-damage|p1b: Roaring Moon|78/100
|move|p2a: Lunala|Trick Room|p2a: Lunala
|-fieldstart|move: Trick Room|[of] p2a: Lunala
|
|upkeep
|turn|9
|inactive|Scottyboi3 has 30 seconds left.
|
|t:|1750792525
|move|p2b: Incineroar|Will-O-Wisp|p1b: Roaring Moon
|-status|p1b: Roaring Moon|brn
|move|p1a: Incineroar|Parting Shot|p2a: Lunala
|-unboost|p2a: Lunala|atk|1
|-unboost|p2a: Lunala|spa|1
|
|t:|1750792532
|switch|p1a: Ting-Lu|Ting-Lu, L50|68/100 brn|[from] Parting Shot
|-ability|p1a: Ting-Lu|Vessel of Ruin
|move|p2a: Lunala|Moongeist Beam|p1b: Roaring Moon
|-damage|p1b: Roaring Moon|58/100 brn
|move|p1b: Roaring Moon|Acrobatics|p2b: Incineroar
|-damage|p2b: Incineroar|65/100
|-damage|p1b: Roaring Moon|42/100 brn|[from] item: Rocky Helmet|[of] p2b: Incineroar
|
|-heal|p1a: Ting-Lu|74/100 brn|[from] item: Leftovers
|-damage|p1a: Ting-Lu|68/100 brn|[from] brn
|-damage|p1b: Roaring Moon|35/100 brn|[from] brn
|upkeep
|turn|10
|inactive|Scottyboi3 has 30 seconds left.
|inactive|Tannacious has 30 seconds left.
|inactive|Scottyboi3 has 20 seconds left.
|
|t:|1750792570
|-end|p1b: Roaring Moon|Protosynthesis|[silent]
|switch|p1b: Incineroar|Incineroar, L50, M|68/100
|-ability|p1b: Incineroar|Intimidate|boost
|-unboost|p2a: Lunala|atk|1
|-unboost|p2b: Incineroar|atk|1
|move|p1a: Ting-Lu|Stomping Tantrum|p2b: Incineroar
|-supereffective|p2b: Incineroar
|-damage|p2b: Incineroar|43/100
|-damage|p1a: Ting-Lu|51/100 brn|[from] item: Rocky Helmet|[of] p2b: Incineroar
|move|p2b: Incineroar|Parting Shot|p1a: Ting-Lu
|-unboost|p1a: Ting-Lu|atk|1
|-unboost|p1a: Ting-Lu|spa|1
|
|t:|1750792581
|switch|p2b: Miraidon|Miraidon, L50|51/100|[from] Parting Shot
|-fieldstart|move: Electric Terrain|[from] ability: Hadron Engine|[of] p2b: Miraidon
|move|p2a: Lunala|Moonblast|p1a: Ting-Lu
|-supereffective|p1a: Ting-Lu
|-damage|p1a: Ting-Lu|26/100 brn
|-unboost|p1a: Ting-Lu|spa|1
|
|-heal|p1a: Ting-Lu|32/100 brn|[from] item: Leftovers
|-damage|p1a: Ting-Lu|26/100 brn|[from] brn
|upkeep
|turn|11
|inactive|Tannacious has 30 seconds left.
|inactive|Tannacious has 20 seconds left.
|
|t:|1750792617
|switch|p1a: Roaring Moon|Roaring Moon, L50, tera:Flying|35/100 brn
|switch|p2b: Incineroar|Incineroar, L50, F|43/100
|-ability|p2b: Incineroar|Intimidate|boost
|-unboost|p1a: Roaring Moon|atk|1
|-unboost|p1b: Incineroar|atk|1
|move|p1b: Incineroar|Parting Shot|p2b: Incineroar
|-unboost|p2b: Incineroar|atk|1
|-unboost|p2b: Incineroar|spa|1
|
|t:|1750792627
|switch|p1b: Ting-Lu|Ting-Lu, L50|26/100 brn|[from] Parting Shot
|-ability|p1b: Ting-Lu|Vessel of Ruin
|move|p2a: Lunala|Moonblast|p1a: Roaring Moon
|-damage|p1a: Roaring Moon|14/100 brn
|-unboost|p1a: Roaring Moon|spa|1
|
|-heal|p1b: Ting-Lu|32/100 brn|[from] item: Leftovers
|-damage|p1b: Ting-Lu|26/100 brn|[from] brn
|-damage|p1a: Roaring Moon|8/100 brn|[from] brn
|upkeep
|turn|12
|
|t:|1750792645
|move|p1b: Ting-Lu|Stomping Tantrum|p2a: Lunala
|-damage|p2a: Lunala|0 fnt
|faint|p2a: Lunala
|move|p2b: Incineroar|Knock Off|p1a: Roaring Moon
|-damage|p1a: Roaring Moon|0 fnt
|faint|p1a: Roaring Moon
|-end|p1a: Roaring Moon|Protosynthesis|[silent]
|
|-heal|p1b: Ting-Lu|32/100 brn|[from] item: Leftovers
|-damage|p1b: Ting-Lu|26/100 brn|[from] brn
|-fieldend|move: Trick Room
|upkeep
|
|t:|1750792656
|switch|p1a: Incineroar|Incineroar, L50, M|68/100
|switch|p2a: Miraidon|Miraidon, L50|51/100
|-activate|p2a: Miraidon|ability: Hadron Engine
|-ability|p1a: Incineroar|Intimidate|boost
|-unboost|p2a: Miraidon|atk|1
|-unboost|p2b: Incineroar|atk|1
|turn|13
|
|t:|1750792673
|move|p1a: Incineroar|Fake Out|p2a: Miraidon
|-damage|p2a: Miraidon|42/100
|move|p2b: Incineroar|Fake Out||[still]
|-hint|Fake Out only works on your first turn out.
|-fail|p2b: Incineroar
|cant|p2a: Miraidon|flinch
|move|p1b: Ting-Lu|Stomping Tantrum|p2a: Miraidon
|-supereffective|p2a: Miraidon
|-damage|p2a: Miraidon|17/100
|
|-heal|p1b: Ting-Lu|32/100 brn|[from] item: Leftovers
|-damage|p1b: Ting-Lu|26/100 brn|[from] brn
|upkeep
|turn|14
|inactive|Scottyboi3 has 30 seconds left.
|inactive|Tannacious has 30 seconds left.
|inactive|Tannacious has 20 seconds left.
|inactive|Tannacious has 15 seconds left.
|
|t:|1750792720
|move|p2a: Miraidon|Draco Meteor|p1b: Ting-Lu
|-damage|p1b: Ting-Lu|0 fnt
|-unboost|p2a: Miraidon|spa|2
|faint|p1b: Ting-Lu
|move|p1a: Incineroar|Flare Blitz|p2a: Miraidon
|-resisted|p2a: Miraidon
|-damage|p2a: Miraidon|0 fnt
|faint|p2a: Miraidon
|-damage|p1a: Incineroar|62/100|[from] Recoil
|move|p2b: Incineroar|Knock Off|p1a: Incineroar
|-resisted|p1a: Incineroar
|-damage|p1a: Incineroar|54/100
|-enditem|p1a: Incineroar|Safety Goggles|[from] move: Knock Off|[of] p2b: Incineroar
|
|-fieldend|move: Electric Terrain
|upkeep
|turn|15
|
|t:|1750792739
|move|p1a: Incineroar|Flare Blitz|p2b: Incineroar
|-resisted|p2b: Incineroar
|-damage|p2b: Incineroar|28/100
|-damage|p1a: Incineroar|38/100|[from] item: Rocky Helmet|[of] p2b: Incineroar
|-damage|p1a: Incineroar|33/100|[from] Recoil
|move|p2b: Incineroar|Knock Off|p1a: Incineroar
|-resisted|p1a: Incineroar
|-damage|p1a: Incineroar|27/100
|
|upkeep
|turn|16
|c|☆Tannacious|uggg
|
|t:|1750792754
|move|p1a: Incineroar|Flare Blitz|p2b: Incineroar
|-resisted|p2b: Incineroar
|-damage|p2b: Incineroar|12/100
|-damage|p1a: Incineroar|10/100|[from] item: Rocky Helmet|[of] p2b: Incineroar
|-damage|p1a: Incineroar|5/100|[from] Recoil
|move|p2b: Incineroar|Knock Off|p1a: Incineroar
|-resisted|p1a: Incineroar
|-damage|p1a: Incineroar|0 fnt
|faint|p1a: Incineroar
|
|win|Tannacious
|raw|Scottyboi3's rating: 1046 &rarr; <strong>1033</strong><br />(-13 for losing)
|raw|Tannacious's rating: 1119 &rarr; <strong>1139</strong><br />(+20 for winning)
|l|☆Tannacious
|player|p2|
