|j|☆a2
|j|☆HyperRes
|t:|1750733160
|gametype|doubles
|player|p1|a2|dawn-masters|1485
|player|p2|HyperRes|miku-ground|1507
|teamsize|p1|6
|teamsize|p2|6
|gen|9
|tier|[Gen 9] VGC 2025 Reg I
|rated|
|rule|Species Clause: Limit one of each Pokémon
|rule|Item Clause: Limit 1 of each item
|clearpoke
|poke|p1|Ogerpon-Hearthflame, L50, F|
|poke|p1|Grimmsnarl, L50, M|
|poke|p1|Incineroar, L50, F|
|poke|p1|Miraidon, L50|
|poke|p1|Ursaluna, L50, M|
|poke|p1|Lunala, L50|
|poke|p2|Kyogre, L50|
|poke|p2|Calyrex-Shadow, L50|
|poke|p2|Indeedee-F, L50, F|
|poke|p2|Urshifu-*, L50, M|
|poke|p2|Grimmsnarl, L50, M|
|poke|p2|Bruxish, L50, F|
|teampreview|4
|inactive|Battle timer is ON: inactive players will automatically lose when time's up. (requested by HyperRes)
|inactive|a2 also wants the timer to be on.
|inactive|a2 has 60 seconds left.
|
|t:|1750733199
|start
|switch|p1a: Grimmsnarl|Grimmsnarl, L50, M|100/100
|switch|p1b: Lunala|Lunala, L50|100/100
|switch|p2a: Calyrex|Calyrex-Shadow, L50|100/100
|switch|p2b: Bruxish|Bruxish, L50, F|100/100
|-ability|p2a: Calyrex|As One
|-ability|p2a: Calyrex|Unnerve
|turn|1
|inactive|HyperRes has 30 seconds left.
|inactive|HyperRes has 20 seconds left.
|inactive|HyperRes has 15 seconds left.
|inactive|HyperRes has 10 seconds left.
|inactive|HyperRes has 5 seconds left.
|
|t:|1750733253
|-terastallize|p2a: Calyrex|Fire
|-terastallize|p1b: Lunala|Fairy
|move|p1a: Grimmsnarl|Light Screen|p1a: Grimmsnarl
|-sidestart|p1: a2|move: Light Screen
|move|p2b: Bruxish|Surf|p1a: Grimmsnarl|[spread] p2a,p1a,p1b
|-supereffective|p2a: Calyrex
|-damage|p2a: Calyrex|69/100
|-damage|p1a: Grimmsnarl|88/100
|-damage|p1b: Lunala|96/100
|-enditem|p2a: Calyrex|Weakness Policy
|-boost|p2a: Calyrex|atk|2|[from] item: Weakness Policy
|-boost|p2a: Calyrex|spa|2|[from] item: Weakness Policy
|move|p2a: Calyrex|Astral Barrage|p1b: Lunala|[spread] p1a,p1b
|-resisted|p1a: Grimmsnarl
|-damage|p1a: Grimmsnarl|47/100
|-damage|p1b: Lunala|42/100
|move|p1b: Lunala|Trick Room|p1b: Lunala
|-fieldstart|move: Trick Room|[of] p1b: Lunala
|
|upkeep
|turn|2
|inactive|a2 has 30 seconds left.
|inactive|a2 has 20 seconds left.
|inactive|a2 has 15 seconds left.
|inactive|a2 has 10 seconds left.
|
|t:|1750733302
|switch|p2b: Indeedee|Indeedee-F, L50, F|100/100
|-fieldstart|move: Psychic Terrain|[from] ability: Psychic Surge|[of] p2b: Indeedee
|-enditem|p2b: Indeedee|Psychic Seed
|-boost|p2b: Indeedee|spd|1|[from] item: Psychic Seed
|move|p2a: Calyrex|Protect|p2a: Calyrex
|-singleturn|p2a: Calyrex|Protect
|move|p1a: Grimmsnarl|Reflect|p1a: Grimmsnarl
|-sidestart|p1: a2|Reflect
|move|p1b: Lunala|Moongeist Beam|p2a: Calyrex
|-activate|p2a: Calyrex|move: Protect
|
|upkeep
|turn|3
|
|t:|1750733321
|move|p2b: Indeedee|Follow Me|p2b: Indeedee
|-singleturn|p2b: Indeedee|move: Follow Me
|move|p1a: Grimmsnarl|Spirit Break|p2b: Indeedee
|-damage|p2b: Indeedee|67/100
|-unboost|p2b: Indeedee|spa|1
|move|p1b: Lunala|Moongeist Beam|p2b: Indeedee
|-immune|p2b: Indeedee
|move|p2a: Calyrex|Astral Barrage|p1a: Grimmsnarl|[spread] p1a,p1b
|-resisted|p1a: Grimmsnarl
|-damage|p1a: Grimmsnarl|9/100
|-damage|p1b: Lunala|0 fnt
|faint|p1b: Lunala
|-ability|p2a: Calyrex|Grim Neigh|boost
|-boost|p2a: Calyrex|spa|1
|
|upkeep
|
|t:|1750733336
|switch|p1b: Miraidon|Miraidon, L50|100/100
|-fieldstart|move: Electric Terrain|[from] ability: Hadron Engine|[of] p1b: Miraidon
|turn|4
|
|t:|1750733352
|move|p2b: Indeedee|Follow Me|p2b: Indeedee
|-singleturn|p2b: Indeedee|move: Follow Me
|move|p1a: Grimmsnarl|Spirit Break|p2b: Indeedee
|-damage|p2b: Indeedee|33/100
|-unboost|p2b: Indeedee|spa|1
|move|p1b: Miraidon|Parabolic Charge|p2a: Calyrex|[spread] p1a,p2a,p2b
|-damage|p1a: Grimmsnarl|0 fnt
|-damage|p2a: Calyrex|24/100
|-damage|p2b: Indeedee|7/100
|faint|p1a: Grimmsnarl
|move|p2a: Calyrex|Astral Barrage|p1b: Miraidon
|-damage|p1b: Miraidon|4/100
|
|upkeep
|
|t:|1750733365
|switch|p1a: Ursaluna|Ursaluna, L50, M|100/100
|turn|5
|
|t:|1750733383
|move|p1b: Miraidon|Protect|p1b: Miraidon
|-singleturn|p1b: Miraidon|Protect
|move|p2a: Calyrex|Protect|p2a: Calyrex
|-singleturn|p2a: Calyrex|Protect
|move|p1a: Ursaluna|Earthquake|p2a: Calyrex|[spread] p2b
|-activate|p1b: Miraidon|move: Protect
|-activate|p2a: Calyrex|move: Protect
|-damage|p2b: Indeedee|0 fnt
|faint|p2b: Indeedee
|
|-fieldend|move: Trick Room
|-status|p1a: Ursaluna|brn|[from] item: Flame Orb
|upkeep
|
|t:|1750733389
|switch|p2b: Bruxish|Bruxish, L50, F|100/100
|turn|6
|inactive|a2 has 30 seconds left.
|
|t:|1750733419
|move|p2b: Bruxish|Icy Wind|p1a: Ursaluna|[spread] p1a,p1b
|-supereffective|p1a: Ursaluna
|-supereffective|p1b: Miraidon
|-damage|p1a: Ursaluna|93/100 brn
|-damage|p1b: Miraidon|0 fnt
|-unboost|p1a: Ursaluna|spe|1
|faint|p1b: Miraidon
|move|p2a: Calyrex|Expanding Force|p1a: Ursaluna
|-damage|p1a: Ursaluna|18/100 brn
|move|p1a: Ursaluna|Headlong Rush|p2a: Calyrex
|-supereffective|p2a: Calyrex
|-damage|p2a: Calyrex|0 fnt
|-unboost|p1a: Ursaluna|def|1
|-unboost|p1a: Ursaluna|spd|1
|faint|p2a: Calyrex
|
|-damage|p1a: Ursaluna|12/100 brn|[from] brn
|upkeep
|
|t:|1750733423
|switch|p2a: Kyogre|Kyogre, L50|100/100
|-weather|RainDance|[from] ability: Drizzle|[of] p2a: Kyogre
|turn|7
|c|☆HyperRes|gg
|-message|a2 forfeited.
|
|win|HyperRes
|raw|a2's rating: 1485 &rarr; <strong>1466</strong><br />(-19 for losing)
|raw|HyperRes's rating: 1507 &rarr; <strong>1526</strong><br />(+19 for winning)
|l|☆a2
|player|p1|
|l|☆HyperRes
|player|p2|
