|j|☆CrispyChrisCries
|j|☆ClumbsyLilBeach
|t:|1750876541
|gametype|doubles
|player|p1|CrispyChrisCries|colress|1125
|player|p2|ClumbsyLilBeach|jasmine|1237
|teamsize|p1|6
|teamsize|p2|6
|gen|9
|tier|[Gen 9] VGC 2025 Reg I
|rated|
|rule|Species Clause: Limit one of each Pokémon
|rule|Item Clause: Limit 1 of each item
|clearpoke
|poke|p1|Roaring Moon, L50|
|poke|p1|Sableye, L50, M|
|poke|p1|Milotic, L50, M|
|poke|p1|Palkia-Origin, L50|
|poke|p1|Terapagos, L50, M|
|poke|p1|Skeledirge, L50, M|
|poke|p2|Chien-Pao, L50|
|poke|p2|Dragonite, L50, M|
|poke|p2|Bronzong, L50|
|poke|p2|Incineroar, L50, F|
|poke|p2|Koraidon, L50|
|poke|p2|Ho-Oh, L50|
|teampreview|4
|inactive|Battle timer is ON: inactive players will automatically lose when time's up. (requested by ClumbsyLilBeach)
|inactive|CrispyChrisCries also wants the timer to be on.
|inactive|CrispyChrisCries has 60 seconds left.
|
|t:|1750876575
|start
|switch|p1a: Milotic|Milotic, L50, M|100/100
|switch|p1b: Palkia|Palkia-Origin, L50|100/100
|switch|p2a: Chien-Pao|Chien-Pao, L50|100/100
|switch|p2b: Dragonite|Dragonite, L50, M|100/100
|-ability|p2a: Chien-Pao|Sword of Ruin
|-ability|p1b: Palkia|Pressure
|turn|1
|inactive|ClumbsyLilBeach has 30 seconds left.
|
|t:|1750876608
|switch|p1a: Sableye|Sableye, L50, M|100/100
|-terastallize|p2b: Dragonite|Normal
|move|p2b: Dragonite|Extreme Speed|p1b: Palkia
|-damage|p1b: Palkia|18/100
|move|p2a: Chien-Pao|Sucker Punch|p1b: Palkia
|-damage|p1b: Palkia|0 fnt
|faint|p1b: Palkia
|
|upkeep
|
|t:|1750876617
|switch|p1b: Skeledirge|Skeledirge, L50, M|100/100
|turn|2
|
|t:|1750876626
|switch|p2b: Ho-Oh|Ho-Oh, L50|100/100
|move|p1a: Sableye|Fake Out|p2a: Chien-Pao
|-damage|p2a: Chien-Pao|91/100
|cant|p2a: Chien-Pao|flinch
|move|p1b: Skeledirge|Will-O-Wisp|p2b: Ho-Oh
|-immune|p2b: Ho-Oh
|
|upkeep
|turn|3
|
|t:|1750876644
|move|p2a: Chien-Pao|Protect|p2a: Chien-Pao
|-singleturn|p2a: Chien-Pao|Protect
|move|p2b: Ho-Oh|Earthquake|p1b: Skeledirge|[spread] p1a,p1b
|-activate|p2a: Chien-Pao|move: Protect
|-supereffective|p1b: Skeledirge
|-damage|p1a: Sableye|54/100
|-damage|p1b: Skeledirge|52/100
|move|p1b: Skeledirge|Torch Song|p2a: Chien-Pao
|-activate|p2a: Chien-Pao|move: Protect
|move|p1a: Sableye|Foul Play|p2b: Ho-Oh
|-damage|p2b: Ho-Oh|33/100
|
|upkeep
|turn|4
|
|t:|1750876661
|switch|p2a: Koraidon|Koraidon, L50|100/100
|-weather|SunnyDay|[from] ability: Orichalcum Pulse|[of] p2a: Koraidon
|-activate|p2a: Koraidon|Orichalcum Pulse|[source]
|move|p2b: Ho-Oh|Sacred Fire|p1a: Sableye
|-damage|p1a: Sableye|0 fnt
|faint|p1a: Sableye
|move|p1b: Skeledirge|Torch Song|p2a: Koraidon
|-resisted|p2a: Koraidon
|-damage|p2a: Koraidon|76/100
|-boost|p1b: Skeledirge|spa|1
|
|-weather|SunnyDay|[upkeep]
|upkeep
|
|t:|1750876674
|switch|p1a: Milotic|Milotic, L50, M|100/100
|turn|5
|
|t:|1750876694
|move|p2a: Koraidon|Close Combat|p1a: Milotic
|-damage|p1a: Milotic|2/100
|-unboost|p2a: Koraidon|def|1
|-unboost|p2a: Koraidon|spd|1
|-damage|p2a: Koraidon|59/100|[from] item: Rocky Helmet|[of] p1a: Milotic
|-damage|p2a: Koraidon|49/100|[from] item: Life Orb
|move|p2b: Ho-Oh|Brave Bird|p1b: Skeledirge
|-damage|p1b: Skeledirge|2/100
|-damage|p2b: Ho-Oh|16/100|[from] Recoil
|move|p1a: Milotic|Ice Beam|p2a: Koraidon
|-supereffective|p2a: Koraidon
|-damage|p2a: Koraidon|0 fnt
|faint|p2a: Koraidon
|move|p1b: Skeledirge|Shadow Ball|p2b: Ho-Oh
|-damage|p2b: Ho-Oh|0 fnt
|faint|p2b: Ho-Oh
|
|-weather|SunnyDay|[upkeep]
|upkeep
|
|t:|1750876715
|switch|p2a: Chien-Pao|Chien-Pao, L50|91/100
|switch|p2b: Dragonite|Dragonite, L50, M, tera:Normal|100/100
|-ability|p2a: Chien-Pao|Sword of Ruin
|turn|6
|
|t:|1750876726
|move|p1a: Milotic|Protect|p1a: Milotic
|-singleturn|p1a: Milotic|Protect
|move|p2b: Dragonite|Extreme Speed|p1a: Milotic
|-activate|p1a: Milotic|move: Protect
|move|p2a: Chien-Pao|Sucker Punch|p1b: Skeledirge
|-supereffective|p1b: Skeledirge
|-damage|p1b: Skeledirge|0 fnt
|faint|p1b: Skeledirge
|
|-weather|SunnyDay|[upkeep]
|upkeep
|turn|7
|
|t:|1750876741
|move|p2b: Dragonite|Extreme Speed|p1a: Milotic
|-damage|p1a: Milotic|0 fnt
|-damage|p2b: Dragonite|84/100|[from] item: Rocky Helmet|[of] p1a: Milotic
|faint|p1a: Milotic
|
|win|ClumbsyLilBeach
|raw|CrispyChrisCries's rating: 1125 &rarr; <strong>1108</strong><br />(-17 for losing)
|raw|ClumbsyLilBeach's rating: 1237 &rarr; <strong>1254</strong><br />(+17 for winning)
|l|☆CrispyChrisCries
|player|p1|
|l|☆ClumbsyLilBeach
|player|p2|
