|j|☆InekoAki
|j|☆What The Groudon
|t:|1750829431
|gametype|doubles
|player|p1|InekoAki|lady|1608
|player|p2|What The Groudon|acerola-masters2|1599
|teamsize|p1|6
|teamsize|p2|6
|gen|9
|tier|[Gen 9] VGC 2025 Reg I
|rated|
|rule|Species Clause: Limit one of each Pokémon
|rule|Item Clause: Limit 1 of each item
|clearpoke
|poke|p1|Calyrex-Shadow, L50|
|poke|p1|Zamazenta-*, L50|
|poke|p1|Chien-Pao, L50|
|poke|p1|Raging Bolt, L50|
|poke|p1|Rillaboom, L50, F|
|poke|p1|Entei, L50|
|poke|p2|Groudon, L50|
|poke|p2|Miraidon, L50|
|poke|p2|Entei, L50|
|poke|p2|Whimsicott, L50, M|
|poke|p2|Urshifu-*, L50, F|
|poke|p2|Volcarona, L50, M|
|teampreview|4
|inactive|Battle timer is ON: inactive players will automatically lose when time's up. (requested by What The Groudon)
|j| HeMi118
|inactive|InekoAki has 60 seconds left.
|l| HeMi118
|inactive|InekoAki has 30 seconds left.
|inactive|InekoAki has 20 seconds left.
|inactive|InekoAki has 15 seconds left.
|j| Prasoooon
|inactive|InekoAki has 10 seconds left.
|inactive|InekoAki has 5 seconds left.
|
|t:|1750829518
|start
|switch|p1a: Calyrex|Calyrex-Shadow, L50|100/100
|switch|p1b: Zamazenta|Zamazenta-Crowned, L50|100/100
|switch|p2a: Miraidon|Miraidon, L50|100/100
|switch|p2b: Volcarona|Volcarona, L50, M|100/100
|-ability|p1a: Calyrex|As One
|-ability|p1a: Calyrex|Unnerve
|-fieldstart|move: Electric Terrain|[from] ability: Hadron Engine|[of] p2a: Miraidon
|-enditem|p2b: Volcarona|Electric Seed
|-boost|p2b: Volcarona|def|1|[from] item: Electric Seed
|-ability|p1b: Zamazenta|Dauntless Shield|boost
|-boost|p1b: Zamazenta|def|1
|turn|1
|j| Samevgcmons
|inactive|InekoAki has 30 seconds left.
|inactive|What The Groudon has 30 seconds left.
|
|t:|1750829544
|-terastallize|p1b: Zamazenta|Dragon
|move|p1a: Calyrex|Astral Barrage|p2a: Miraidon|[spread] p2a,p2b
|-damage|p2a: Miraidon|59/100
|-damage|p2b: Volcarona|55/100
|move|p2a: Miraidon|Volt Switch|p1a: Calyrex
|-enditem|p1a: Calyrex|Focus Sash
|-damage|p1a: Calyrex|1/100
|
|t:|1750829553
|switch|p2a: Whimsicott|Whimsicott, L50, M|100/100|[from] Volt Switch
|move|p1b: Zamazenta|Body Press|p2b: Volcarona
|-resisted|p2b: Volcarona
|-damage|p2b: Volcarona|31/100
|-status|p1b: Zamazenta|brn|[from] ability: Flame Body|[of] p2b: Volcarona
|move|p2b: Volcarona|Will-O-Wisp|p1b: Zamazenta
|-fail|p1b: Zamazenta|brn
|
|-damage|p1b: Zamazenta|94/100 brn|[from] brn
|upkeep
|turn|2
|inactive|InekoAki has 30 seconds left.
|
|t:|1750829587
|switch|p1a: Raging Bolt|Raging Bolt, L50|100/100
|-enditem|p1a: Raging Bolt|Booster Energy
|-activate|p1a: Raging Bolt|ability: Protosynthesis|[fromitem]
|-start|p1a: Raging Bolt|protosynthesisspa
|move|p2a: Whimsicott|Tailwind|p2a: Whimsicott
|-sidestart|p2: What The Groudon|move: Tailwind
|move|p2b: Volcarona|Struggle Bug|p1a: Raging Bolt|[spread] p1a,p1b
|-damage|p1a: Raging Bolt|87/100
|-damage|p1b: Zamazenta|82/100 brn
|-unboost|p1a: Raging Bolt|spa|1
|-unboost|p1b: Zamazenta|spa|1
|move|p1b: Zamazenta|Behemoth Bash|p2a: Whimsicott
|-supereffective|p2a: Whimsicott
|-damage|p2a: Whimsicott|50/100
|
|-damage|p1b: Zamazenta|75/100 brn|[from] brn
|upkeep
|turn|3
|inactive|InekoAki has 30 seconds left.
|
|t:|1750829617
|move|p1b: Zamazenta|Wide Guard|p1b: Zamazenta
|-singleturn|p1b: Zamazenta|Wide Guard
|move|p2a: Whimsicott|Light Screen|p2a: Whimsicott
|-sidestart|p2: What The Groudon|move: Light Screen
|move|p2b: Volcarona|Struggle Bug|p1b: Zamazenta|[spread] 
|-activate|p1a: Raging Bolt|move: Wide Guard
|-activate|p1b: Zamazenta|move: Wide Guard
|move|p1a: Raging Bolt|Thunderbolt|p2b: Volcarona
|-damage|p2b: Volcarona|0 fnt
|faint|p2b: Volcarona
|
|-damage|p1b: Zamazenta|69/100 brn|[from] brn
|upkeep
|
|t:|1750829621
|switch|p2b: Miraidon|Miraidon, L50|59/100
|-activate|p2b: Miraidon|ability: Hadron Engine
|turn|4
|
|t:|1750829639
|move|p1b: Zamazenta|Protect||[still]
|-fail|p1b: Zamazenta
|move|p1a: Raging Bolt|Protect|p1a: Raging Bolt
|-singleturn|p1a: Raging Bolt|Protect
|move|p2a: Whimsicott|Moonblast|p1b: Zamazenta
|-supereffective|p1b: Zamazenta
|-damage|p1b: Zamazenta|28/100 brn
|-unboost|p1b: Zamazenta|spa|1
|move|p2b: Miraidon|Draco Meteor|p1a: Raging Bolt
|-activate|p1a: Raging Bolt|move: Protect
|
|-damage|p1b: Zamazenta|22/100 brn|[from] brn
|upkeep
|turn|5
|inactive|InekoAki has 30 seconds left.
|j| kaminazalil
|inactive|InekoAki has 20 seconds left.
|inactive|InekoAki has 15 seconds left.
|inactive|InekoAki has 10 seconds left.
|
|t:|1750829688
|move|p1b: Zamazenta|Protect|p1b: Zamazenta
|-singleturn|p1b: Zamazenta|Protect
|move|p1a: Raging Bolt|Thunderclap|p2a: Whimsicott
|-resisted|p2a: Whimsicott
|-damage|p2a: Whimsicott|27/100
|move|p2a: Whimsicott|Moonblast|p1b: Zamazenta
|-activate|p1b: Zamazenta|move: Protect
|move|p2b: Miraidon|Draco Meteor|p1a: Raging Bolt|[miss]
|-miss|p2b: Miraidon|p1a: Raging Bolt
|
|-damage|p1b: Zamazenta|16/100 brn|[from] brn
|-sideend|p2: What The Groudon|move: Tailwind
|-fieldend|move: Electric Terrain
|upkeep
|turn|6
|inactive|InekoAki has 30 seconds left.
|
|t:|1750829718
|move|p2a: Whimsicott|Tailwind|p2a: Whimsicott
|-sidestart|p2: What The Groudon|move: Tailwind
|move|p2b: Miraidon|Draco Meteor|p1a: Raging Bolt
|-supereffective|p1a: Raging Bolt
|-damage|p1a: Raging Bolt|0 fnt
|-unboost|p2b: Miraidon|spa|2
|faint|p1a: Raging Bolt
|-end|p1a: Raging Bolt|Protosynthesis|[silent]
|move|p1b: Zamazenta|Behemoth Bash|p2a: Whimsicott
|-supereffective|p2a: Whimsicott
|-damage|p2a: Whimsicott|0 fnt
|faint|p2a: Whimsicott
|
|-damage|p1b: Zamazenta|10/100 brn|[from] brn
|upkeep
|
|t:|1750829733
|switch|p2a: Groudon|Groudon, L50|100/100
|switch|p1a: Chien-Pao|Chien-Pao, L50|100/100
|-weather|SunnyDay|[from] ability: Drought|[of] p2a: Groudon
|-ability|p1a: Chien-Pao|Sword of Ruin
|turn|7
|
|t:|1750829745
|-terastallize|p2b: Miraidon|Fairy
|move|p1b: Zamazenta|Wide Guard|p1b: Zamazenta
|-singleturn|p1b: Zamazenta|Wide Guard
|move|p1a: Chien-Pao|Ice Shard|p2b: Miraidon
|-damage|p2b: Miraidon|24/100
|-damage|p1a: Chien-Pao|91/100|[from] item: Life Orb
|move|p2b: Miraidon|Draco Meteor|p1a: Chien-Pao
|-damage|p1a: Chien-Pao|24/100
|-unboost|p2b: Miraidon|spa|2
|move|p2a: Groudon|Precipice Blades|p1a: Chien-Pao|[spread] 
|-activate|p1a: Chien-Pao|move: Wide Guard
|-activate|p1b: Zamazenta|move: Wide Guard
|
|-weather|SunnyDay|[upkeep]
|-damage|p1b: Zamazenta|3/100 brn|[from] brn
|-sideend|p2: What The Groudon|move: Light Screen
|upkeep
|turn|8
|l| Samevgcmons
|inactive|InekoAki has 30 seconds left.
|inactive|InekoAki has 20 seconds left.
|inactive|InekoAki has 15 seconds left.
|inactive|What The Groudon has 30 seconds left.
|
|t:|1750829786
|move|p1b: Zamazenta|Protect||[still]
|-fail|p1b: Zamazenta
|move|p1a: Chien-Pao|Ice Shard|p2a: Groudon
|-supereffective|p2a: Groudon
|-damage|p2a: Groudon|43/100
|-damage|p1a: Chien-Pao|15/100|[from] item: Life Orb
|move|p2b: Miraidon|Draco Meteor|p1a: Chien-Pao
|-damage|p1a: Chien-Pao|0 fnt
|-unboost|p2b: Miraidon|spa|2
|faint|p1a: Chien-Pao
|move|p2a: Groudon|Heat Crash|p1b: Zamazenta
|-resisted|p1b: Zamazenta
|-damage|p1b: Zamazenta|0 fnt
|faint|p1b: Zamazenta
|
|-weather|SunnyDay|[upkeep]
|upkeep
|
|t:|1750829804
|switch|p1a: Calyrex|Calyrex-Shadow, L50|1/100
|-ability|p1a: Calyrex|As One
|-ability|p1a: Calyrex|Unnerve
|turn|9
|
|t:|1750829810
|move|p1a: Calyrex|Protect|p1a: Calyrex
|-singleturn|p1a: Calyrex|Protect
|move|p2b: Miraidon|Draco Meteor|p1a: Calyrex
|-activate|p1a: Calyrex|move: Protect
|move|p2a: Groudon|Heat Crash|p1a: Calyrex
|-activate|p1a: Calyrex|move: Protect
|
|-weather|SunnyDay|[upkeep]
|-sideend|p2: What The Groudon|move: Tailwind
|upkeep
|turn|10
|
|t:|1750829821
|move|p1a: Calyrex|Astral Barrage|p2a: Groudon|[spread] p2a,p2b
|-damage|p2a: Groudon|0 fnt
|-damage|p2b: Miraidon|0 fnt
|faint|p2a: Groudon
|faint|p2b: Miraidon
|
|win|InekoAki
|raw|InekoAki's rating: 1608 &rarr; <strong>1627</strong><br />(+19 for winning)
|raw|What The Groudon's rating: 1599 &rarr; <strong>1580</strong><br />(-19 for losing)
|l| kaminazalil
|l|☆What The Groudon
|player|p2|
|l| Prasoooon
|l|☆InekoAki
|player|p1|
