|j|☆absalerno
|j|☆alethor
|t:|1750830938
|gametype|doubles
|player|p1|absalerno|cynthia-gen4|1012
|player|p2|alethor|gambler|1009
|teamsize|p1|6
|teamsize|p2|6
|gen|9
|tier|[Gen 9] VGC 2025 Reg I
|rated|
|rule|Species Clause: Limit one of each Pokémon
|rule|Item Clause: Limit 1 of each item
|clearpoke
|poke|p1|Lunala, L50|
|poke|p1|Incineroar, L50, M|
|poke|p1|Brute Bonnet, L50|
|poke|p1|Chi-Yu, L50|
|poke|p1|Koraidon, L50|
|poke|p1|Flutter Mane, L50|
|poke|p2|Primarina, L50, F|
|poke|p2|Gothitelle, L50, F|
|poke|p2|Grimmsnarl, L50, M|
|poke|p2|Flutter Mane, L50|
|poke|p2|Dugtrio, L50, M|
|poke|p2|Clefairy, L50, F|
|teampreview|4
|inactive|Battle timer is ON: inactive players will automatically lose when time's up. (requested by alethor)
|inactive|alethor has 60 seconds left.
|
|t:|1750830974
|start
|switch|p1a: Flutter Mane|Flutter Mane, L50|100/100
|switch|p1b: Koraidon|Koraidon, L50|100/100
|switch|p2a: Primarina|Primarina, L50, F|100/100
|switch|p2b: Gothitelle|Gothitelle, L50, F|100/100
|-weather|SunnyDay|[from] ability: Orichalcum Pulse|[of] p1b: Koraidon
|-activate|p1a: Flutter Mane|ability: Protosynthesis
|-start|p1a: Flutter Mane|protosynthesisspe
|-activate|p1b: Koraidon|Orichalcum Pulse|[source]
|turn|1
|inactive|absalerno has 30 seconds left.
|inactive|alethor has 30 seconds left.
|
|t:|1750831001
|-terastallize|p1a: Flutter Mane|Normal
|move|p1b: Koraidon|Protect|p1b: Koraidon
|-singleturn|p1b: Koraidon|Protect
|move|p2b: Gothitelle|Fake Out|p1b: Koraidon
|-activate|p1b: Koraidon|move: Protect
|move|p1a: Flutter Mane|Shadow Ball|p2b: Gothitelle
|-supereffective|p2b: Gothitelle
|-damage|p2b: Gothitelle|39/100
|move|p2a: Primarina|Perish Song|p2a: Primarina
|-start|p1a: Flutter Mane|perish3|[silent]
|-start|p1b: Koraidon|perish3|[silent]
|-start|p2a: Primarina|perish3|[silent]
|-start|p2b: Gothitelle|perish3|[silent]
|-fieldactivate|move: Perish Song
|
|-weather|SunnyDay|[upkeep]
|-start|p1a: Flutter Mane|perish3
|-start|p1b: Koraidon|perish3
|-start|p2a: Primarina|perish3
|-start|p2b: Gothitelle|perish3
|upkeep
|turn|2
|inactive|absalerno has 30 seconds left.
|inactive|alethor has 30 seconds left.
|inactive|absalerno has 20 seconds left.
|inactive|alethor has 20 seconds left.
|
|t:|1750831038
|move|p2a: Primarina|Protect|p2a: Primarina
|-singleturn|p2a: Primarina|Protect
|move|p2b: Gothitelle|Protect|p2b: Gothitelle
|-singleturn|p2b: Gothitelle|Protect
|move|p1a: Flutter Mane|Shadow Ball|p2b: Gothitelle
|-activate|p2b: Gothitelle|move: Protect
|move|p1b: Koraidon|Flame Charge|p2a: Primarina
|-activate|p2a: Primarina|move: Protect
|
|-weather|SunnyDay|[upkeep]
|-start|p1a: Flutter Mane|perish2
|-start|p1b: Koraidon|perish2
|-start|p2a: Primarina|perish2
|-start|p2b: Gothitelle|perish2
|upkeep
|turn|3
|inactive|alethor has 30 seconds left.
|
|t:|1750831065
|-terastallize|p2b: Gothitelle|Normal
|move|p1a: Flutter Mane|Shadow Ball|p2b: Gothitelle
|-immune|p2b: Gothitelle
|move|p1b: Koraidon|Flame Charge|p2a: Primarina
|-resisted|p2a: Primarina
|-damage|p2a: Primarina|71/100
|-boost|p1b: Koraidon|spe|1
|-damage|p1b: Koraidon|91/100|[from] item: Life Orb
|move|p2a: Primarina|Flip Turn|p1b: Koraidon
|-resisted|p1b: Koraidon
|-damage|p1b: Koraidon|87/100
|
|t:|1750831085
|switch|p2a: Dugtrio|Dugtrio, L50, M|100/100|[from] Flip Turn
|move|p2b: Gothitelle|Substitute|p2b: Gothitelle
|-start|p2b: Gothitelle|Substitute
|-damage|p2b: Gothitelle|15/100
|
|-weather|SunnyDay|[upkeep]
|-start|p1b: Koraidon|perish1
|-start|p1a: Flutter Mane|perish1
|-start|p2b: Gothitelle|perish1
|upkeep
|turn|4
|inactive|absalerno has 30 seconds left.
|
|t:|1750831113
|switch|p2b: Primarina|Primarina, L50, F|71/100
|move|p2a: Dugtrio|Protect|p2a: Dugtrio
|-singleturn|p2a: Dugtrio|Protect
|move|p1a: Flutter Mane|Icy Wind|p2b: Primarina|[spread] p2b
|-activate|p2a: Dugtrio|move: Protect
|-resisted|p2b: Primarina
|-damage|p2b: Primarina|65/100
|-unboost|p2b: Primarina|spe|1
|move|p1b: Koraidon|Flame Charge|p2b: Primarina
|-resisted|p2b: Primarina
|-damage|p2b: Primarina|39/100
|-boost|p1b: Koraidon|spe|1
|-damage|p1b: Koraidon|78/100|[from] item: Life Orb
|
|-weather|SunnyDay|[upkeep]
|-heal|p2b: Primarina|45/100|[from] item: Leftovers
|-start|p1b: Koraidon|perish0
|-start|p1a: Flutter Mane|perish0
|faint|p1b: Koraidon
|faint|p1a: Flutter Mane
|-end|p1a: Flutter Mane|Protosynthesis|[silent]
|upkeep
|
|t:|1750831137
|switch|p1b: Brute Bonnet|Brute Bonnet, L50|100/100
|switch|p1a: Chi-Yu|Chi-Yu, L50|100/100
|-ability|p1a: Chi-Yu|Beads of Ruin
|-activate|p1b: Brute Bonnet|ability: Protosynthesis
|-start|p1b: Brute Bonnet|protosynthesisdef
|turn|5
|inactive|absalerno has 30 seconds left.
|inactive|alethor has 30 seconds left.
|
|t:|1750831169
|move|p1a: Chi-Yu|Dark Pulse|p2b: Primarina
|-resisted|p2b: Primarina
|-damage|p2b: Primarina|19/100
|move|p2a: Dugtrio|Dig||[still]
|-prepare|p2a: Dugtrio|Dig
|cant|p2b: Primarina|flinch
|move|p1b: Brute Bonnet|Spore|p2a: Dugtrio|[miss]
|-miss|p1b: Brute Bonnet|p2a: Dugtrio
|
|-weather|none
|-end|p1b: Brute Bonnet|Protosynthesis
|-heal|p2b: Primarina|25/100|[from] item: Leftovers
|upkeep
|turn|6
|
|t:|1750831185
|move|p1a: Chi-Yu|Dark Pulse|p2b: Primarina
|-resisted|p2b: Primarina
|-damage|p2b: Primarina|0 fnt
|faint|p2b: Primarina
|move|p2a: Dugtrio|Dig|p1a: Chi-Yu|[from] lockedmove
|-supereffective|p1a: Chi-Yu
|-damage|p1a: Chi-Yu|7/100
|move|p1b: Brute Bonnet|Spore|p2a: Dugtrio
|-status|p2a: Dugtrio|slp|[from] move: Spore
|
|upkeep
|
|t:|1750831196
|switch|p2b: Gothitelle|Gothitelle, L50, F, tera:Normal|15/100
|turn|7
|
|t:|1750831211
|move|p2b: Gothitelle|Fake Out|p1a: Chi-Yu
|-damage|p1a: Chi-Yu|0 fnt
|faint|p1a: Chi-Yu
|move|p1b: Brute Bonnet|Sucker Punch||[still]
|-fail|p1b: Brute Bonnet
|cant|p2a: Dugtrio|slp
|
|upkeep
|turn|8
|
|t:|1750831234
|cant|p2a: Dugtrio|slp
|move|p2b: Gothitelle|Thunder Wave|p1b: Brute Bonnet
|-status|p1b: Brute Bonnet|par
|move|p1b: Brute Bonnet|Seed Bomb|p2b: Gothitelle
|-damage|p2b: Gothitelle|0 fnt
|faint|p2b: Gothitelle
|
|upkeep
|
|t:|1750831258
|switch|p2b: Flutter Mane|Flutter Mane, L50|100/100
|-enditem|p2b: Flutter Mane|Booster Energy
|-activate|p2b: Flutter Mane|ability: Protosynthesis|[fromitem]
|-start|p2b: Flutter Mane|protosynthesisspe
|turn|9
|
|t:|1750831274
|move|p2b: Flutter Mane|Phantom Force||[still]
|-prepare|p2b: Flutter Mane|Phantom Force
|-curestatus|p2a: Dugtrio|slp|[msg]
|move|p2a: Dugtrio|Dig||[still]
|-prepare|p2a: Dugtrio|Dig
|cant|p1b: Brute Bonnet|par
|
|upkeep
|turn|10
|-message|absalerno forfeited.
|
|win|alethor
|raw|absalerno's rating: 1012 &rarr; <strong>1000</strong><br />(-12 for losing)
|raw|alethor's rating: 1009 &rarr; <strong>1048</strong><br />(+39 for winning)
|l|☆absalerno
|player|p1|
