|j|☆Cameronvgc
|j|☆pkmnboo
|t:|1750849804
|gametype|doubles
|player|p1|Cameronvgc|roughneck-gen4|1112
|player|p2|pkmnboo|rood|1161
|teamsize|p1|6
|teamsize|p2|6
|gen|9
|tier|[Gen 9] VGC 2025 Reg I
|rated|
|rule|Species Clause: Limit one of each Pokémon
|rule|Item Clause: Limit 1 of each item
|clearpoke
|poke|p1|Calyrex-Shadow, L50|
|poke|p1|Chi-Yu, L50|
|poke|p1|Indeedee-F, L50, F|
|poke|p1|Brute Bonnet, L50|
|poke|p1|Koraidon, L50|
|poke|p1|Gardevoir, L50, F|
|poke|p2|Calyrex-Shadow, L50|
|poke|p2|Ogerpon, L50, F|
|poke|p2|Zacian-*, L50|
|poke|p2|Incineroar, L50, F|
|poke|p2|Rillaboom, L50, F|
|poke|p2|Urshifu-*, L50, F|
|teampreview|4
|inactive|Battle timer is ON: inactive players will automatically lose when time's up. (requested by pkmnboo)
|
|t:|1750849830
|start
|switch|p1a: Calyrex|Calyrex-Shadow, L50|100/100
|switch|p1b: Gardevoir|Gardevoir, L50, F|100/100
|switch|p2a: Zacian|Zacian-Crowned, L50|100/100
|switch|p2b: Urshifu|Urshifu-Rapid-Strike, L50, F|100/100
|-ability|p1a: Calyrex|As One
|-ability|p1a: Calyrex|Unnerve
|-ability|p2a: Zacian|Intrepid Sword|boost
|-boost|p2a: Zacian|atk|1
|-ability|p1b: Gardevoir|Intrepid Sword|boost
|-boost|p1b: Gardevoir|atk|1
|-ability|p1b: Gardevoir|Intrepid Sword|[from] ability: Trace|[of] p2a: Zacian
|turn|1
|
|t:|1750849841
|-terastallize|p1a: Calyrex|Ghost
|move|p1b: Gardevoir|Shadow Sneak|p1a: Calyrex
|-supereffective|p1a: Calyrex
|-damage|p1a: Calyrex|78/100
|-enditem|p1a: Calyrex|Weakness Policy
|-boost|p1a: Calyrex|atk|2|[from] item: Weakness Policy
|-boost|p1a: Calyrex|spa|2|[from] item: Weakness Policy
|move|p2b: Urshifu|U-turn|p1a: Calyrex
|-resisted|p1a: Calyrex
|-damage|p1a: Calyrex|62/100
|
|t:|1750849850
|switch|p2b: Incineroar|Incineroar, L50, F|100/100|[from] U-turn
|-ability|p2b: Incineroar|Intimidate|boost
|-unboost|p1a: Calyrex|atk|1
|-unboost|p1b: Gardevoir|atk|1
|move|p1a: Calyrex|Astral Barrage|p2b: Incineroar|[spread] p2a,p2b
|-resisted|p2b: Incineroar
|-damage|p2a: Zacian|0 fnt
|-damage|p2b: Incineroar|39/100
|faint|p2a: Zacian
|-ability|p1a: Calyrex|Grim Neigh|boost
|-boost|p1a: Calyrex|spa|1
|
|upkeep
|
|t:|1750849862
|switch|p2a: Urshifu|Urshifu-Rapid-Strike, L50, F|100/100
|turn|2
|
|t:|1750849868
|move|p1b: Gardevoir|Helping Hand|p1a: Calyrex
|-singleturn|p1a: Calyrex|Helping Hand|[of] p1b: Gardevoir
|move|p2b: Incineroar|Fake Out|p1b: Gardevoir
|-damage|p1b: Gardevoir|86/100
|move|p2a: Urshifu|Surging Strikes|p1a: Calyrex
|-crit|p1a: Calyrex
|-damage|p1a: Calyrex|34/100
|-crit|p1a: Calyrex
|-damage|p1a: Calyrex|6/100
|-crit|p1a: Calyrex
|-damage|p1a: Calyrex|0 fnt
|faint|p1a: Calyrex
|-hitcount|p1: Calyrex|3
|
|upkeep
|
|t:|1750849882
|switch|p1a: Koraidon|Koraidon, L50|100/100
|-weather|SunnyDay|[from] ability: Orichalcum Pulse|[of] p1a: Koraidon
|-activate|p1a: Koraidon|Orichalcum Pulse|[source]
|turn|3
|
|t:|1750849894
|switch|p2a: Rillaboom|Rillaboom, L50, F|100/100
|-fieldstart|move: Grassy Terrain|[from] ability: Grassy Surge|[of] p2a: Rillaboom
|-terastallize|p2b: Incineroar|Bug
|move|p1a: Koraidon|Close Combat|p2b: Incineroar
|-resisted|p2b: Incineroar
|-damage|p2b: Incineroar|0 fnt
|-unboost|p1a: Koraidon|def|1
|-unboost|p1a: Koraidon|spd|1
|faint|p2b: Incineroar
|-damage|p1a: Koraidon|91/100|[from] item: Life Orb
|move|p1b: Gardevoir|Moonblast|p2a: Rillaboom
|-damage|p2a: Rillaboom|77/100
|-unboost|p2a: Rillaboom|spa|1
|
|-weather|SunnyDay|[upkeep]
|-heal|p1a: Koraidon|96/100|[from] Grassy Terrain
|-heal|p2a: Rillaboom|83/100|[from] Grassy Terrain
|-heal|p1b: Gardevoir|92/100|[from] Grassy Terrain
|upkeep
|
|t:|1750849903
|switch|p2b: Urshifu|Urshifu-Rapid-Strike, L50, F|100/100
|turn|4
|
|t:|1750849913
|move|p2a: Rillaboom|Fake Out|p1a: Koraidon
|-damage|p1a: Koraidon|79/100
|move|p2b: Urshifu|Close Combat|p1a: Koraidon
|-damage|p1a: Koraidon|0 fnt
|-unboost|p2b: Urshifu|def|1
|-unboost|p2b: Urshifu|spd|1
|faint|p1a: Koraidon
|move|p1b: Gardevoir|Moonblast|p2b: Urshifu
|-supereffective|p2b: Urshifu
|-damage|p2b: Urshifu|0 fnt
|faint|p2b: Urshifu
|
|-weather|SunnyDay|[upkeep]
|-heal|p2a: Rillaboom|88/100|[from] Grassy Terrain
|-heal|p1b: Gardevoir|98/100|[from] Grassy Terrain
|upkeep
|
|t:|1750849923
|switch|p1a: Chi-Yu|Chi-Yu, L50|100/100
|-ability|p1a: Chi-Yu|Beads of Ruin
|turn|5
|-message|pkmnboo forfeited.
|
|win|Cameronvgc
|raw|Cameronvgc's rating: 1112 &rarr; <strong>1141</strong><br />(+29 for winning)
|raw|pkmnboo's rating: 1161 &rarr; <strong>1132</strong><br />(-29 for losing)
|l|☆pkmnboo
|player|p2|
|l|☆Cameronvgc
|player|p1|
