|j|☆Tepig_nNz_498
|j|☆wizzpoower
|t:|1750835213
|gametype|doubles
|player|p1|Tepig_nNz_498|102|1407
|player|p2|wizzpoower|101|1451
|teamsize|p1|6
|teamsize|p2|6
|gen|9
|tier|[Gen 9] VGC 2025 Reg I
|rated|
|rule|Species Clause: Limit one of each Pokémon
|rule|Item Clause: Limit 1 of each item
|clearpoke
|poke|p1|Ludicolo, L50, M|
|poke|p1|Kyogre, L50|
|poke|p1|Tornadus, L50, M|
|poke|p1|Primarina, L50, F|
|poke|p1|Zacian-*, L50|
|poke|p1|Urshifu-*, L50, M|
|poke|p2|Lunala, L50|
|poke|p2|Ursaluna, L50, F|
|poke|p2|Urshifu-*, L50, M|
|poke|p2|Miraidon, L50|
|poke|p2|Incineroar, L50, F|
|poke|p2|Whimsicott, L50, F|
|teampreview|4
|inactive|Battle timer is ON: inactive players will automatically lose when time's up. (requested by Tepig_nNz_498)
Tepig_nNz_498 rejected open team sheets.
|
|t:|1750835251
|start
|switch|p1a: Kyogre|Kyogre, L50|100/100
|switch|p1b: Tornadus|Tornadus, L50, M|100/100
|switch|p2a: Lunala|Lunala, L50|100/100
|switch|p2b: Miraidon|Miraidon, L50|100/100
|-fieldstart|move: Electric Terrain|[from] ability: Hadron Engine|[of] p2b: Miraidon
|-enditem|p2a: Lunala|Electric Seed
|-boost|p2a: Lunala|def|1|[from] item: Electric Seed
|-weather|RainDance|[from] ability: Drizzle|[of] p1a: Kyogre
|turn|1
|j| Wzi
|inactive|wizzpoower has 30 seconds left.
|
|t:|1750835281
|-terastallize|p1a: Kyogre|Grass
|move|p2a: Lunala|Wide Guard|p2a: Lunala
|-singleturn|p2a: Lunala|Wide Guard
|move|p1b: Tornadus|Taunt|p2a: Lunala
|-start|p2a: Lunala|move: Taunt
|move|p2b: Miraidon|Volt Switch|p1b: Tornadus
|-supereffective|p1b: Tornadus
|-enditem|p1b: Tornadus|Focus Sash
|-damage|p1b: Tornadus|1/100
|inactive|wizzpoower has 30 seconds left.
|
|t:|1750835307
|switch|p2b: Whimsicott|Whimsicott, L50, F|100/100|[from] Volt Switch
|move|p1a: Kyogre|Thunder|p2a: Lunala
|-damage|p2a: Lunala|73/100
|-status|p2a: Lunala|par
|-damage|p1a: Kyogre|91/100|[from] item: Life Orb
|
|-weather|RainDance|[upkeep]
|upkeep
|turn|2
|
|t:|1750835317
|move|p2b: Whimsicott|Tailwind|p2b: Whimsicott
|-sidestart|p2: wizzpoower|move: Tailwind
|move|p1b: Tornadus|Bleakwind Storm|p2a: Lunala|[spread] p2a,p2b
|-supereffective|p2b: Whimsicott
|-damage|p2a: Lunala|45/100 par
|-damage|p2b: Whimsicott|19/100
|move|p1a: Kyogre|Water Spout|p2a: Lunala|[spread] p2a,p2b
|-resisted|p2b: Whimsicott
|-damage|p2a: Lunala|0 fnt
|-damage|p2b: Whimsicott|0 fnt
|faint|p2a: Lunala
|faint|p2b: Whimsicott
|-damage|p1a: Kyogre|81/100|[from] item: Life Orb
|
|-weather|RainDance|[upkeep]
|upkeep
|
|t:|1750835326
|switch|p2b: Miraidon|Miraidon, L50|100/100
|switch|p2a: Urshifu|Urshifu-Rapid-Strike, L50, M|100/100
|-activate|p2b: Miraidon|ability: Hadron Engine
|turn|3
|
|t:|1750835344
|switch|p1b: Primarina|Primarina, L50, F|100/100
|-terastallize|p2b: Miraidon|Fairy
|move|p2b: Miraidon|Dazzling Gleam|p1a: Kyogre|[spread] p1a,p1b
|-damage|p1a: Kyogre|28/100
|-damage|p1b: Primarina|38/100
|move|p2a: Urshifu|Surging Strikes|p1a: Kyogre
|-resisted|p1a: Kyogre
|-crit|p1a: Kyogre
|-damage|p1a: Kyogre|0 fnt
|faint|p1a: Kyogre
|-hitcount|p1: Kyogre|1
|
|-weather|RainDance|[upkeep]
|upkeep
|
|t:|1750835355
|switch|p1a: Tornadus|Tornadus, L50, M|1/100
|turn|4
|inactive|wizzpoower has 30 seconds left.
|inactive|wizzpoower has 20 seconds left.
|inactive|wizzpoower has 15 seconds left.
|inactive|wizzpoower has 10 seconds left.
|
|t:|1750835401
|move|p1b: Primarina|Protect|p1b: Primarina
|-singleturn|p1b: Primarina|Protect
|move|p1a: Tornadus|Tailwind|p1a: Tornadus
|-sidestart|p1: Tepig_nNz_498|move: Tailwind
|move|p2b: Miraidon|Dazzling Gleam|p1b: Primarina|[spread] p1a
|-activate|p1b: Primarina|move: Protect
|-damage|p1a: Tornadus|0 fnt
|faint|p1a: Tornadus
|move|p2a: Urshifu|Surging Strikes|p1b: Primarina
|-resisted|p1b: Primarina
|-crit|p1b: Primarina
|-damage|p1b: Primarina|7/100
|-resisted|p1b: Primarina
|-crit|p1b: Primarina
|-damage|p1b: Primarina|0 fnt
|faint|p1b: Primarina
|-hitcount|p1: Primarina|2
|
|-weather|RainDance|[upkeep]
|upkeep
|
|t:|1750835406
|switch|p1b: Zacian|Zacian-Crowned, L50, shiny|100/100
|-ability|p1b: Zacian|Intrepid Sword|boost
|-boost|p1b: Zacian|atk|1
|turn|5
|
|t:|1750835416
|move|p1b: Zacian|Play Rough|p2a: Urshifu
|-supereffective|p2a: Urshifu
|-damage|p2a: Urshifu|0 fnt
|faint|p2a: Urshifu
|move|p2b: Miraidon|Dazzling Gleam|p1b: Zacian
|-resisted|p1b: Zacian
|-damage|p1b: Zacian|63/100
|
|-weather|none
|-sideend|p2: wizzpoower|move: Tailwind
|-fieldend|move: Electric Terrain
|upkeep
|turn|6
|
|t:|1750835421
|move|p1b: Zacian|Play Rough|p2b: Miraidon
|-damage|p2b: Miraidon|24/100
|move|p2b: Miraidon|Dazzling Gleam|p1b: Zacian
|-resisted|p1b: Zacian
|-damage|p1b: Zacian|31/100
|
|upkeep
|turn|7
|
|t:|1750835429
|move|p1b: Zacian|Wild Charge|p2b: Miraidon
|-damage|p2b: Miraidon|0 fnt
|faint|p2b: Miraidon
|-damage|p1b: Zacian|25/100|[from] Recoil
|
|win|Tepig_nNz_498
|raw|Tepig_nNz_498's rating: 1407 &rarr; <strong>1430</strong><br />(+23 for winning)
|raw|wizzpoower's rating: 1451 &rarr; <strong>1428</strong><br />(-23 for losing)
|l|☆Tepig_nNz_498
|player|p1|
|l|☆wizzpoower
|player|p2|
|l| Wzi
