|j|☆caprican
|j|☆konkonmatcha
|t:|1750738894
|gametype|doubles
|player|p1|caprican|skyla|1235
|player|p2|konkonmatcha|170|1314
|teamsize|p1|6
|teamsize|p2|6
|gen|9
|tier|[Gen 9] VGC 2025 Reg I
|rated|
|rule|Species Clause: Limit one of each Pokémon
|rule|Item Clause: Limit 1 of each item
|clearpoke
|poke|p1|Miraidon, L50|
|poke|p1|Calyrex-Ice, L50|
|poke|p1|Incineroar, L50, F|
|poke|p1|Iron Hands, L50|
|poke|p1|Farigiraf, L50, F|
|poke|p1|Iron Treads, L50|
|poke|p2|Dialga, L50|
|poke|p2|Calyrex-Shadow, L50|
|poke|p2|Ursaluna, L50, M|
|poke|p2|Regieleki, L50|
|poke|p2|Grimmsnarl, L50, M|
|poke|p2|Urshifu-*, L50, F|
|teampreview|4
|
|t:|1750738940
|start
|switch|p1a: THE DON|Miraidon, L50|100/100
|switch|p1b: CLAPPER|Iron Hands, L50|100/100
|switch|p2a: Grimmsnarl|Grimmsnarl, L50, M|100/100
|switch|p2b: Calyrex|Calyrex-Shadow, L50|100/100
|-ability|p2b: Calyrex|As One
|-ability|p2b: Calyrex|Unnerve
|-fieldstart|move: Electric Terrain|[from] ability: Hadron Engine|[of] p1a: THE DON
|-activate|p1b: CLAPPER|ability: Quark Drive
|-start|p1b: CLAPPER|quarkdriveatk
|turn|1
|inactive|Battle timer is ON: inactive players will automatically lose when time's up. (requested by caprican)
|j| bbqsus
|
|t:|1750738995
|switch|p2b: Ursaluna|Ursaluna, L50, M|100/100
|move|p1b: CLAPPER|Fake Out|p2a: Grimmsnarl
|-damage|p2a: Grimmsnarl|74/100
|cant|p2a: Grimmsnarl|flinch
|move|p1a: THE DON|Volt Switch|p2b: Ursaluna
|-immune|p2b: Ursaluna
|
|-status|p2b: Ursaluna|brn|[from] item: Flame Orb
|upkeep
|turn|2
|inactive|caprican has 30 seconds left.
|
|t:|1750739024
|switch|p1a: NO PRIO|Farigiraf, L50, F, shiny|100/100
|-enditem|p1a: NO PRIO|Electric Seed
|-boost|p1a: NO PRIO|def|1|[from] item: Electric Seed
|-end|p1b: CLAPPER|Quark Drive|[silent]
|switch|p1b: TERA ICE|Calyrex-Ice, L50|100/100
|-ability|p1b: TERA ICE|As One
|-ability|p1b: TERA ICE|Unnerve
|move|p2b: Ursaluna|Protect|p2b: Ursaluna
|-singleturn|p2b: Ursaluna|Protect
|move|p2a: Grimmsnarl|Reflect|p2a: Grimmsnarl
|-sidestart|p2: konkonmatcha|Reflect
|
|-damage|p2b: Ursaluna|95/100 brn|[from] brn
|upkeep
|turn|3
|inactive|caprican has 30 seconds left.
|inactive|konkonmatcha has 30 seconds left.
|inactive|konkonmatcha has 20 seconds left.
|inactive|konkonmatcha has 15 seconds left.
|
|t:|1750739066
|switch|p2b: Dialga|Dialga, L50|100/100
|move|p1a: NO PRIO|Helping Hand|p1b: TERA ICE
|-singleturn|p1b: TERA ICE|Helping Hand|[of] p1a: NO PRIO
|move|p2a: Grimmsnarl|False Surrender|p1a: NO PRIO
|-supereffective|p1a: NO PRIO
|-damage|p1a: NO PRIO|52/100
|move|p1b: TERA ICE|Glacial Lance|p2a: Grimmsnarl|[spread] p2a,p2b
|-damage|p2a: Grimmsnarl|5/100
|-damage|p2b: Dialga|56/100
|
|upkeep
|turn|4
|c|☆caprican|!dt false surrender
|raw|<ul class="utilichart"><li class="result"><span class="col movenamecol"><a href="https://dex.pokemonshowdown.com/moves/falsesurrender">False Surrender</a></span> <span class="col typecol"><img src="//play.pokemonshowdown.com/sprites/types/Dark.png" alt="Dark" width="32" height="14"><img src="//play.pokemonshowdown.com/sprites/categories/Physical.png" alt="Physical" width="32" height="14"></span> <span class="col labelcol"><em>Power</em><br>80</span> <span class="col widelabelcol"><em>Accuracy</em><br>—</span> <span class="col pplabelcol"><em>PP</em><br>16</span> <span class="col movedesccol">This move does not check accuracy.</span> </li><li style="clear:both"></li></ul>
|raw|<font size="1"><font color="#686868">Priority:</font> 0&nbsp;|&ThickSpace;<font color="#686868">Gen:</font> 8&nbsp;|&ThickSpace;&#10003; Contact&nbsp;|&ThickSpace;<font color="#686868">Z-Power:</font> 160&nbsp;|&ThickSpace;<font color="#686868">Target:</font> One Adjacent Pokémon</font>

|inactive|caprican has 30 seconds left.
|inactive|caprican has 20 seconds left.
|inactive|caprican has 15 seconds left.
|
|t:|1750739110
|move|p1a: NO PRIO|Helping Hand|p1b: TERA ICE
|-singleturn|p1b: TERA ICE|Helping Hand|[of] p1a: NO PRIO
|move|p2a: Grimmsnarl|Light Screen|p2a: Grimmsnarl
|-sidestart|p2: konkonmatcha|move: Light Screen
|move|p2b: Dialga|Aura Sphere|p1a: NO PRIO
|-damage|p1a: NO PRIO|18/100
|move|p1b: TERA ICE|High Horsepower|p2b: Dialga
|-supereffective|p2b: Dialga
|-damage|p2b: Dialga|0 fnt
|faint|p2b: Dialga
|-ability|p1b: TERA ICE|Chilling Neigh|boost
|-boost|p1b: TERA ICE|atk|1
|
|upkeep
|l| bbqsus
|inactive|konkonmatcha has 30 seconds left.
|
|t:|1750739136
|switch|p2b: Calyrex|Calyrex-Shadow, L50|100/100
|-ability|p2b: Calyrex|As One
|-ability|p2b: Calyrex|Unnerve
|turn|5
|inactive|caprican has 30 seconds left.
|inactive|caprican has 20 seconds left.
|inactive|caprican has 15 seconds left.
|
|t:|1750739180
|-terastallize|p1b: TERA ICE|Fire
|move|p2b: Calyrex|Astral Barrage|p1b: TERA ICE|[spread] p1b
|-immune|p1a: NO PRIO
|-damage|p1b: TERA ICE|45/100
|move|p2a: Grimmsnarl|False Surrender|p1a: NO PRIO
|-supereffective|p1a: NO PRIO
|-damage|p1a: NO PRIO|0 fnt
|faint|p1a: NO PRIO
|move|p1b: TERA ICE|Glacial Lance|p2b: Calyrex|[spread] p2a,p2b
|-damage|p2a: Grimmsnarl|0 fnt
|-damage|p2b: Calyrex|29/100
|faint|p2a: Grimmsnarl
|-ability|p1b: TERA ICE|Chilling Neigh|boost
|-boost|p1b: TERA ICE|atk|1
|
|-fieldend|move: Electric Terrain
|upkeep
|
|t:|1750739202
|switch|p2a: Ursaluna|Ursaluna, L50, M|95/100 brn
|switch|p1a: CLAPPER|Iron Hands, L50|100/100
|turn|6
|inactive|caprican has 30 seconds left.
|inactive|caprican has 20 seconds left.
|
|t:|1750739241
|move|p1b: TERA ICE|Protect|p1b: TERA ICE
|-singleturn|p1b: TERA ICE|Protect
|move|p1a: CLAPPER|Fake Out|p2a: Ursaluna
|-damage|p2a: Ursaluna|86/100 brn
|move|p2b: Calyrex|Astral Barrage|p1a: CLAPPER|[spread] p1a
|-activate|p1b: TERA ICE|move: Protect
|-damage|p1a: CLAPPER|57/100
|cant|p2a: Ursaluna|flinch
|
|-damage|p2a: Ursaluna|80/100 brn|[from] brn
|-sideend|p2: konkonmatcha|Reflect
|upkeep
|turn|7
|c|☆caprican|im AV btw
|c|☆caprican|does 43% unbuffed
|c|☆caprican|thing needs to go
|inactive|caprican has 30 seconds left.
|inactive|konkonmatcha has 30 seconds left.
|inactive|caprican has 20 seconds left.
|inactive|caprican has 15 seconds left.
|inactive|caprican has 10 seconds left.
|
|t:|1750739291
|move|p1b: TERA ICE|Protect|p1b: TERA ICE
|-singleturn|p1b: TERA ICE|Protect
|move|p2b: Calyrex|Astral Barrage|p1a: CLAPPER|[spread] p1a
|-activate|p1b: TERA ICE|move: Protect
|-damage|p1a: CLAPPER|18/100
|move|p2a: Ursaluna|Facade|p1a: CLAPPER
|-damage|p1a: CLAPPER|0 fnt
|faint|p1a: CLAPPER
|-end|p1a: CLAPPER|Quark Drive|[silent]
|
|-damage|p2a: Ursaluna|74/100 brn|[from] brn
|upkeep
|
|t:|1750739300
|switch|p1a: THE DON|Miraidon, L50|100/100
|-fieldstart|move: Electric Terrain|[from] ability: Hadron Engine|[of] p1a: THE DON
|turn|8
|
|t:|1750739314
|-terastallize|p2a: Ursaluna|Ground
|move|p2b: Calyrex|Astral Barrage|p1a: THE DON|[spread] p1a,p1b
|-damage|p1a: THE DON|33/100
|-damage|p1b: TERA ICE|0 fnt
|faint|p1b: TERA ICE
|-ability|p2b: Calyrex|Grim Neigh|boost
|-boost|p2b: Calyrex|spa|1
|move|p1a: THE DON|Dazzling Gleam|p2a: Ursaluna|[spread] p2a,p2b
|-damage|p2a: Ursaluna|47/100 brn
|-damage|p2b: Calyrex|0 fnt
|faint|p2b: Calyrex
|move|p2a: Ursaluna|Earthquake|p1a: THE DON
|-supereffective|p1a: THE DON
|-damage|p1a: THE DON|0 fnt
|faint|p1a: THE DON
|
|win|konkonmatcha
|raw|caprican's rating: 1235 &rarr; <strong>1216</strong><br />(-19 for losing)
|raw|konkonmatcha's rating: 1314 &rarr; <strong>1330</strong><br />(+16 for winning)
|c|☆caprican|actually broken
|l|☆caprican
|player|p1|
|c|☆konkonmatcha|gg
