|j|☆ducky_14236
|j|☆turtmcskirt
|t:|1750880624
|gametype|doubles
|player|p1|ducky_14236|2|1096
|player|p2|turtmcskirt|2|1032
|teamsize|p1|6
|teamsize|p2|6
|gen|9
|tier|[Gen 9] VGC 2025 Reg I
|rated|
|rule|Species Clause: Limit one of each Pokémon
|rule|Item Clause: Limit 1 of each item
|clearpoke
|poke|p1|Miraidon, L50|
|poke|p1|Lunala, L50|
|poke|p1|Sinistcha-Masterpiece, L50|
|poke|p1|Sneasler, L50, M|
|poke|p1|Whimsicott, L50, M|
|poke|p1|Incineroar, L50, M|
|poke|p2|Alcremie, L50, F|
|poke|p2|Calyrex-Ice, L50|
|poke|p2|Braviary-Hisui, L50, M|
|poke|p2|Hatterene, L50, F|
|poke|p2|Groudon, L50|
|poke|p2|Snorlax, L50, F|
|teampreview|4
|
|t:|1750880654
|start
|switch|p1a: Miraidon|Miraidon, L50|100/100
|switch|p1b: Sneasler|Sneasler, L50, M|100/100
|switch|p2a: Hatterene|Hatterene, L50, F|100/100
|switch|p2b: Alcremie|Alcremie, L50, F|100/100
|-fieldstart|move: Electric Terrain|[from] ability: Hadron Engine|[of] p1a: Miraidon
|-enditem|p1b: Sneasler|Electric Seed
|-boost|p1b: Sneasler|def|1|[from] item: Electric Seed
|turn|1
|inactive|Battle timer is ON: inactive players will automatically lose when time's up. (requested by turtmcskirt)
|inactiveoff|Battle timer is now OFF.
|
|t:|1750880690
|move|p1b: Sneasler|Fake Out|p2a: Hatterene
|-damage|p2a: Hatterene|80/100
|move|p1a: Miraidon|Electro Drift|p2b: Alcremie
|-damage|p2b: Alcremie|0 fnt
|faint|p2b: Alcremie
|cant|p2a: Hatterene|flinch
|
|upkeep
|
|t:|1750880697
|switch|p2b: Groudon|Groudon, L50|100/100
|-weather|SunnyDay|[from] ability: Drought|[of] p2b: Groudon
|turn|2
|
|t:|1750880710
|-terastallize|p1a: Miraidon|Fairy
|move|p1b: Sneasler|Close Combat|p2b: Groudon
|-damage|p2b: Groudon|54/100
|-unboost|p1b: Sneasler|def|1
|-unboost|p1b: Sneasler|spd|1
|move|p1a: Miraidon|Electro Drift|p2a: Hatterene
|-damage|p2a: Hatterene|0 fnt
|faint|p2a: Hatterene
|move|p2b: Groudon|Earthquake|p1a: Miraidon|[spread] p1a,p1b
|-supereffective|p1b: Sneasler
|-damage|p1a: Miraidon|49/100
|-damage|p1b: Sneasler|0 fnt
|faint|p1b: Sneasler
|
|-weather|SunnyDay|[upkeep]
|upkeep
|
|t:|1750880728
|switch|p1b: Lunala|Lunala, L50|100/100
|switch|p2a: Calyrex|Calyrex-Ice, L50|100/100
|-ability|p2a: Calyrex|As One
|-ability|p2a: Calyrex|Unnerve
|turn|3
|
|t:|1750880742
|switch|p1a: Incineroar|Incineroar, L50, M|100/100
|-ability|p1a: Incineroar|Intimidate|boost
|-unboost|p2a: Calyrex|atk|1
|-fail|p2b: Groudon|unboost|[from] item: Clear Amulet|[of] p2b: Groudon
|move|p1b: Lunala|Moongeist Beam|p2a: Calyrex
|-supereffective|p2a: Calyrex
|-damage|p2a: Calyrex|27/100
|move|p2b: Groudon|Earthquake|p1a: Incineroar|[spread] p2a,p1a,p1b
|-supereffective|p1a: Incineroar
|-damage|p2a: Calyrex|0 fnt
|-damage|p1a: Incineroar|19/100
|-damage|p1b: Lunala|85/100
|faint|p2a: Calyrex
|
|-weather|SunnyDay|[upkeep]
|-heal|p1b: Lunala|91/100|[from] item: Leftovers
|upkeep
|turn|4
|
|t:|1750880763
|move|p2b: Groudon|Protect|p2b: Groudon
|-singleturn|p2b: Groudon|Protect
|move|p1a: Incineroar|Fake Out|p2b: Groudon
|-activate|p2b: Groudon|move: Protect
|move|p1b: Lunala|Moongeist Beam|p2b: Groudon
|-activate|p2b: Groudon|move: Protect
|
|-weather|SunnyDay|[upkeep]
|-heal|p1b: Lunala|97/100|[from] item: Leftovers
|upkeep
|turn|5
|
|t:|1750880780
|move|p1b: Lunala|Wide Guard|p1b: Lunala
|-singleturn|p1b: Lunala|Wide Guard
|move|p2b: Groudon|Earthquake|p1a: Incineroar|[spread] 
|-activate|p1a: Incineroar|move: Wide Guard
|-activate|p1b: Lunala|move: Wide Guard
|move|p1a: Incineroar|Will-O-Wisp|p2b: Groudon
|-status|p2b: Groudon|brn
|
|-weather|SunnyDay|[upkeep]
|-heal|p1b: Lunala|100/100|[from] item: Leftovers
|-damage|p2b: Groudon|48/100 brn|[from] brn
|-fieldend|move: Electric Terrain
|upkeep
|turn|6
|-message|turtmcskirt forfeited.
|
|win|ducky_14236
|raw|ducky_14236's rating: 1096 &rarr; <strong>1117</strong><br />(+21 for winning)
|raw|turtmcskirt's rating: 1032 &rarr; <strong>1020</strong><br />(-12 for losing)
|l|☆turtmcskirt
|player|p2|
