|j|☆ItsZachStone
|j|☆bipolarmoonlight
|t:|1750777004
|gametype|doubles
|player|p1|ItsZachStone|flannery|1212
|player|p2|bipolarmoonlight|170|1198
|teamsize|p1|6
|teamsize|p2|6
|gen|9
|tier|[Gen 9] VGC 2025 Reg I
|rated|
|rule|Species Clause: Limit one of each Pokémon
|rule|Item Clause: Limit 1 of each item
|clearpoke
|poke|p1|Toxicroak, L50, F|
|poke|p1|Calyrex-Ice, L50|
|poke|p1|Rillaboom, L50, F|
|poke|p1|Landorus-Therian, L50, M|
|poke|p1|Kyogre, L50|
|poke|p1|Amoonguss, L50, M|
|poke|p2|Calyrex-Shadow, L50|
|poke|p2|Terapagos, L50, M|
|poke|p2|Wo-Chien, L50|
|poke|p2|Weezing-Galar, L50, F|
|poke|p2|Clefairy, L50, F|
|poke|p2|Toedscruel, L50, M|
|teampreview|4
|inactive|Battle timer is ON: inactive players will automatically lose when time's up. (requested by ItsZachStone)
|inactive|ItsZachStone has 60 seconds left.
|inactive|ItsZachStone has 30 seconds left.
|inactive|ItsZachStone has 20 seconds left.
|
|t:|1750777079
|start
|switch|p1a: Landorus|Landorus-Therian, L50, M|100/100
|switch|p1b: Calyrex|Calyrex-Ice, L50|100/100
|switch|p2a: Steam|Weezing-Galar, L50, F|100/100
|switch|p2b: Toedscruel|Toedscruel, L50, M|100/100
|-ability|p2a: Steam|Neutralizing Gas
|-ability|p1b: Calyrex|As One
|-ability|p1b: Calyrex|Unnerve
|turn|1
|inactive|bipolarmoonlight has 30 seconds left.
|
|t:|1750777112
|-terastallize|p1a: Landorus|Flying
|move|p1a: Landorus|Tera Blast|p2b: Toedscruel|[anim] Tera Blast Flying
|-supereffective|p2b: Toedscruel
|-damage|p2b: Toedscruel|0 fnt
|faint|p2b: Toedscruel
|move|p2a: Steam|Sludge Bomb|p1b: Calyrex
|-damage|p1b: Calyrex|82/100
|move|p1b: Calyrex|Trick Room|p1b: Calyrex
|-fieldstart|move: Trick Room|[of] p1b: Calyrex
|
|-heal|p1b: Calyrex|87/100|[from] item: Leftovers
|upkeep
|
|t:|1750777124
|switch|p2b: Snail|Wo-Chien, L50|100/100
|turn|2
|
|t:|1750777138
|switch|p1a: Toxicroak|Toxicroak, L50, F|100/100
|-terastallize|p2b: Snail|Poison
|move|p1b: Calyrex|Leech Seed|p2a: Steam
|-start|p2a: Steam|move: Leech Seed
|move|p2a: Steam|Sludge Bomb|p1a: Toxicroak
|-resisted|p1a: Toxicroak
|-damage|p1a: Toxicroak|80/100
|move|p2b: Snail|Leech Seed|p1b: Calyrex
|-start|p1b: Calyrex|move: Leech Seed
|
|-heal|p1b: Calyrex|93/100|[from] item: Leftovers
|-damage|p1b: Calyrex|81/100|[from] Leech Seed|[of] p2b: Snail
|-damage|p2a: Steam|88/100|[from] Leech Seed|[of] p1b: Calyrex
|-heal|p1b: Calyrex|91/100|[silent]
|upkeep
|turn|3
|
|t:|1750777157
|move|p1b: Calyrex|Leech Seed|p2b: Snail
|-start|p2b: Snail|move: Leech Seed
|move|p2a: Steam|Sludge Bomb|p1b: Calyrex
|-damage|p1b: Calyrex|74/100
|move|p2b: Snail|Leech Seed|p1a: Toxicroak
|-start|p1a: Toxicroak|move: Leech Seed
|move|p1a: Toxicroak|Coaching|p1b: Calyrex
|-boost|p1b: Calyrex|atk|1
|-boost|p1b: Calyrex|def|1
|
|-heal|p1b: Calyrex|80/100|[from] item: Leftovers
|-damage|p1b: Calyrex|68/100|[from] Leech Seed|[of] p2b: Snail
|-damage|p2a: Steam|76/100|[from] Leech Seed|[of] p1b: Calyrex
|-heal|p1b: Calyrex|78/100|[silent]
|-damage|p2b: Snail|88/100|[from] Leech Seed|[of] p1b: Calyrex
|-heal|p1b: Calyrex|89/100|[silent]
|-damage|p1a: Toxicroak|68/100|[from] Leech Seed|[of] p2b: Snail
|-heal|p2b: Snail|100/100|[silent]
|upkeep
|turn|4
|inactive|ItsZachStone has 30 seconds left.
|
|t:|1750777185
|switch|p1a: Kyogre|Kyogre, L50|100/100
|move|p1b: Calyrex|Glacial Lance|p2b: Snail|[spread] p2a,p2b
|-damage|p2a: Steam|20/100
|-damage|p2b: Snail|34/100
|move|p2a: Steam|Clear Smog|p1b: Calyrex
|-damage|p1b: Calyrex|78/100
|-clearboost|p1b: Calyrex
|move|p2b: Snail|Ruination|p1b: Calyrex
|-damage|p1b: Calyrex|40/100
|
|-heal|p1b: Calyrex|45/100|[from] item: Leftovers
|-damage|p1b: Calyrex|33/100|[from] Leech Seed|[of] p2b: Snail
|-heal|p2b: Snail|51/100|[silent]
|-damage|p2a: Steam|8/100|[from] Leech Seed|[of] p1b: Calyrex
|-heal|p1b: Calyrex|43/100|[silent]
|-damage|p2b: Snail|39/100|[from] Leech Seed|[of] p1b: Calyrex
|-heal|p1b: Calyrex|55/100|[silent]
|upkeep
|turn|5
|inactive|ItsZachStone has 30 seconds left.
|inactive|bipolarmoonlight has 30 seconds left.
|inactive|ItsZachStone has 20 seconds left.
|inactive|bipolarmoonlight has 20 seconds left.
|inactive|bipolarmoonlight has 15 seconds left.
|
|t:|1750777227
|move|p2a: Steam|Protect|p2a: Steam
|-singleturn|p2a: Steam|Protect
|move|p2b: Snail|Protect|p2b: Snail
|-singleturn|p2b: Snail|Protect
|move|p1b: Calyrex|Glacial Lance|p2b: Snail|[spread] 
|-activate|p2a: Steam|move: Protect
|-activate|p2b: Snail|move: Protect
|move|p1a: Kyogre|Water Spout|p2b: Snail|[spread] 
|-activate|p2a: Steam|move: Protect
|-activate|p2b: Snail|move: Protect
|
|-heal|p1b: Calyrex|60/100|[from] item: Leftovers
|-damage|p1b: Calyrex|48/100|[from] Leech Seed|[of] p2b: Snail
|-heal|p2b: Snail|55/100|[silent]
|-damage|p2a: Steam|0 fnt|[from] Leech Seed|[of] p1b: Calyrex
|-heal|p1b: Calyrex|55/100|[silent]
|faint|p2a: Steam
|-end|p2a: Steam|ability: Neutralizing Gas
|-ability|p2b: Snail|Tablets of Ruin
|-weather|RainDance|[from] ability: Drizzle|[of] p1a: Kyogre
|-damage|p2b: Snail|43/100|[from] Leech Seed|[of] p1b: Calyrex
|-heal|p1b: Calyrex|66/100|[silent]
|-fieldend|move: Trick Room
|upkeep
|
|t:|1750777252
|switch|p2a: Turtle|Terapagos, L50, M|100/100
|-activate|p2a: Turtle|ability: Tera Shift
|detailschange|p2a: Turtle|Terapagos-Terastal, L50, M
|-heal|p2a: Turtle|100/100|[silent]
|turn|6
|
|t:|1750777268
|switch|p1a: Toxicroak|Toxicroak, L50, F|68/100
|move|p2a: Turtle|Tera Starstorm|p1a: Toxicroak
|-damage|p1a: Toxicroak|0 fnt
|faint|p1a: Toxicroak
|move|p2b: Snail|Giga Drain|p1b: Calyrex
|-damage|p1b: Calyrex|48/100
|-heal|p2b: Snail|57/100|[from] drain|[of] p1b: Calyrex
|move|p1b: Calyrex|Leech Seed|p2a: Turtle
|-start|p2a: Turtle|move: Leech Seed
|
|-weather|RainDance|[upkeep]
|-heal|p1b: Calyrex|54/100|[from] item: Leftovers
|-damage|p2a: Turtle|88/100|[from] Leech Seed|[of] p1b: Calyrex
|-heal|p1b: Calyrex|65/100|[silent]
|-damage|p2b: Snail|44/100|[from] Leech Seed|[of] p1b: Calyrex
|-heal|p1b: Calyrex|76/100|[silent]
|-damage|p1b: Calyrex|64/100|[from] Leech Seed|[of] p2b: Snail
|-heal|p2b: Snail|61/100|[silent]
|upkeep
|
|t:|1750777281
|switch|p1a: Landorus|Landorus-Therian, L50, M, tera:Flying|100/100
|-ability|p1a: Landorus|Intimidate|boost
|-unboost|p2a: Turtle|atk|1
|-unboost|p2b: Snail|atk|1
|turn|7
|
|t:|1750777296
|move|p2a: Turtle|Protect|p2a: Turtle
|-singleturn|p2a: Turtle|Protect
|move|p1a: Landorus|U-turn|p2a: Turtle
|-activate|p2a: Turtle|move: Protect
|move|p2b: Snail|Leech Seed|p1a: Landorus
|-start|p1a: Landorus|move: Leech Seed
|move|p1b: Calyrex|Trick Room|p1b: Calyrex
|-fieldstart|move: Trick Room|[of] p1b: Calyrex
|
|-weather|RainDance|[upkeep]
|-heal|p1b: Calyrex|70/100|[from] item: Leftovers
|-heal|p2a: Turtle|94/100|[from] item: Leftovers
|-damage|p1b: Calyrex|58/100|[from] Leech Seed|[of] p2b: Snail
|-heal|p2b: Snail|78/100|[silent]
|-damage|p2b: Snail|66/100|[from] Leech Seed|[of] p1b: Calyrex
|-heal|p1b: Calyrex|69/100|[silent]
|-damage|p2a: Turtle|82/100|[from] Leech Seed|[of] p1b: Calyrex
|-heal|p1b: Calyrex|81/100|[silent]
|-damage|p1a: Landorus|88/100|[from] Leech Seed|[of] p2b: Snail
|-heal|p2b: Snail|80/100|[silent]
|upkeep
|turn|8
|inactive|bipolarmoonlight has 30 seconds left.
|
|t:|1750777323
|move|p1b: Calyrex|Glacial Lance|p2a: Turtle|[spread] p2a,p2b
|-damage|p2a: Turtle|57/100
|-damage|p2b: Snail|47/100
|move|p2b: Snail|Ruination|p1b: Calyrex
|-damage|p1b: Calyrex|41/100
|move|p2a: Turtle|Tera Starstorm|p1b: Calyrex
|-damage|p1b: Calyrex|10/100
|move|p1a: Landorus|U-turn|p2a: Turtle
|-damage|p2a: Turtle|39/100
|
|t:|1750777347
|switch|p1a: Kyogre|Kyogre, L50|100/100|[from] U-turn
|
|-weather|RainDance|[upkeep]
|-heal|p1b: Calyrex|16/100|[from] item: Leftovers
|-heal|p2a: Turtle|45/100|[from] item: Leftovers
|-damage|p1b: Calyrex|4/100|[from] Leech Seed|[of] p2b: Snail
|-heal|p2b: Snail|63/100|[silent]
|-damage|p2b: Snail|51/100|[from] Leech Seed|[of] p1b: Calyrex
|-heal|p1b: Calyrex|15/100|[silent]
|-damage|p2a: Turtle|33/100|[from] Leech Seed|[of] p1b: Calyrex
|-heal|p1b: Calyrex|27/100|[silent]
|upkeep
|turn|9
|
|t:|1750777370
|move|p2a: Turtle|Protect|p2a: Turtle
|-singleturn|p2a: Turtle|Protect
|move|p1b: Calyrex|Glacial Lance|p2b: Snail|[spread] p2b
|-activate|p2a: Turtle|move: Protect
|-damage|p2b: Snail|17/100
|move|p2b: Snail|Giga Drain|p1a: Kyogre
|-supereffective|p1a: Kyogre
|-damage|p1a: Kyogre|71/100
|-heal|p2b: Snail|38/100|[from] drain|[of] p1a: Kyogre
|move|p1a: Kyogre|Water Spout|p2a: Turtle|[spread] p2b
|-activate|p2a: Turtle|move: Protect
|-damage|p2b: Snail|0 fnt
|faint|p2b: Snail
|
|-weather|RainDance|[upkeep]
|-heal|p1b: Calyrex|32/100|[from] item: Leftovers
|-heal|p2a: Turtle|39/100|[from] item: Leftovers
|-damage|p2a: Turtle|27/100|[from] Leech Seed|[of] p1b: Calyrex
|-heal|p1b: Calyrex|44/100|[silent]
|upkeep
|turn|10
|inactive|bipolarmoonlight has 30 seconds left.
|
|t:|1750777400
|move|p2a: Turtle|Protect||[still]
|-fail|p2a: Turtle
|move|p1b: Calyrex|Glacial Lance|p2a: Turtle
|-damage|p2a: Turtle|0 fnt
|faint|p2a: Turtle
|
|win|ItsZachStone
|raw|ItsZachStone's rating: 1212 &rarr; <strong>1236</strong><br />(+24 for winning)
|raw|bipolarmoonlight's rating: 1198 &rarr; <strong>1174</strong><br />(-24 for losing)
|c|☆bipolarmoonlight|gg
|l|☆ItsZachStone
|player|p1|
|l|☆bipolarmoonlight
|player|p2|
