|j|☆nwjns999
|j|☆Nihilego2105
|t:|1750827201
|gametype|doubles
|player|p1|nwjns999|backpackerf|1570
|player|p2|Nihilego2105|102|1565
|teamsize|p1|6
|teamsize|p2|6
|gen|9
|tier|[Gen 9] VGC 2025 Reg I
|rated|
|rule|Species Clause: Limit one of each Pokémon
|rule|Item Clause: Limit 1 of each item
|clearpoke
|poke|p1|Miraidon, L50|
|poke|p1|Lunala, L50|
|poke|p1|Grimmsnarl, L50, M|
|poke|p1|Volcarona, L50, F|
|poke|p1|Ogerpon, L50, F|
|poke|p1|Rillaboom, L50, M|
|poke|p2|Miraidon, L50|
|poke|p2|Groudon, L50|
|poke|p2|Volcarona, L50, M|
|poke|p2|Incineroar, L50, F|
|poke|p2|Amoonguss, L50, F|
|poke|p2|Grimmsnarl, L50, M|
|teampreview|4
|
|t:|1750827239
|start
|switch|p1a: Grimmsnarl|Grimmsnarl, L50, M|100/100
|switch|p1b: Miraidon|Miraidon, L50|100/100
|switch|p2a: Grimmsnarl|Grimmsnarl, L50, M|100/100
|switch|p2b: Volcarona|Volcarona, L50, M|100/100
|-fieldstart|move: Electric Terrain|[from] ability: Hadron Engine|[of] p1b: Miraidon
|-enditem|p2b: Volcarona|Electric Seed
|-boost|p2b: Volcarona|def|1|[from] item: Electric Seed
|turn|1
|
|t:|1750827265
|-terastallize|p2b: Volcarona|Grass
|move|p1a: Grimmsnarl|Light Screen|p1a: Grimmsnarl
|-sidestart|p1: nwjns999|move: Light Screen
|move|p2a: Grimmsnarl|Light Screen|p2a: Grimmsnarl
|-sidestart|p2: Nihilego2105|move: Light Screen
|move|p1b: Miraidon|Draco Meteor|p2b: Volcarona|[miss]
|-miss|p1b: Miraidon|p2b: Volcarona
|move|p2b: Volcarona|Quiver Dance|p2b: Volcarona
|-boost|p2b: Volcarona|spa|1
|-boost|p2b: Volcarona|spd|1
|-boost|p2b: Volcarona|spe|1
|
|upkeep
|turn|2
|
|t:|1750827294
|move|p2b: Volcarona|Protect|p2b: Volcarona
|-singleturn|p2b: Volcarona|Protect
|move|p1a: Grimmsnarl|Thunder Wave|p2b: Volcarona
|-activate|p2b: Volcarona|move: Protect
|move|p1b: Miraidon|Draco Meteor|p2b: Volcarona
|-activate|p2b: Volcarona|move: Protect
|move|p2a: Grimmsnarl|Spirit Break|p1b: Miraidon
|-supereffective|p1b: Miraidon
|-damage|p1b: Miraidon|40/100
|-unboost|p1b: Miraidon|spa|1
|
|upkeep
|turn|3
|
|t:|1750827338
|switch|p1b: Volcarona|Volcarona, L50, F, shiny|100/100
|move|p1a: Grimmsnarl|Thunder Wave|p2b: Volcarona
|-status|p2b: Volcarona|par
|move|p2b: Volcarona|Giga Drain|p1a: Grimmsnarl
|-damage|p1a: Grimmsnarl|71/100
|move|p2a: Grimmsnarl|Spirit Break|p1a: Grimmsnarl
|-supereffective|p1a: Grimmsnarl
|-damage|p1a: Grimmsnarl|11/100
|-unboost|p1a: Grimmsnarl|spa|1
|
|upkeep
|turn|4
|
|t:|1750827356
|move|p2a: Grimmsnarl|Taunt|p1b: Volcarona
|-start|p1b: Volcarona|move: Taunt
|move|p1a: Grimmsnarl|Reflect|p1a: Grimmsnarl
|-sidestart|p1: nwjns999|Reflect
|move|p1b: Volcarona|Fiery Dance|p2a: Grimmsnarl
|-damage|p2a: Grimmsnarl|77/100
|-boost|p1b: Volcarona|spa|1
|move|p2b: Volcarona|Quiver Dance|p2b: Volcarona
|-boost|p2b: Volcarona|spa|1
|-boost|p2b: Volcarona|spd|1
|-boost|p2b: Volcarona|spe|1
|
|upkeep
|turn|5
|
|t:|1750827379
|move|p2b: Volcarona|Fiery Dance|p1b: Volcarona
|-damage|p1b: Volcarona|60/100
|-boost|p2b: Volcarona|spa|1
|move|p1b: Volcarona|Fiery Dance|p2b: Volcarona
|-supereffective|p2b: Volcarona
|-damage|p2b: Volcarona|67/100 par
|move|p1a: Grimmsnarl|Spirit Break|p2a: Grimmsnarl
|-supereffective|p2a: Grimmsnarl
|-damage|p2a: Grimmsnarl|21/100
|-unboost|p2a: Grimmsnarl|spa|1
|move|p2a: Grimmsnarl|Spirit Break|p1b: Volcarona
|-resisted|p1b: Volcarona
|-damage|p1b: Volcarona|52/100
|-unboost|p1b: Volcarona|spa|1
|-damage|p2a: Grimmsnarl|4/100|[from] item: Rocky Helmet|[of] p1b: Volcarona
|
|-fieldend|move: Electric Terrain
|upkeep
|turn|6
|
|t:|1750827411
|move|p2a: Grimmsnarl|Reflect|p2a: Grimmsnarl
|-sidestart|p2: Nihilego2105|Reflect
|cant|p2b: Volcarona|par
|move|p1b: Volcarona|Struggle Bug|p2a: Grimmsnarl|[spread] p2a,p2b
|-supereffective|p2b: Volcarona
|-damage|p2a: Grimmsnarl|0 fnt
|-damage|p2b: Volcarona|57/100 par
|-unboost|p2b: Volcarona|spa|1
|faint|p2a: Grimmsnarl
|move|p1a: Grimmsnarl|Spirit Break|p2b: Volcarona
|-damage|p2b: Volcarona|43/100 par
|-unboost|p2b: Volcarona|spa|1
|
|-end|p1b: Volcarona|move: Taunt
|upkeep
|
|t:|1750827423
|switch|p2a: Miraidon|Miraidon, L50|100/100
|-fieldstart|move: Electric Terrain|[from] ability: Hadron Engine|[of] p2a: Miraidon
|turn|7
|
|t:|1750827434
|move|p2a: Miraidon|Electro Drift|p1b: Volcarona
|-damage|p1b: Volcarona|0 fnt
|-damage|p2a: Miraidon|84/100|[from] item: Rocky Helmet|[of] p1b: Volcarona
|faint|p1b: Volcarona
|move|p2b: Volcarona|Giga Drain|p1a: Grimmsnarl
|-damage|p1a: Grimmsnarl|0 fnt
|-heal|p2b: Volcarona|49/100 par|[from] drain|[of] p1a: Grimmsnarl
|faint|p1a: Grimmsnarl
|
|upkeep
|
|t:|1750827437
|switch|p1b: Miraidon|Miraidon, L50|40/100
|switch|p1a: Lunala|Lunala, L50|100/100
|-activate|p1b: Miraidon|ability: Hadron Engine
|turn|8
|
|t:|1750827465
|switch|p2b: Groudon|Groudon, L50|100/100
|-weather|SunnyDay|[from] ability: Drought|[of] p2b: Groudon
|move|p1b: Miraidon|Draco Meteor|p2a: Miraidon
|-supereffective|p2a: Miraidon
|-damage|p2a: Miraidon|0 fnt
|-unboost|p1b: Miraidon|spa|2
|faint|p2a: Miraidon
|move|p1a: Lunala|Calm Mind|p1a: Lunala
|-boost|p1a: Lunala|spa|1
|-boost|p1a: Lunala|spd|1
|
|-weather|SunnyDay|[upkeep]
|-sideend|p1: nwjns999|move: Light Screen
|-sideend|p2: Nihilego2105|move: Light Screen
|upkeep
|
|t:|1750827472
|switch|p2a: Volcarona|Volcarona, L50, M, tera:Grass|49/100 par
|turn|9
|
|t:|1750827488
|move|p1b: Miraidon|Draco Meteor|p2a: Volcarona|[miss]
|-miss|p1b: Miraidon|p2a: Volcarona
|move|p1a: Lunala|Moongeist Beam|p2b: Groudon
|-damage|p2b: Groudon|35/100
|move|p2b: Groudon|Precipice Blades|p1b: Miraidon|[spread] p1a,p1b
|-supereffective|p1b: Miraidon
|-damage|p1a: Lunala|88/100
|-damage|p1b: Miraidon|0 fnt
|faint|p1b: Miraidon
|move|p2a: Volcarona|Fiery Dance|p1a: Lunala
|-damage|p1a: Lunala|62/100
|-boost|p2a: Volcarona|spa|1
|
|-weather|SunnyDay|[upkeep]
|-heal|p1a: Lunala|68/100|[from] item: Leftovers
|upkeep
|turn|10
|
|t:|1750827504
|move|p2b: Groudon|Protect|p2b: Groudon
|-singleturn|p2b: Groudon|Protect
|move|p1a: Lunala|Moongeist Beam|p2b: Groudon
|-activate|p2b: Groudon|move: Protect
|cant|p2a: Volcarona|par
|
|-weather|SunnyDay|[upkeep]
|-heal|p1a: Lunala|74/100|[from] item: Leftovers
|upkeep
|turn|11
|
|t:|1750827523
|move|p2b: Groudon|Protect||[still]
|-fail|p2b: Groudon
|move|p1a: Lunala|Moongeist Beam|p2b: Groudon
|-damage|p2b: Groudon|0 fnt
|faint|p2b: Groudon
|cant|p2a: Volcarona|par
|
|-weather|SunnyDay|[upkeep]
|-heal|p1a: Lunala|80/100|[from] item: Leftovers
|-sideend|p1: nwjns999|Reflect
|-fieldend|move: Electric Terrain
|upkeep
|turn|12
|
|t:|1750827527
|move|p1a: Lunala|Moongeist Beam|p2a: Volcarona
|-damage|p2a: Volcarona|0 fnt
|faint|p2a: Volcarona
|
|win|nwjns999
|raw|nwjns999's rating: 1570 &rarr; <strong>1590</strong><br />(+20 for winning)
|raw|Nihilego2105's rating: 1565 &rarr; <strong>1545</strong><br />(-20 for losing)
|l|☆Nihilego2105
|player|p2|
|l|☆nwjns999
|player|p1|
