|j|☆CoolKid1000000
|j|☆ArtiboniteLadder
|t:|1750712498
|gametype|doubles
|player|p1|CoolKid1000000|101|1490
|player|p2|ArtiboniteLadder|firebreather|1512
|teamsize|p1|6
|teamsize|p2|6
|gen|9
|tier|[Gen 9] VGC 2025 Reg I
|rated|
|rule|Species Clause: Limit one of each Pokémon
|rule|Item Clause: Limit 1 of each item
|clearpoke
|poke|p1|Calyrex-Shadow, L50|
|poke|p1|Zamazenta-*, L50|
|poke|p1|Chien-Pao, L50|
|poke|p1|Entei, L50|
|poke|p1|Urshifu-*, L50, M|
|poke|p1|Raichu, L50, F|
|poke|p2|Kyogre, L50|
|poke|p2|Sinistcha-Masterpiece, L50|
|poke|p2|Incineroar, L50, M|
|poke|p2|Ursaluna, L50, M|
|poke|p2|Dialga, L50|
|poke|p2|Landorus, L50, M|
|teampreview|4
|inactive|Battle timer is ON: inactive players will automatically lose when time's up. (requested by CoolKid1000000)
|
|t:|1750712515
|start
|switch|p1a: Urshifu|Urshifu-Rapid-Strike, L50, M|100/100
|switch|p1b: Zamazenta|Zamazenta-Crowned, L50|100/100
|switch|p2a: Ursaluna|Ursaluna, L50, M|100/100
|switch|p2b: Dialga|Dialga, L50|100/100
|-ability|p1b: Zamazenta|Dauntless Shield|boost
|-boost|p1b: Zamazenta|def|1
|turn|1
|
|t:|1750712531
|switch|p2a: Sinistcha|Sinistcha-Masterpiece, L50|100/100
|-terastallize|p2b: Dialga|Fairy
|move|p1a: Urshifu|Surging Strikes|p2a: Sinistcha
|-resisted|p2a: Sinistcha
|-crit|p2a: Sinistcha
|-damage|p2a: Sinistcha|92/100
|-damage|p1a: Urshifu|84/100|[from] item: Rocky Helmet|[of] p2a: Sinistcha
|-resisted|p2a: Sinistcha
|-crit|p2a: Sinistcha
|-damage|p2a: Sinistcha|84/100
|-damage|p1a: Urshifu|68/100|[from] item: Rocky Helmet|[of] p2a: Sinistcha
|-resisted|p2a: Sinistcha
|-crit|p2a: Sinistcha
|-damage|p2a: Sinistcha|75/100
|-damage|p1a: Urshifu|51/100|[from] item: Rocky Helmet|[of] p2a: Sinistcha
|-hitcount|p2a: Sinistcha|3
|move|p1b: Zamazenta|Body Press|p2b: Dialga
|-resisted|p2b: Dialga
|-damage|p2b: Dialga|82/100
|move|p2b: Dialga|Trick Room|p2b: Dialga
|-fieldstart|move: Trick Room|[of] p2b: Dialga
|
|upkeep
|turn|2
|inactive|CoolKid1000000 has 30 seconds left.
|
|t:|1750712558
|switch|p2b: Ursaluna|Ursaluna, L50, M|100/100
|move|p2a: Sinistcha|Matcha Gotcha|p1b: Zamazenta|[spread] p1a,p1b
|-supereffective|p1a: Urshifu
|-resisted|p1b: Zamazenta
|-damage|p1a: Urshifu|0 fnt
|-heal|p2a: Sinistcha|100/100|[from] drain|[of] p1a: Urshifu
|-damage|p1b: Zamazenta|90/100
|faint|p1a: Urshifu
|move|p1b: Zamazenta|Behemoth Bash|p2b: Ursaluna
|-damage|p2b: Ursaluna|73/100
|
|-status|p2b: Ursaluna|brn|[from] item: Flame Orb
|upkeep
|
|t:|1750712573
|switch|p1a: Chien-Pao|Chien-Pao, L50|100/100
|-ability|p1a: Chien-Pao|Sword of Ruin
|turn|3
|inactive|ArtiboniteLadder has 30 seconds left.
|
|t:|1750712603
|switch|p2a: Dialga|Dialga, L50, tera:Fairy|82/100
|-terastallize|p1b: Zamazenta|Grass
|move|p2b: Ursaluna|Earthquake|p1a: Chien-Pao|[spread] p1a,p1b
|-activate|p2a: Dialga|ability: Telepathy
|-resisted|p1b: Zamazenta
|-damage|p1a: Chien-Pao|11/100
|-damage|p1b: Zamazenta|71/100
|move|p1b: Zamazenta|Body Press|p2b: Ursaluna
|-supereffective|p2b: Ursaluna
|-damage|p2b: Ursaluna|0 fnt
|faint|p2b: Ursaluna
|move|p1a: Chien-Pao|Ice Spinner|p2a: Dialga
|-damage|p2a: Dialga|54/100
|
|upkeep
|
|t:|1750712606
|switch|p2b: Kyogre|Kyogre, L50|100/100
|-weather|RainDance|[from] ability: Drizzle|[of] p2b: Kyogre
|turn|4
|
|t:|1750712625
|move|p1b: Zamazenta|Wide Guard|p1b: Zamazenta
|-singleturn|p1b: Zamazenta|Wide Guard
|move|p1a: Chien-Pao|Sucker Punch|p2b: Kyogre
|-damage|p2b: Kyogre|58/100
|move|p2a: Dialga|Dragon Pulse|p1b: Zamazenta
|-damage|p1b: Zamazenta|43/100
|move|p2b: Kyogre|Ice Beam|p1b: Zamazenta
|-supereffective|p1b: Zamazenta
|-damage|p1b: Zamazenta|0 fnt
|faint|p1b: Zamazenta
|
|-weather|RainDance|[upkeep]
|upkeep
|
|t:|1750712636
|switch|p1b: Calyrex|Calyrex-Shadow, L50|100/100
|-ability|p1b: Calyrex|As One
|-ability|p1b: Calyrex|Unnerve
|turn|5
|
|t:|1750712648
|switch|p2b: Sinistcha|Sinistcha-Masterpiece, L50|100/100
|-heal|p2a: Dialga|79/100|[from] ability: Hospitality|[of] p2b: Sinistcha
|move|p1a: Chien-Pao|Sucker Punch||[still]
|-fail|p1a: Chien-Pao
|move|p2a: Dialga|Flash Cannon|p1a: Chien-Pao
|-supereffective|p1a: Chien-Pao
|-damage|p1a: Chien-Pao|0 fnt
|faint|p1a: Chien-Pao
|move|p1b: Calyrex|Nasty Plot|p1b: Calyrex
|-boost|p1b: Calyrex|spa|2
|
|-weather|RainDance|[upkeep]
|-fieldend|move: Trick Room
|upkeep
|turn|6
|
|t:|1750712661
|move|p1b: Calyrex|Astral Barrage|p2b: Sinistcha|[spread] p2a,p2b
|-supereffective|p2b: Sinistcha
|-damage|p2a: Dialga|0 fnt
|-damage|p2b: Sinistcha|0 fnt
|faint|p2a: Dialga
|faint|p2b: Sinistcha
|-ability|p1b: Calyrex|Grim Neigh|boost
|-boost|p1b: Calyrex|spa|2
|-damage|p1b: Calyrex|91/100|[from] item: Life Orb
|
|-weather|RainDance|[upkeep]
|upkeep
|-message|ArtiboniteLadder forfeited.
|
|win|CoolKid1000000
|raw|CoolKid1000000's rating: 1490 &rarr; <strong>1511</strong><br />(+21 for winning)
|raw|ArtiboniteLadder's rating: 1512 &rarr; <strong>1491</strong><br />(-21 for losing)
|l|☆ArtiboniteLadder
|player|p2|
|l|☆CoolKid1000000
|player|p1|
