|j|☆Clah Vays
|j|☆phantomslayer17
|t:|1750810253
|gametype|doubles
|player|p1|Clah Vays|cheren-gen5bw2|1304
|player|p2|phantomslayer17|burglar|1396
|teamsize|p1|6
|teamsize|p2|6
|gen|9
|tier|[Gen 9] VGC 2025 Reg I
|rated|
|rule|Species Clause: Limit one of each Pokémon
|rule|Item Clause: Limit 1 of each item
|clearpoke
|poke|p1|Kyogre, L50|
|poke|p1|Whimsicott, L50, F|
|poke|p1|Urshifu-*, L50, M|
|poke|p1|Zacian-*, L50|
|poke|p1|Pawmot, L50, F|
|poke|p1|Great Tusk, L50|
|poke|p2|Palkia-Origin, L50|
|poke|p2|Toxicroak, L50, F|
|poke|p2|Zacian-*, L50|
|poke|p2|Volcarona, L50, F|
|poke|p2|Gothitelle, L50, F|
|poke|p2|Rillaboom, L50, F|
|teampreview|4
Clah Vays has agreed to open team sheets.
|
|t:|1750810333
|start
|switch|p1a: Pawmot|Pawmot, L50, F|100/100
|switch|p1b: Kyogre|Kyogre, L50|100/100
|switch|p2a: Palkia|Palkia-Origin, L50, shiny|100/100
|switch|p2b: Volcarona|Volcarona, L50, F|100/100
|-weather|RainDance|[from] ability: Drizzle|[of] p1b: Kyogre
|-ability|p2a: Palkia|Pressure
|turn|1
|
|t:|1750810349
|-terastallize|p1b: Kyogre|Water
|-terastallize|p2b: Volcarona|Grass
|move|p2a: Palkia|Protect|p2a: Palkia
|-singleturn|p2a: Palkia|Protect
|move|p1a: Pawmot|Fake Out|p2a: Palkia
|-activate|p2a: Palkia|move: Protect
|move|p1b: Kyogre|Water Spout|p2b: Volcarona|[spread] p2b
|-activate|p2a: Palkia|move: Protect
|-resisted|p2b: Volcarona
|-damage|p2b: Volcarona|47/100
|move|p2b: Volcarona|Tailwind|p2b: Volcarona
|-sidestart|p2: phantomslayer17|move: Tailwind
|
|-weather|RainDance|[upkeep]
|upkeep
|turn|2
|
|t:|1750810369
|move|p2b: Volcarona|Rage Powder|p2b: Volcarona
|-singleturn|p2b: Volcarona|move: Rage Powder
|move|p2a: Palkia|Surf|p1b: Kyogre|[spread] p2b,p1a,p1b
|-resisted|p2b: Volcarona
|-resisted|p1b: Kyogre
|-damage|p2b: Volcarona|12/100
|-damage|p1a: Pawmot|26/100
|-damage|p1b: Kyogre|72/100
|move|p1b: Kyogre|Water Spout|p2b: Volcarona|[spread] p2a,p2b
|-resisted|p2a: Palkia
|-resisted|p2b: Volcarona
|-crit|p2b: Volcarona
|-damage|p2a: Palkia|80/100
|-damage|p2b: Volcarona|0 fnt
|faint|p2b: Volcarona
|move|p1a: Pawmot|Double Shock|p2a: Palkia
|-damage|p2a: Palkia|21/100
|-start|p1a: Pawmot|typechange|???/Fighting|[from] move: Double Shock
|
|-weather|RainDance|[upkeep]
|upkeep
|
|t:|1750810382
|switch|p2b: Toxicroak|Toxicroak, L50, F, shiny|100/100
|turn|3
|
|t:|1750810389
|move|p2a: Palkia|Protect|p2a: Palkia
|-singleturn|p2a: Palkia|Protect
|move|p1a: Pawmot|Upper Hand||[still]
|-fail|p1a: Pawmot
|move|p2b: Toxicroak|Swords Dance|p2b: Toxicroak
|-boost|p2b: Toxicroak|atk|2
|move|p1b: Kyogre|Water Spout|p2a: Palkia|[spread] 
|-activate|p2a: Palkia|move: Protect
|-immune|p2b: Toxicroak|[from] ability: Dry Skin
|
|-weather|RainDance|[upkeep]
|upkeep
|turn|4
|
|t:|1750810422
|switch|p1b: Zacian|Zacian-Crowned, L50|100/100
|-ability|p1b: Zacian|Intrepid Sword|boost
|-boost|p1b: Zacian|atk|1
|move|p2a: Palkia|Spacial Rend|p1a: Pawmot
|-crit|p1a: Pawmot
|-damage|p1a: Pawmot|0 fnt
|faint|p1a: Pawmot
|move|p2b: Toxicroak|Low Kick|p1b: Zacian
|-damage|p1b: Zacian|9/100
|
|-weather|RainDance|[upkeep]
|-sideend|p2: phantomslayer17|move: Tailwind
|upkeep
|
|t:|1750810431
|switch|p1a: Urshifu|Urshifu, L50, M|100/100
|turn|5
|
|t:|1750810447
|move|p2b: Toxicroak|Sucker Punch|p1b: Zacian
|-resisted|p1b: Zacian
|-crit|p1b: Zacian
|-damage|p1b: Zacian|0 fnt
|faint|p1b: Zacian
|move|p2a: Palkia|Surf|p1a: Urshifu|[spread] p1a
|-immune|p2b: Toxicroak|[from] ability: Dry Skin
|-damage|p1a: Urshifu|0 fnt
|faint|p1a: Urshifu
|
|-weather|none
|upkeep
|-message|Clah Vays forfeited.
|
|win|phantomslayer17
|raw|Clah Vays's rating: 1304 &rarr; <strong>1289</strong><br />(-15 for losing)
|raw|phantomslayer17's rating: 1396 &rarr; <strong>1411</strong><br />(+15 for winning)
|l|☆Clah Vays
|player|p1|
|l|☆phantomslayer17
|player|p2|
