|j|☆ferreirorlox
|j|☆Tekenu88
|t:|1750850217
|gametype|doubles
|player|p1|ferreirorlox|veteran|1000
|player|p2|Tekenu88|shadowtriad|1136
|teamsize|p1|6
|teamsize|p2|6
|gen|9
|tier|[Gen 9] VGC 2025 Reg I
|rated|
|rule|Species Clause: Limit one of each Pokémon
|rule|Item Clause: Limit 1 of each item
|clearpoke
|poke|p1|Calyrex-Ice, L50|
|poke|p1|Gallade, L50, M|
|poke|p1|Hatterene, L50, F|
|poke|p1|Indeedee-F, L50, F|
|poke|p1|Smeargle, L50, F|
|poke|p1|Torkoal, L50, F|
|poke|p2|Armarouge, L50, F|
|poke|p2|Walking Wake, L50|
|poke|p2|Koraidon, L50|
|poke|p2|Calyrex-Shadow, L50|
|poke|p2|Amoonguss, L50, F|
|poke|p2|Thundurus, L50, M|
|teampreview|4
|inactive|Battle timer is ON: inactive players will automatically lose when time's up. (requested by Tekenu88)
|inactive|ferreirorlox has 60 seconds left.
|inactive|Tekenu88 has 60 seconds left.
|
|t:|1750850253
|start
|switch|p1a: Calyrex|Calyrex-Ice, L50|100/100
|switch|p1b: Indeedee|Indeedee-F, L50, F|100/100
|switch|p2a: Walking Wake|Walking Wake, L50|100/100
|switch|p2b: Armarouge|Armarouge, L50, F|100/100
|-ability|p1a: Calyrex|As One
|-ability|p1a: Calyrex|Unnerve
|-fieldstart|move: Psychic Terrain|[from] ability: Psychic Surge|[of] p1b: Indeedee
|-enditem|p2a: Walking Wake|Booster Energy
|-activate|p2a: Walking Wake|ability: Protosynthesis|[fromitem]
|-start|p2a: Walking Wake|protosynthesisspe
|turn|1
|inactive|ferreirorlox has 30 seconds left.
|inactive|Tekenu88 has 30 seconds left.
|
|t:|1750850286
|move|p1b: Indeedee|Follow Me|p1b: Indeedee
|-singleturn|p1b: Indeedee|move: Follow Me
|move|p2a: Walking Wake|Aqua Jet|p1b: Indeedee
|-activate|p1b: Indeedee|move: Psychic Terrain
|move|p2b: Armarouge|Armor Cannon|p1b: Indeedee
|-damage|p1b: Indeedee|34/100
|-unboost|p2b: Armarouge|def|1
|-unboost|p2b: Armarouge|spd|1
|move|p1a: Calyrex|Trick Room|p1a: Calyrex
|-fieldstart|move: Trick Room|[of] p1a: Calyrex
|
|upkeep
|turn|2
|
|t:|1750850310
|move|p1b: Indeedee|Follow Me|p1b: Indeedee
|-singleturn|p1b: Indeedee|move: Follow Me
|move|p2a: Walking Wake|Aqua Jet|p1b: Indeedee
|-activate|p1b: Indeedee|move: Psychic Terrain
|move|p1a: Calyrex|Swords Dance|p1a: Calyrex
|-boost|p1a: Calyrex|atk|2
|move|p2b: Armarouge|Heat Wave|p1b: Indeedee|[spread] p1a,p1b
|-supereffective|p1a: Calyrex
|-crit|p1b: Indeedee
|-damage|p1a: Calyrex|45/100
|-damage|p1b: Indeedee|0 fnt
|faint|p1b: Indeedee
|
|upkeep
|
|t:|1750850324
|switch|p1b: Smeargle|Smeargle, L50, F|100/100
|turn|3
|
|t:|1750850339
|move|p2b: Armarouge|Protect|p2b: Armarouge
|-singleturn|p2b: Armarouge|Protect
|move|p2a: Walking Wake|Protect|p2a: Walking Wake
|-singleturn|p2a: Walking Wake|Protect
|move|p1a: Calyrex|Glacial Lance|p2b: Armarouge|[spread] 
|-activate|p2a: Walking Wake|move: Protect
|-activate|p2b: Armarouge|move: Protect
|move|p1b: Smeargle|Decorate|p1a: Calyrex
|-boost|p1a: Calyrex|atk|2
|-boost|p1a: Calyrex|spa|2
|
|-ability|p1b: Smeargle|Moody|boost
|-boost|p1b: Smeargle|def|2
|-unboost|p1b: Smeargle|spe|1
|upkeep
|turn|4
|
|t:|1750850363
|switch|p2b: Koraidon|Koraidon, L50|100/100
|-weather|SunnyDay|[from] ability: Orichalcum Pulse|[of] p2b: Koraidon
|-activate|p2b: Koraidon|Orichalcum Pulse|[source]
|-end|p2a: Walking Wake|Protosynthesis|[silent]
|switch|p2a: Calyrex|Calyrex-Shadow, L50|100/100
|-ability|p2a: Calyrex|As One
|-ability|p2a: Calyrex|Unnerve
|-terastallize|p1a: Calyrex|Fairy
|move|p1b: Smeargle|Spore|p2b: Koraidon
|-status|p2b: Koraidon|slp|[from] move: Spore
|move|p1a: Calyrex|Glacial Lance|p2a: Calyrex|[spread] p2a,p2b
|-supereffective|p2b: Koraidon
|-damage|p2a: Calyrex|0 fnt
|-damage|p2b: Koraidon|0 fnt
|faint|p2a: Calyrex
|faint|p2b: Koraidon
|-ability|p1a: Calyrex|Chilling Neigh|boost
|-boost|p1a: Calyrex|atk|2
|
|-weather|SunnyDay|[upkeep]
|-ability|p1b: Smeargle|Moody|boost
|-boost|p1b: Smeargle|spa|2
|-unboost|p1b: Smeargle|spd|1
|upkeep
|
|t:|1750850384
|switch|p2b: Armarouge|Armarouge, L50, F|100/100
|switch|p2a: Walking Wake|Walking Wake, L50|100/100
|-activate|p2a: Walking Wake|ability: Protosynthesis
|-start|p2a: Walking Wake|protosynthesisspe
|turn|5
|
|t:|1750850400
|move|p2b: Armarouge|Protect|p2b: Armarouge
|-singleturn|p2b: Armarouge|Protect
|move|p2a: Walking Wake|Protect|p2a: Walking Wake
|-singleturn|p2a: Walking Wake|Protect
|move|p1b: Smeargle|Spore|p2b: Armarouge
|-activate|p2b: Armarouge|move: Protect
|move|p1a: Calyrex|Glacial Lance|p2b: Armarouge|[spread] 
|-activate|p2a: Walking Wake|move: Protect
|-activate|p2b: Armarouge|move: Protect
|
|-weather|SunnyDay|[upkeep]
|-fieldend|move: Trick Room
|-fieldend|move: Psychic Terrain
|-ability|p1b: Smeargle|Moody|boost
|-boost|p1b: Smeargle|spe|2
|-unboost|p1b: Smeargle|spd|1
|upkeep
|turn|6
|
|t:|1750850421
|move|p1b: Smeargle|Spiky Shield|p1b: Smeargle
|-singleturn|p1b: Smeargle|move: Protect
|move|p2a: Walking Wake|Aqua Jet|p2b: Armarouge
|-supereffective|p2b: Armarouge
|-crit|p2b: Armarouge
|-damage|p2b: Armarouge|81/100
|-ability|p2b: Armarouge|Weak Armor|boost
|-unboost|p2b: Armarouge|def|1
|-boost|p2b: Armarouge|spe|2
|-enditem|p2b: Armarouge|Weakness Policy
|-boost|p2b: Armarouge|atk|2|[from] item: Weakness Policy
|-boost|p2b: Armarouge|spa|2|[from] item: Weakness Policy
|move|p2b: Armarouge|Heat Wave|p1a: Calyrex|[spread] p1a
|-activate|p1b: Smeargle|move: Protect
|-damage|p1a: Calyrex|0 fnt
|faint|p1a: Calyrex
|
|-weather|SunnyDay|[upkeep]
|-ability|p1b: Smeargle|Moody|boost
|-boost|p1b: Smeargle|spe|2
|-unboost|p1b: Smeargle|def|1
|upkeep
|
|t:|1750850438
|switch|p1a: Torkoal|Torkoal, L50, F, shiny|100/100
|turn|7
|
|t:|1750850462
|move|p1b: Smeargle|Follow Me|p1b: Smeargle
|-singleturn|p1b: Smeargle|move: Follow Me
|move|p2a: Walking Wake|Hydro Steam|p1b: Smeargle
|-enditem|p1b: Smeargle|Focus Sash
|-damage|p1b: Smeargle|1/100
|move|p2b: Armarouge|Armor Cannon|p1b: Smeargle
|-damage|p1b: Smeargle|0 fnt
|-unboost|p2b: Armarouge|def|1
|-unboost|p2b: Armarouge|spd|1
|faint|p1b: Smeargle
|move|p1a: Torkoal|Eruption|p2b: Armarouge|[spread] p2a,p2b
|-resisted|p2a: Walking Wake
|-resisted|p2b: Armarouge
|-crit|p2b: Armarouge
|-damage|p2a: Walking Wake|74/100
|-damage|p2b: Armarouge|0 fnt
|faint|p2b: Armarouge
|
|-weather|SunnyDay|[upkeep]
|upkeep
|turn|8
|
|t:|1750850480
|move|p2a: Walking Wake|Hydro Steam|p1a: Torkoal
|-supereffective|p1a: Torkoal
|-damage|p1a: Torkoal|0 fnt
|faint|p1a: Torkoal
|
|win|Tekenu88
|raw|ferreirorlox's rating: 1000 &rarr; <strong>1000</strong><br />(+0 for losing)
|raw|Tekenu88's rating: 1136 &rarr; <strong>1152</strong><br />(+16 for winning)
|l|☆ferreirorlox
|player|p1|
