|j|☆bubert_ps
|j|☆PiousAugustus13
|t:|1750730227
|gametype|doubles
|player|p1|bubert_ps|1|1329
|player|p2|PiousAugustus13|swimmerf|1410
|teamsize|p1|6
|teamsize|p2|6
|gen|9
|tier|[Gen 9] VGC 2025 Reg I
|rated|
|rule|Species Clause: Limit one of each Pokémon
|rule|Item Clause: Limit 1 of each item
|clearpoke
|poke|p1|Calyrex-Ice, L50|
|poke|p1|Scraggy, L50, M|
|poke|p1|Landorus-Therian, L50, M|
|poke|p1|Miraidon, L50|
|poke|p1|Cresselia, L50, F|
|poke|p1|Incineroar, L50, F|
|poke|p2|Ho-Oh, L50|
|poke|p2|Eternatus, L50|
|poke|p2|Quagsire, L50, M|
|poke|p2|Grimmsnarl, L50, M|
|poke|p2|Ting-Lu, L50|
|poke|p2|Rhydon, L50, M|
|teampreview|4
|
|t:|1750730265
|start
|switch|p1a: Landorus|Landorus-Therian, L50, M|100/100
|switch|p1b: Miraidon|Miraidon, L50|100/100
|switch|p2a: Eternatus|Eternatus, L50|100/100
|switch|p2b: Grimmsnarl|Grimmsnarl, L50, M|100/100
|-ability|p1a: Landorus|Intimidate|boost
|-unboost|p2a: Eternatus|atk|1
|-unboost|p2b: Grimmsnarl|atk|1
|-fieldstart|move: Electric Terrain|[from] ability: Hadron Engine|[of] p1b: Miraidon
|-ability|p2a: Eternatus|Pressure
|turn|1
|
|t:|1750730290
|-terastallize|p2a: Eternatus|Fairy
|move|p2b: Grimmsnarl|Light Screen|p2b: Grimmsnarl
|-sidestart|p2: PiousAugustus13|move: Light Screen
|move|p1a: Landorus|Stomping Tantrum|p2a: Eternatus
|-damage|p2a: Eternatus|69/100
|move|p1b: Miraidon|Draco Meteor|p2a: Eternatus
|-immune|p2a: Eternatus
|move|p2a: Eternatus|Cosmic Power|p2a: Eternatus
|-boost|p2a: Eternatus|def|1
|-boost|p2a: Eternatus|spd|1
|
|upkeep
|turn|2
|
|t:|1750730308
|switch|p1b: Scraggy|Scraggy, L50, M|100/100
|-ability|p1b: Scraggy|Intimidate|boost
|-unboost|p2a: Eternatus|atk|1
|-unboost|p2b: Grimmsnarl|atk|1
|move|p2b: Grimmsnarl|Reflect|p2b: Grimmsnarl
|-sidestart|p2: PiousAugustus13|Reflect
|move|p1a: Landorus|Stomping Tantrum|p2a: Eternatus
|-damage|p2a: Eternatus|57/100
|move|p2a: Eternatus|Toxic Spikes|p1b: Scraggy
|-sidestart|p1: bubert_ps|move: Toxic Spikes
|
|upkeep
|turn|3
|
|t:|1750730326
|switch|p1a: Calyrex|Calyrex-Ice, L50|100/100
|-ability|p1a: Calyrex|As One
|-ability|p1a: Calyrex|Unnerve
|-status|p1a: Calyrex|psn
|move|p2a: Eternatus|Toxic Spikes|p1a: Calyrex
|-sidestart|p1: bubert_ps|move: Toxic Spikes
|move|p2b: Grimmsnarl|Foul Play|p1a: Calyrex
|-supereffective|p1a: Calyrex
|-damage|p1a: Calyrex|34/100 psn
|move|p1b: Scraggy|Coaching|p1a: Calyrex
|-boost|p1a: Calyrex|atk|1
|-boost|p1a: Calyrex|def|1
|
|-heal|p1a: Calyrex|40/100 psn|[from] item: Leftovers
|-damage|p1a: Calyrex|28/100 psn|[from] psn
|upkeep
|turn|4
|
|t:|1750730355
|switch|p1b: Miraidon|Miraidon, L50|100/100
|-status|p1b: Miraidon|tox
|-activate|p1b: Miraidon|ability: Hadron Engine
|move|p1a: Calyrex|Protect|p1a: Calyrex
|-singleturn|p1a: Calyrex|Protect
|move|p2a: Eternatus|Cosmic Power|p2a: Eternatus
|-boost|p2a: Eternatus|def|1
|-boost|p2a: Eternatus|spd|1
|move|p2b: Grimmsnarl|Foul Play|p1a: Calyrex
|-activate|p1a: Calyrex|move: Protect
|
|-heal|p1a: Calyrex|33/100 psn|[from] item: Leftovers
|-damage|p1b: Miraidon|94/100 tox|[from] psn
|-damage|p1a: Calyrex|21/100 psn|[from] psn
|upkeep
|turn|5
|
|t:|1750730396
|move|p1b: Miraidon|Volt Switch|p2a: Eternatus
|-damage|p2a: Eternatus|37/100
|
|t:|1750730404
|switch|p1b: Landorus|Landorus-Therian, L50, M|100/100|[from] Volt Switch
|-ability|p1b: Landorus|Intimidate|boost
|-unboost|p2a: Eternatus|atk|1
|-unboost|p2b: Grimmsnarl|atk|1
|move|p2a: Eternatus|Recover|p2a: Eternatus
|-heal|p2a: Eternatus|87/100
|move|p2b: Grimmsnarl|Foul Play|p1a: Calyrex
|-supereffective|p1a: Calyrex
|-damage|p1a: Calyrex|0 fnt
|faint|p1a: Calyrex
|
|-fieldend|move: Electric Terrain
|upkeep
|
|t:|1750730412
|switch|p1a: Miraidon|Miraidon, L50|94/100 tox
|-fieldstart|move: Electric Terrain|[from] ability: Hadron Engine|[of] p1a: Miraidon
|turn|6
|
|t:|1750730424
|move|p1b: Landorus|Rock Slide|p2a: Eternatus|[spread] p2a,p2b
|-damage|p2a: Eternatus|82/100
|-damage|p2b: Grimmsnarl|90/100
|move|p1a: Miraidon|Electro Drift|p2a: Eternatus
|-crit|p2a: Eternatus
|-damage|p2a: Eternatus|0 fnt
|faint|p2a: Eternatus
|cant|p2b: Grimmsnarl|flinch
|
|-damage|p1a: Miraidon|88/100 tox|[from] psn
|upkeep
|
|t:|1750730441
|switch|p2a: Quagsire|Quagsire, L50, M|100/100
|turn|7
|
|t:|1750730457
|move|p1b: Landorus|Rock Slide|p2a: Quagsire|[spread] p2b
|-miss|p1b: Landorus|p2a: Quagsire
|-damage|p2b: Grimmsnarl|79/100
|move|p1a: Miraidon|Electro Drift|p2b: Grimmsnarl
|-damage|p2b: Grimmsnarl|0 fnt
|faint|p2b: Grimmsnarl
|move|p2a: Quagsire|Toxic|p1b: Landorus
|-status|p1b: Landorus|tox
|
|-damage|p1b: Landorus|94/100 tox|[from] psn
|-damage|p1a: Miraidon|75/100 tox|[from] psn
|upkeep
|
|t:|1750730465
|switch|p2b: Ho-Oh|Ho-Oh, L50|100/100
|turn|8
|
|t:|1750730478
|switch|p1a: Scraggy|Scraggy, L50, M|100/100
|-status|p1a: Scraggy|tox
|-ability|p1a: Scraggy|Intimidate|boost
|-unboost|p2a: Quagsire|atk|1
|-unboost|p2b: Ho-Oh|atk|1
|move|p2b: Ho-Oh|Protect|p2b: Ho-Oh
|-singleturn|p2b: Ho-Oh|Protect
|move|p1b: Landorus|Rock Slide|p2b: Ho-Oh|[spread] p2a
|-activate|p2b: Ho-Oh|move: Protect
|-resisted|p2a: Quagsire
|-crit|p2a: Quagsire
|-damage|p2a: Quagsire|91/100
|move|p2a: Quagsire|Earth Power|p1a: Scraggy
|-damage|p1a: Scraggy|81/100 tox
|
|-heal|p2a: Quagsire|97/100|[from] item: Leftovers
|-damage|p1b: Landorus|82/100 tox|[from] psn
|-damage|p1a: Scraggy|75/100 tox|[from] psn
|-sideend|p2: PiousAugustus13|move: Light Screen
|upkeep
|turn|9
|
|t:|1750730505
|move|p1a: Scraggy|Fake Out|p2b: Ho-Oh
|-damage|p2b: Ho-Oh|97/100
|-damage|p1a: Scraggy|59/100 tox|[from] item: Rocky Helmet|[of] p2b: Ho-Oh
|move|p1b: Landorus|Rock Slide|p2a: Quagsire|[spread] p2b
|-miss|p1b: Landorus|p2a: Quagsire
|-supereffective|p2b: Ho-Oh
|-damage|p2b: Ho-Oh|63/100
|cant|p2b: Ho-Oh|flinch
|move|p2a: Quagsire|Earth Power|p1a: Scraggy
|-damage|p1a: Scraggy|43/100 tox
|
|-heal|p2a: Quagsire|100/100|[from] item: Leftovers
|-damage|p1b: Landorus|63/100 tox|[from] psn
|-damage|p1a: Scraggy|31/100 tox|[from] psn
|-sideend|p2: PiousAugustus13|Reflect
|upkeep
|turn|10
|
|t:|1750730530
|move|p1b: Landorus|Rock Slide|p2a: Quagsire|[spread] p2a
|-miss|p1b: Landorus|p2b: Ho-Oh
|-resisted|p2a: Quagsire
|-damage|p2a: Quagsire|93/100
|move|p2b: Ho-Oh|Life Dew|p2b: Ho-Oh|[spread] p2b
|-heal|p2a: Quagsire|100/100|[from] ability: Water Absorb|[of] p2b: Ho-Oh
|-heal|p2b: Ho-Oh|88/100
|move|p1a: Scraggy|Endeavor|p2a: Quagsire
|-damage|p2a: Quagsire|24/100
|move|p2a: Quagsire|Earth Power|p1a: Scraggy
|-damage|p1a: Scraggy|14/100 tox
|
|-heal|p2a: Quagsire|30/100|[from] item: Leftovers
|-damage|p1b: Landorus|38/100 tox|[from] psn
|-damage|p1a: Scraggy|0 fnt|[from] psn
|faint|p1a: Scraggy
|-fieldend|move: Electric Terrain
|upkeep
|
|t:|1750730544
|switch|p1a: Miraidon|Miraidon, L50|75/100 tox
|-fieldstart|move: Electric Terrain|[from] ability: Hadron Engine|[of] p1a: Miraidon
|turn|11
|
|t:|1750730559
|-terastallize|p1a: Miraidon|Fairy
|move|p2b: Ho-Oh|Protect|p2b: Ho-Oh
|-singleturn|p2b: Ho-Oh|Protect
|move|p2a: Quagsire|Protect|p2a: Quagsire
|-singleturn|p2a: Quagsire|Protect
|move|p1b: Landorus|Rock Slide|p2a: Quagsire|[spread] 
|-activate|p2a: Quagsire|move: Protect
|-activate|p2b: Ho-Oh|move: Protect
|move|p1a: Miraidon|Dazzling Gleam|p2b: Ho-Oh|[spread] 
|-activate|p2a: Quagsire|move: Protect
|-activate|p2b: Ho-Oh|move: Protect
|
|-heal|p2a: Quagsire|36/100|[from] item: Leftovers
|-damage|p1b: Landorus|7/100 tox|[from] psn
|-damage|p1a: Miraidon|69/100 tox|[from] psn
|upkeep
|turn|12
|
|t:|1750730580
|move|p1b: Landorus|Rock Slide|p2b: Ho-Oh|[spread] p2a,p2b
|-resisted|p2a: Quagsire
|-supereffective|p2b: Ho-Oh
|-damage|p2a: Quagsire|29/100
|-damage|p2b: Ho-Oh|38/100
|move|p1a: Miraidon|Dazzling Gleam|p2b: Ho-Oh|[spread] p2a,p2b
|-crit|p2a: Quagsire
|-resisted|p2b: Ho-Oh
|-damage|p2a: Quagsire|0 fnt
|-damage|p2b: Ho-Oh|20/100
|faint|p2a: Quagsire
|move|p2b: Ho-Oh|Life Dew|p2b: Ho-Oh
|-heal|p2b: Ho-Oh|45/100
|
|-damage|p1b: Landorus|0 fnt|[from] psn
|faint|p1b: Landorus
|-damage|p1a: Miraidon|57/100 tox|[from] psn
|upkeep
|turn|13
|
|t:|1750730596
|move|p2b: Ho-Oh|Protect|p2b: Ho-Oh
|-singleturn|p2b: Ho-Oh|Protect
|move|p1a: Miraidon|Dazzling Gleam|p2b: Ho-Oh
|-activate|p2b: Ho-Oh|move: Protect
|
|-damage|p1a: Miraidon|38/100 tox|[from] psn
|upkeep
|turn|14
|
|t:|1750730613
|move|p1a: Miraidon|Dazzling Gleam|p2b: Ho-Oh
|-resisted|p2b: Ho-Oh
|-crit|p2b: Ho-Oh
|-damage|p2b: Ho-Oh|8/100
|move|p2b: Ho-Oh|Life Dew|p2b: Ho-Oh
|-heal|p2b: Ho-Oh|33/100
|
|-damage|p1a: Miraidon|13/100 tox|[from] psn
|upkeep
|turn|15
|-message|bubert_ps forfeited.
|
|win|PiousAugustus13
|raw|bubert_ps's rating: 1329 &rarr; <strong>1314</strong><br />(-15 for losing)
|raw|PiousAugustus13's rating: 1410 &rarr; <strong>1425</strong><br />(+15 for winning)
|l|☆bubert_ps
|player|p1|
|l|☆PiousAugustus13
|player|p2|
