|j|☆bluebleh
|j|☆JakiePooo
|t:|1750833851
|gametype|doubles
|player|p1|bluebleh|gentleman-gen4dp|1063
|player|p2|JakiePooo|102|1122
|teamsize|p1|6
|teamsize|p2|6
|gen|9
|tier|[Gen 9] VGC 2025 Reg I
|rated|
|rule|Species Clause: Limit one of each Pokémon
|rule|Item Clause: Limit 1 of each item
|clearpoke
|poke|p1|Lilligant-Hisui, L50, F|
|poke|p1|Groudon, L50|
|poke|p1|Kleavor, L50, M|
|poke|p1|Ho-Oh, L50|
|poke|p1|Magnezone, L50|
|poke|p1|Cyclizar, L50, F|
|poke|p2|Calyrex-Shadow, L50|
|poke|p2|Indeedee-F, L50, F|
|poke|p2|Regieleki, L50|
|poke|p2|Amoonguss, L50, F|
|poke|p2|Zamazenta-*, L50|
|poke|p2|Sylveon, L50, M|
|teampreview|4
bluebleh rejected open team sheets.
|
|t:|1750833891
|start
|switch|p1a: Groudon|Groudon, L50|100/100
|switch|p1b: Irony|Magnezone, L50, shiny|100/100
|switch|p2a: Calyrex|Calyrex-Shadow, L50|100/100
|switch|p2b: Amoonguss|Amoonguss, L50, F|100/100
|-ability|p2a: Calyrex|As One
|-ability|p2a: Calyrex|Unnerve
|-weather|SunnyDay|[from] ability: Drought|[of] p1a: Groudon
|turn|1
|inactive|Battle timer is ON: inactive players will automatically lose when time's up. (requested by JakiePooo)
|
|t:|1750833926
|move|p2a: Calyrex|Astral Barrage|p1b: Irony|[spread] p1a,p1b
|-damage|p1a: Groudon|28/100
|-damage|p1b: Irony|19/100
|move|p1a: Groudon|Crunch|p2a: Calyrex
|-supereffective|p2a: Calyrex
|-damage|p2a: Calyrex|0 fnt
|faint|p2a: Calyrex
|move|p1b: Irony|Thunder|p2b: Amoonguss
|-resisted|p2b: Amoonguss
|-damage|p2b: Amoonguss|81/100
|move|p2b: Amoonguss|Spore|p1a: Groudon
|-status|p1a: Groudon|slp|[from] move: Spore
|
|-weather|SunnyDay|[upkeep]
|upkeep
|
|t:|1750833940
|switch|p2a: Zamazenta|Zamazenta-Crowned, L50|100/100
|-ability|p2a: Zamazenta|Dauntless Shield|boost
|-boost|p2a: Zamazenta|def|1
|turn|2
|
|t:|1750833961
|move|p2a: Zamazenta|Body Press|p1b: Irony
|-supereffective|p1b: Irony
|-damage|p1b: Irony|0 fnt
|faint|p1b: Irony
|cant|p1a: Groudon|slp
|move|p2b: Amoonguss|Sludge Bomb|p1a: Groudon
|-resisted|p1a: Groudon
|-damage|p1a: Groudon|15/100 slp
|
|-weather|SunnyDay|[upkeep]
|upkeep
|
|t:|1750833973
|switch|p1b: Ho-Oh|Ho-Oh, L50|100/100
|turn|3
|
|t:|1750833995
|-terastallize|p2a: Zamazenta|Ground
|move|p2a: Zamazenta|Body Press|p1a: Groudon
|-damage|p1a: Groudon|0 fnt
|faint|p1a: Groudon
|move|p1b: Ho-Oh|Sacred Fire|p2a: Zamazenta
|-damage|p2a: Zamazenta|56/100
|move|p2b: Amoonguss|Spore|p1b: Ho-Oh
|-status|p1b: Ho-Oh|slp|[from] move: Spore
|
|-weather|SunnyDay|[upkeep]
|upkeep
|
|t:|1750834005
|switch|p1a: Bosphoramus|Kleavor, L50, M|100/100
|turn|4
|
|t:|1750834026
|move|p2b: Amoonguss|Rage Powder|p2b: Amoonguss
|-singleturn|p2b: Amoonguss|move: Rage Powder
|move|p2a: Zamazenta|Behemoth Bash|p1a: Bosphoramus
|-supereffective|p1a: Bosphoramus
|-damage|p1a: Bosphoramus|2/100
|cant|p1b: Ho-Oh|slp
|move|p1a: Bosphoramus|Trailblaze|p2b: Amoonguss
|-resisted|p2b: Amoonguss
|-damage|p2b: Amoonguss|77/100
|-boost|p1a: Bosphoramus|spe|1
|
|-weather|SunnyDay|[upkeep]
|upkeep
|turn|5
|inactive|JakiePooo has 30 seconds left.
|
|t:|1750834055
|-terastallize|p1a: Bosphoramus|Bug
|move|p2b: Amoonguss|Rage Powder|p2b: Amoonguss
|-singleturn|p2b: Amoonguss|move: Rage Powder
|move|p2a: Zamazenta|Behemoth Bash|p1b: Ho-Oh
|-resisted|p1b: Ho-Oh
|-damage|p1b: Ho-Oh|78/100 slp
|move|p1a: Bosphoramus|X-Scissor|p2b: Amoonguss
|-damage|p2b: Amoonguss|0 fnt
|faint|p2b: Amoonguss
|cant|p1b: Ho-Oh|slp
|
|-weather|SunnyDay|[upkeep]
|upkeep
|
|t:|1750834066
|switch|p2b: Indeedee|Indeedee-F, L50, F|100/100
|-fieldstart|move: Psychic Terrain|[from] ability: Psychic Surge|[of] p2b: Indeedee
|turn|6
|
|t:|1750834079
|move|p2b: Indeedee|Fake Out|p1a: Bosphoramus
|-activate|p1a: Bosphoramus|move: Psychic Terrain
|move|p2a: Zamazenta|Crunch|p1b: Ho-Oh
|-damage|p1b: Ho-Oh|56/100 slp
|move|p1a: Bosphoramus|X-Scissor|p2b: Indeedee
|-supereffective|p2b: Indeedee
|-damage|p2b: Indeedee|0 fnt
|faint|p2b: Indeedee
|cant|p1b: Ho-Oh|slp
|
|-weather|SunnyDay|[upkeep]
|upkeep
|turn|7
|
|t:|1750834102
|move|p2a: Zamazenta|Crunch|p1a: Bosphoramus
|-damage|p1a: Bosphoramus|0 fnt
|faint|p1a: Bosphoramus
|-curestatus|p1b: Ho-Oh|slp|[msg]
|move|p1b: Ho-Oh|Dual Wingbeat|p2a: Zamazenta
|-damage|p2a: Zamazenta|43/100
|-damage|p2a: Zamazenta|30/100
|-hitcount|p2a: Zamazenta|2
|
|-weather|SunnyDay|[upkeep]
|upkeep
|turn|8
|
|t:|1750834115
|move|p2a: Zamazenta|Crunch|p1b: Ho-Oh
|-damage|p1b: Ho-Oh|31/100
|-unboost|p1b: Ho-Oh|def|1
|move|p1b: Ho-Oh|Dual Wingbeat|p2a: Zamazenta
|-damage|p2a: Zamazenta|17/100
|-damage|p2a: Zamazenta|3/100
|-hitcount|p2a: Zamazenta|2
|
|-weather|none
|upkeep
|turn|9
|
|t:|1750834125
|move|p2a: Zamazenta|Crunch|p1b: Ho-Oh
|-damage|p1b: Ho-Oh|0 fnt
|faint|p1b: Ho-Oh
|
|win|JakiePooo
|raw|bluebleh's rating: 1063 &rarr; <strong>1047</strong><br />(-16 for losing)
|raw|JakiePooo's rating: 1122 &rarr; <strong>1143</strong><br />(+21 for winning)
|l|☆JakiePooo
|player|p2|
|l|☆bluebleh
|player|p1|
