|j|☆junoruao
|j|☆queen_lel
|t:|1750796702
|gametype|doubles
|player|p1|junoruao|caitlin|1114
|player|p2|queen_lel|102|1190
|teamsize|p1|6
|teamsize|p2|6
|gen|9
|tier|[Gen 9] VGC 2025 Reg I
|rated|
|rule|Species Clause: Limit one of each Pokémon
|rule|Item Clause: Limit 1 of each item
|clearpoke
|poke|p1|Calyrex-Ice, L50|
|poke|p1|Incineroar, L50, F|
|poke|p1|Slowking-Galar, L50, M|
|poke|p1|Miraidon, L50|
|poke|p1|Iron Bundle, L50|
|poke|p1|Ninetales-Alola, L50, F|
|poke|p2|Zamazenta-*, L50|
|poke|p2|Volcarona, L50, M|
|poke|p2|Calyrex-Shadow, L50|
|poke|p2|Gholdengo, L50|
|poke|p2|Ogerpon-Wellspring, L50, F|
|poke|p2|Rillaboom, L50, M|
|teampreview|4
|inactive|Battle timer is ON: inactive players will automatically lose when time's up. (requested by queen_lel)
junoruao rejected open team sheets.
|
|t:|1750796730
|start
|switch|p1a: Incineroar|Incineroar, L50, F|100/100
|switch|p1b: Slowking|Slowking-Galar, L50, M|100/100
|switch|p2a: Zamazenta|Zamazenta-Crowned, L50|100/100
|switch|p2b: Volcarona|Volcarona, L50, M|100/100
|-ability|p2a: Zamazenta|Dauntless Shield|boost
|-boost|p2a: Zamazenta|def|1
|-ability|p1a: Incineroar|Intimidate|boost
|-unboost|p2a: Zamazenta|atk|1
|-unboost|p2b: Volcarona|atk|1
|turn|1
|
|t:|1750796754
|move|p1a: Incineroar|Fake Out|p2a: Zamazenta
|-resisted|p2a: Zamazenta
|-damage|p2a: Zamazenta|98/100
|cant|p2a: Zamazenta|flinch
|move|p2b: Volcarona|Struggle Bug|p1a: Incineroar|[spread] p1a,p1b
|-damage|p1a: Incineroar|84/100
|-damage|p1b: Slowking|89/100
|-unboost|p1a: Incineroar|spa|1
|-unboost|p1b: Slowking|spa|1
|-prepare|p1b: Slowking|Chilly Reception|[premajor]
|move|p1b: Slowking|Chilly Reception|p1b: Slowking
|-weather|Snowscape
|
|t:|1750796765
|switch|p1b: Ninetales|Ninetales-Alola, L50, F|100/100|[from] Chilly Reception
|
|-weather|Snowscape|[upkeep]
|upkeep
|turn|2
|
|t:|1750796784
|move|p2a: Zamazenta|Behemoth Bash|p1b: Ninetales
|-supereffective|p1b: Ninetales
|-damage|p1b: Ninetales|0 fnt
|faint|p1b: Ninetales
|move|p2b: Volcarona|Struggle Bug|p1a: Incineroar
|-damage|p1a: Incineroar|63/100
|-unboost|p1a: Incineroar|spa|1
|move|p1a: Incineroar|Parting Shot|p2b: Volcarona
|-unboost|p2b: Volcarona|atk|1
|-unboost|p2b: Volcarona|spa|1
|
|t:|1750796804
|switch|p1a: Calyrex|Calyrex-Ice, L50|100/100|[from] Parting Shot
|-ability|p1a: Calyrex|As One
|-ability|p1a: Calyrex|Unnerve
|
|-weather|Snowscape|[upkeep]
|upkeep
|
|t:|1750796811
|switch|p1b: Incineroar|Incineroar, L50, F|63/100
|-ability|p1b: Incineroar|Intimidate|boost
|-unboost|p2a: Zamazenta|atk|1
|-unboost|p2b: Volcarona|atk|1
|turn|3
|
|t:|1750796822
|-terastallize|p1a: Calyrex|Water
|move|p2a: Zamazenta|Protect|p2a: Zamazenta
|-singleturn|p2a: Zamazenta|Protect
|move|p2b: Volcarona|Protect|p2b: Volcarona
|-singleturn|p2b: Volcarona|Protect
|move|p1b: Incineroar|Fake Out|p2a: Zamazenta
|-activate|p2a: Zamazenta|move: Protect
|move|p1a: Calyrex|Trick Room|p1a: Calyrex
|-fieldstart|move: Trick Room|[of] p1a: Calyrex
|
|-weather|Snowscape|[upkeep]
|upkeep
|turn|4
|
|t:|1750796844
|move|p2b: Volcarona|Rage Powder|p2b: Volcarona
|-singleturn|p2b: Volcarona|move: Rage Powder
|move|p1a: Calyrex|Glacial Lance|p2b: Volcarona|[spread] p2a,p2b
|-resisted|p2a: Zamazenta
|-resisted|p2b: Volcarona
|-damage|p2a: Zamazenta|85/100
|-damage|p2b: Volcarona|60/100
|move|p1b: Incineroar|Parting Shot|p2b: Volcarona
|-unboost|p2b: Volcarona|atk|1
|-unboost|p2b: Volcarona|spa|1
|
|t:|1750796853
|switch|p1b: Slowking|Slowking-Galar, L50, M|100/100|[from] Parting Shot
|move|p2a: Zamazenta|Iron Defense|p2a: Zamazenta
|-boost|p2a: Zamazenta|def|2
|
|-weather|Snowscape|[upkeep]
|upkeep
|turn|5
|
|t:|1750796866
|move|p2b: Volcarona|Protect|p2b: Volcarona
|-singleturn|p2b: Volcarona|Protect
|move|p1a: Calyrex|High Horsepower|p2a: Zamazenta
|-supereffective|p2a: Zamazenta
|-damage|p2a: Zamazenta|62/100
|move|p1b: Slowking|Substitute|p1b: Slowking
|-start|p1b: Slowking|Substitute
|-damage|p1b: Slowking|75/100
|move|p2a: Zamazenta|Body Press|p1a: Calyrex
|-damage|p1a: Calyrex|23/100
|
|-weather|none
|-heal|p1b: Slowking|81/100|[from] item: Leftovers
|upkeep
|turn|6
|
|t:|1750796887
|move|p2b: Volcarona|Rage Powder|p2b: Volcarona
|-singleturn|p2b: Volcarona|move: Rage Powder
|move|p1a: Calyrex|High Horsepower|p2b: Volcarona
|-damage|p2b: Volcarona|8/100
|-damage|p1a: Calyrex|7/100|[from] item: Rocky Helmet|[of] p2b: Volcarona
|move|p1b: Slowking|Flamethrower|p2b: Volcarona
|-damage|p2b: Volcarona|0 fnt
|faint|p2b: Volcarona
|move|p2a: Zamazenta|Body Press|p1b: Slowking
|-resisted|p1b: Slowking
|-end|p1b: Slowking|Substitute
|
|-heal|p1b: Slowking|87/100|[from] item: Leftovers
|upkeep
|
|t:|1750796896
|switch|p2b: Rillaboom|Rillaboom, L50, M|100/100
|-fieldstart|move: Grassy Terrain|[from] ability: Grassy Surge|[of] p2b: Rillaboom
|turn|7
|
|t:|1750796907
|move|p2b: Rillaboom|Grassy Glide|p1a: Calyrex
|-supereffective|p1a: Calyrex
|-damage|p1a: Calyrex|0 fnt
|faint|p1a: Calyrex
|-prepare|p1b: Slowking|Chilly Reception|[premajor]
|move|p1b: Slowking|Chilly Reception|p1b: Slowking
|-weather|Snowscape
|
|t:|1750796913
|switch|p1b: Incineroar|Incineroar, L50, F|63/100|[from] Chilly Reception
|-ability|p1b: Incineroar|Intimidate|boost
|-unboost|p2a: Zamazenta|atk|1
|-unboost|p2b: Rillaboom|atk|1
|move|p2a: Zamazenta|Body Press|p1b: Incineroar
|-supereffective|p1b: Incineroar
|-damage|p1b: Incineroar|0 fnt
|faint|p1b: Incineroar
|
|-weather|Snowscape|[upkeep]
|-heal|p2a: Zamazenta|68/100|[from] Grassy Terrain
|-fieldend|move: Trick Room
|upkeep
|
|t:|1750796925
|switch|p1a: Slowking|Slowking-Galar, L50, M|100/100
|turn|8
|-message|junoruao forfeited.
|
|win|queen_lel
|raw|junoruao's rating: 1114 &rarr; <strong>1094</strong><br />(-20 for losing)
|raw|queen_lel's rating: 1190 &rarr; <strong>1210</strong><br />(+20 for winning)
|l|☆junoruao
|player|p1|
|l|☆queen_lel
|player|p2|
