|j|☆PPYYY
|j|☆Grumblebumble
|t:|1750725887
|gametype|doubles
|player|p1|PPYYY|jacq|
|player|p2|Grumblebumble|backpacker|
|teamsize|p1|6
|teamsize|p2|6
|gen|9
|tier|[Gen 9] VGC 2025 Reg I
|rated|Tournament battle
|rule|Species Clause: Limit one of each Pokémon
|rule|Item Clause: Limit 1 of each item
|raw|<div class="infobox"><details class="readmore" open><summary><strong>2 custom rules:</strong></summary> Force Open Team Sheets, !Open Team Sheets</details></div>
|clearpoke
|poke|p1|Whimsicott, L50, F|
|poke|p1|Calyrex-Shadow, L50|
|poke|p1|Incineroar, L50, F|
|poke|p1|Miraidon, L50|
|poke|p1|Clefairy, L50, F|
|poke|p1|Sneasler, L50, F|
|poke|p2|Miraidon, L50|
|poke|p2|Zamazenta-*, L50|
|poke|p2|Chien-Pao, L50|
|poke|p2|Iron Hands, L50|
|poke|p2|Farigiraf, L50, F|
|poke|p2|Whimsicott, L50, F|
|teampreview|4
|showteam|p1|Whimsicott||CovertCloak|Prankster|Moonblast,Tailwind,FakeTears,Encore|||F|||50|,,,,,Water]Calyrex-Shadow||FocusSash|AsOneSpectrier|AstralBarrage,Psychic,Disable,Protect||||||50|,,,,,Ghost]Incineroar||AssaultVest|Intimidate|KnockOff,Uturn,FlareBlitz,FakeOut|||F|||50|,,,,,Bug]Miraidon||ChoiceSpecs|HadronEngine|ElectroDrift,DracoMeteor,DazzlingGleam,VoltSwitch||||||50|,,,,,Fairy]Clefairy||Eviolite|FriendGuard|AfterYou,HelpingHand,FollowMe,Protect|||F|||50|,,,,,Ground]Sneasler||ElectricSeed|Unburden|GunkShot,CloseCombat,FakeOut,ThroatChop|||F|||50|,,,,,Dark
|showteam|p2|Miraidon||ChoiceSpecs|HadronEngine|DazzlingGleam,DracoMeteor,ElectroDrift,VoltSwitch||||||50|,,,,,Fairy]Zamazenta-Crowned||RustedShield|DauntlessShield|BodyPress,HeavySlam,WideGuard,Protect||||||50|,,,,,Dragon]Chien-Pao||FocusSash|SwordofRuin|IcicleCrash,Crunch,SuckerPunch,Protect||||||50|,,,,,Stellar]Iron Hands||AssaultVest|QuarkDrive|WildCharge,LowKick,IcePunch,FakeOut||||||50|,,,,,Water]Farigiraf||ElectricSeed|ArmorTail|Psychic,FoulPlay,HelpingHand,TrickRoom|||F|||50|,,,,,Water]Whimsicott||CovertCloak|Prankster|Moonblast,Tailwind,LightScreen,Encore|||F|||50|,,,,,Fire
|j| N0rthana
|j| empm
|c|☆Grumblebumble|glhf
|c|☆PPYYY|u2
|
|t:|1750725964
|start
|switch|p1a: Sneasler|Sneasler, L50, F|100/100
|switch|p1b: Miraidon|Miraidon, L50|100/100
|switch|p2a: Zamazenta|Zamazenta-Crowned, L50|100/100
|switch|p2b: Farigiraf|Farigiraf, L50, F|100/100
|-fieldstart|move: Electric Terrain|[from] ability: Hadron Engine|[of] p1b: Miraidon
|-enditem|p1a: Sneasler|Electric Seed
|-boost|p1a: Sneasler|def|1|[from] item: Electric Seed
|-enditem|p2b: Farigiraf|Electric Seed
|-boost|p2b: Farigiraf|def|1|[from] item: Electric Seed
|-ability|p2a: Zamazenta|Dauntless Shield|boost
|-boost|p2a: Zamazenta|def|1
|turn|1
|
|t:|1750725982
|move|p2a: Zamazenta|Protect|p2a: Zamazenta
|-singleturn|p2a: Zamazenta|Protect
|move|p1a: Sneasler|Close Combat|p2b: Farigiraf
|-damage|p2b: Farigiraf|65/100
|-unboost|p1a: Sneasler|def|1
|-unboost|p1a: Sneasler|spd|1
|move|p1b: Miraidon|Volt Switch|p2b: Farigiraf
|-damage|p2b: Farigiraf|0 fnt
|faint|p2b: Farigiraf
|
|t:|1750725989
|switch|p1b: Whimsicott|Whimsicott, L50, F|100/100|[from] Volt Switch
|
|upkeep
|j| pumpkinflame
|
|t:|1750725999
|switch|p2b: Miraidon|Miraidon, L50|100/100
|-activate|p2b: Miraidon|ability: Hadron Engine
|turn|2
|
|t:|1750726013
|switch|p2a: Whimsicott|Whimsicott, L50, F|100/100
|move|p1b: Whimsicott|Encore||[still]
|-fail|p1b: Whimsicott
|move|p1a: Sneasler|Close Combat|p2b: Miraidon
|-damage|p2b: Miraidon|40/100
|-unboost|p1a: Sneasler|def|1
|-unboost|p1a: Sneasler|spd|1
|move|p2b: Miraidon|Volt Switch|p1a: Sneasler
|-damage|p1a: Sneasler|0 fnt
|faint|p1a: Sneasler
|
|t:|1750726024
|switch|p2b: Zamazenta|Zamazenta-Crowned, L50|100/100|[from] Volt Switch
|
|upkeep
|
|t:|1750726050
|switch|p1a: Calyrex|Calyrex-Shadow, L50|100/100
|-ability|p1a: Calyrex|As One
|-ability|p1a: Calyrex|Unnerve
|turn|3
|
|t:|1750726060
|move|p2a: Whimsicott|Light Screen|p2a: Whimsicott
|-sidestart|p2: Grumblebumble|move: Light Screen
|move|p1b: Whimsicott|Fake Tears|p2a: Whimsicott
|-unboost|p2a: Whimsicott|spd|2
|move|p1a: Calyrex|Psychic|p2a: Whimsicott
|-damage|p2a: Whimsicott|17/100
|move|p2b: Zamazenta|Heavy Slam|p1b: Whimsicott
|-supereffective|p1b: Whimsicott
|-damage|p1b: Whimsicott|0 fnt
|faint|p1b: Whimsicott
|
|upkeep
|
|t:|1750726064
|switch|p1b: Miraidon|Miraidon, L50|100/100
|-activate|p1b: Miraidon|ability: Hadron Engine
|turn|4
|
|t:|1750726073
|move|p2b: Zamazenta|Protect|p2b: Zamazenta
|-singleturn|p2b: Zamazenta|Protect
|move|p2a: Whimsicott|Tailwind|p2a: Whimsicott
|-sidestart|p2: Grumblebumble|move: Tailwind
|move|p1a: Calyrex|Astral Barrage|p2b: Zamazenta|[spread] p2a
|-activate|p2b: Zamazenta|move: Protect
|-damage|p2a: Whimsicott|0 fnt
|faint|p2a: Whimsicott
|-ability|p1a: Calyrex|Grim Neigh|boost
|-boost|p1a: Calyrex|spa|1
|move|p1b: Miraidon|Draco Meteor|p2b: Zamazenta
|-activate|p2b: Zamazenta|move: Protect
|
|upkeep
|
|t:|1750726087
|switch|p2a: Miraidon|Miraidon, L50|40/100
|-activate|p2a: Miraidon|ability: Hadron Engine
|turn|5
|
|t:|1750726100
|-terastallize|p2a: Miraidon|Fairy
|move|p1a: Calyrex|Protect|p1a: Calyrex
|-singleturn|p1a: Calyrex|Protect
|move|p2a: Miraidon|Dazzling Gleam|p1a: Calyrex|[spread] p1b
|-activate|p1a: Calyrex|move: Protect
|-supereffective|p1b: Miraidon
|-damage|p1b: Miraidon|7/100
|move|p2b: Zamazenta|Heavy Slam|p1a: Calyrex
|-activate|p1a: Calyrex|move: Protect
|move|p1b: Miraidon|Draco Meteor|p2a: Miraidon
|-immune|p2a: Miraidon
|
|-fieldend|move: Electric Terrain
|upkeep
|turn|6
|j| imgoldshark07
|
|t:|1750726115
|-terastallize|p1a: Calyrex|Ghost
|move|p2a: Miraidon|Dazzling Gleam|p1b: Miraidon|[spread] p1a,p1b
|-supereffective|p1b: Miraidon
|-crit|p1b: Miraidon
|-damage|p1a: Calyrex|52/100
|-damage|p1b: Miraidon|0 fnt
|faint|p1b: Miraidon
|move|p2b: Zamazenta|Heavy Slam|p1a: Calyrex
|-damage|p1a: Calyrex|0 fnt
|faint|p1a: Calyrex
|
|win|Grumblebumble
|n|☆PPYYY|ppyyy
|n|☆Grumblebumble|grumblebumble
|n| N0rthana|n0rthana
|n| empm|empm
|n| pumpkinflame|pumpkinflame
|n| imgoldshark07|imgoldshark07
