|j|☆Angelo Neres
|j|☆Calamella
|t:|1750861071
|gametype|doubles
|player|p1|Angelo Neres|102|1467
|player|p2|Calamella|265|1546
|teamsize|p1|6
|teamsize|p2|6
|gen|9
|tier|[Gen 9] VGC 2025 Reg I
|rated|
|rule|Species Clause: Limit one of each Pokémon
|rule|Item Clause: Limit 1 of each item
|clearpoke
|poke|p1|Groudon, L50|
|poke|p1|Moltres-Galar, L50|
|poke|p1|Scream Tail, L50|
|poke|p1|Grimmsnarl, L50, M|
|poke|p1|Zamazenta-*, L50|
|poke|p1|Tsareena, L50, F|
|poke|p2|Miraidon, L50|
|poke|p2|Calyrex-Ice, L50|
|poke|p2|Pelipper, L50, F|
|poke|p2|Landorus, L50, M|
|poke|p2|Incineroar, L50, F|
|poke|p2|Farigiraf, L50, M|
|teampreview|4
|inactive|Battle timer is ON: inactive players will automatically lose when time's up. (requested by Angelo Neres)
|inactive|Angelo Neres has 60 seconds left.
|inactive|Calamella has 60 seconds left.
|
|t:|1750861125
|start
|switch|p1a: Zamazenta|Zamazenta-Crowned, L50|100/100
|switch|p1b: Tsareena|Tsareena, L50, F, shiny|100/100
|switch|p2a: Calyrex|Calyrex-Ice, L50|100/100
|switch|p2b: Miraidon|Miraidon, L50|100/100
|-ability|p2a: Calyrex|As One
|-ability|p2a: Calyrex|Unnerve
|-fieldstart|move: Electric Terrain|[from] ability: Hadron Engine|[of] p2b: Miraidon
|-ability|p1a: Zamazenta|Dauntless Shield|boost
|-boost|p1a: Zamazenta|def|1
|turn|1
|inactive|Calamella has 30 seconds left.
|inactive|Calamella has 20 seconds left.
|inactive|Calamella has 15 seconds left.
|
|t:|1750861165
|-terastallize|p2a: Calyrex|Water
|move|p1a: Zamazenta|Protect|p1a: Zamazenta
|-singleturn|p1a: Zamazenta|Protect
|move|p2b: Miraidon|Volt Switch|p1a: Zamazenta
|-activate|p1a: Zamazenta|move: Protect
|move|p1b: Tsareena|Taunt|p2a: Calyrex
|-start|p2a: Calyrex|move: Taunt
|cant|p2a: Calyrex|move: Taunt|Trick Room
|
|upkeep
|turn|2
|inactive|Angelo Neres has 30 seconds left.
|
|t:|1750861196
|-terastallize|p1a: Zamazenta|Grass
|move|p1a: Zamazenta|Wide Guard|p1a: Zamazenta
|-singleturn|p1a: Zamazenta|Wide Guard
|move|p2b: Miraidon|Volt Switch|p1a: Zamazenta
|-resisted|p1a: Zamazenta
|-damage|p1a: Zamazenta|77/100
|
|t:|1750861205
|switch|p2b: Pelipper|Pelipper, L50, F|100/100|[from] Volt Switch
|-weather|RainDance|[from] ability: Drizzle|[of] p2b: Pelipper
|move|p1b: Tsareena|Knock Off|p2b: Pelipper
|-damage|p2b: Pelipper|63/100
|-enditem|p2b: Pelipper|Focus Sash|[from] move: Knock Off|[of] p1b: Tsareena
|move|p2a: Calyrex|Glacial Lance|p1b: Tsareena|[spread] 
|-activate|p1a: Zamazenta|move: Wide Guard
|-activate|p1b: Tsareena|move: Wide Guard
|
|-weather|RainDance|[upkeep]
|upkeep
|turn|3
|
|t:|1750861229
|move|p1a: Zamazenta|Body Press|p2b: Pelipper
|-resisted|p2b: Pelipper
|-damage|p2b: Pelipper|31/100
|move|p1b: Tsareena|Trailblaze|p2b: Pelipper
|-damage|p2b: Pelipper|4/100
|-boost|p1b: Tsareena|spe|1
|move|p2b: Pelipper|Hurricane|p1b: Tsareena
|-supereffective|p1b: Tsareena
|-enditem|p1b: Tsareena|Focus Sash
|-damage|p1b: Tsareena|1/100
|move|p2a: Calyrex|Glacial Lance|p1b: Tsareena|[spread] p1a,p1b
|-supereffective|p1a: Zamazenta
|-supereffective|p1b: Tsareena
|-damage|p1a: Zamazenta|36/100
|-damage|p1b: Tsareena|0 fnt
|faint|p1b: Tsareena
|-ability|p2a: Calyrex|Chilling Neigh|boost
|-boost|p2a: Calyrex|atk|1
|
|-weather|RainDance|[upkeep]
|-end|p2a: Calyrex|move: Taunt
|upkeep
|
|t:|1750861246
|switch|p1b: Moltres|Moltres-Galar, L50, shiny|100/100
|turn|4
|
|t:|1750861267
|move|p1a: Zamazenta|Wide Guard|p1a: Zamazenta
|-singleturn|p1a: Zamazenta|Wide Guard
|move|p1b: Moltres|Fiery Wrath|p2b: Pelipper|[spread] p2a,p2b
|-damage|p2a: Calyrex|81/100
|-damage|p2b: Pelipper|0 fnt
|faint|p2b: Pelipper
|cant|p2a: Calyrex|flinch
|
|-weather|RainDance|[upkeep]
|upkeep
|
|t:|1750861276
|switch|p2b: Miraidon|Miraidon, L50|100/100
|-activate|p2b: Miraidon|ability: Hadron Engine
|turn|5
|
|t:|1750861301
|switch|p1b: Groudon|Groudon, L50, shiny|100/100
|-weather|SunnyDay|[from] ability: Drought|[of] p1b: Groudon
|move|p1a: Zamazenta|Wide Guard|p1a: Zamazenta
|-singleturn|p1a: Zamazenta|Wide Guard
|move|p2b: Miraidon|Electro Drift|p1b: Groudon
|-immune|p1b: Groudon
|move|p2a: Calyrex|Glacial Lance|p1a: Zamazenta|[spread] 
|-activate|p1a: Zamazenta|move: Wide Guard
|-activate|p1b: Groudon|move: Wide Guard
|
|-weather|SunnyDay|[upkeep]
|-fieldend|move: Electric Terrain
|upkeep
|turn|6
|
|t:|1750861323
|move|p1a: Zamazenta|Wide Guard|p1a: Zamazenta
|-singleturn|p1a: Zamazenta|Wide Guard
|move|p2b: Miraidon|Electro Drift|p1a: Zamazenta
|-resisted|p1a: Zamazenta
|-damage|p1a: Zamazenta|15/100
|move|p1b: Groudon|Precipice Blades|p2b: Miraidon|[spread] 
|-miss|p1b: Groudon|p2a: Calyrex
|-miss|p1b: Groudon|p2b: Miraidon
|move|p2a: Calyrex|Glacial Lance|p1a: Zamazenta|[spread] 
|-activate|p1a: Zamazenta|move: Wide Guard
|-activate|p1b: Groudon|move: Wide Guard
|
|-weather|SunnyDay|[upkeep]
|upkeep
|turn|7
|
|t:|1750861341
|switch|p2b: Landorus|Landorus, L50, M|100/100
|move|p1a: Zamazenta|Wide Guard|p1a: Zamazenta
|-singleturn|p1a: Zamazenta|Wide Guard
|move|p1b: Groudon|Precipice Blades|p2b: Landorus|[spread] p2a
|-immune|p2b: Landorus
|-damage|p2a: Calyrex|43/100
|move|p2a: Calyrex|Glacial Lance|p1b: Groudon|[spread] 
|-activate|p1a: Zamazenta|move: Wide Guard
|-activate|p1b: Groudon|move: Wide Guard
|
|-weather|SunnyDay|[upkeep]
|upkeep
|turn|8
|inactive|Angelo Neres has 30 seconds left.
|inactive|Angelo Neres has 20 seconds left.
|inactive|Angelo Neres has 15 seconds left.
|
|t:|1750861385
|move|p1a: Zamazenta|Body Press|p2a: Calyrex
|-damage|p2a: Calyrex|4/100
|move|p2b: Landorus|Sludge Bomb|p1a: Zamazenta
|-supereffective|p1a: Zamazenta
|-damage|p1a: Zamazenta|0 fnt
|faint|p1a: Zamazenta
|move|p1b: Groudon|Precipice Blades|p2b: Landorus|[spread] p2a
|-immune|p2b: Landorus
|-damage|p2a: Calyrex|0 fnt
|faint|p2a: Calyrex
|
|-weather|SunnyDay|[upkeep]
|upkeep
|
|t:|1750861395
|switch|p1a: Moltres|Moltres-Galar, L50, shiny|100/100
|switch|p2a: Miraidon|Miraidon, L50|100/100
|-fieldstart|move: Electric Terrain|[from] ability: Hadron Engine|[of] p2a: Miraidon
|turn|9
|
|t:|1750861410
|move|p1a: Moltres|Protect|p1a: Moltres
|-singleturn|p1a: Moltres|Protect
|move|p2a: Miraidon|Electro Drift|p1a: Moltres
|-activate|p1a: Moltres|move: Protect
|move|p2b: Landorus|Earth Power|p1b: Groudon
|-damage|p1b: Groudon|51/100
|move|p1b: Groudon|Heat Crash|p2b: Landorus
|-damage|p2b: Landorus|27/100
|
|-weather|none
|upkeep
|turn|10
|
|t:|1750861428
|move|p2a: Miraidon|Electro Drift|p1a: Moltres
|-supereffective|p1a: Moltres
|-damage|p1a: Moltres|0 fnt
|faint|p1a: Moltres
|move|p2b: Landorus|Earth Power|p1b: Groudon
|-damage|p1b: Groudon|1/100
|move|p1b: Groudon|Heat Crash|p2b: Landorus
|-damage|p2b: Landorus|0 fnt
|faint|p2b: Landorus
|
|upkeep
|turn|11
|
|t:|1750861436
|move|p2a: Miraidon|Electro Drift|p1b: Groudon
|-immune|p1b: Groudon
|move|p1b: Groudon|Precipice Blades|p2a: Miraidon|[miss]
|-miss|p1b: Groudon|p2a: Miraidon
|
|upkeep
|turn|12
|-message|Calamella forfeited.
|
|win|Angelo Neres
|raw|Angelo Neres's rating: 1467 &rarr; <strong>1491</strong><br />(+24 for winning)
|raw|Calamella's rating: 1546 &rarr; <strong>1522</strong><br />(-24 for losing)
|l|☆Calamella
|player|p2|
|l|☆Angelo Neres
|player|p1|
