|j|☆SycrasisEU
|j|‽glowsharp
|t:|1750839190
|gametype|doubles
|player|p1|SycrasisEU|burglar|1369
|player|p2|glowsharp|nate|1360
|teamsize|p1|6
|teamsize|p2|6
|gen|9
|tier|[Gen 9] VGC 2025 Reg I
|rated|
|rule|Species Clause: Limit one of each Pokémon
|rule|Item Clause: Limit 1 of each item
|clearpoke
|poke|p1|Koraidon, L50|
|poke|p1|Incineroar, L50, M|
|poke|p1|Rillaboom, L50, M|
|poke|p1|Scizor, L50, M|
|poke|p1|Miraidon, L50|
|poke|p1|Brute Bonnet, L50|
|poke|p2|Miraidon, L50|
|poke|p2|Urshifu-*, L50, M|
|poke|p2|Iron Treads, L50|
|poke|p2|Lunala, L50|
|poke|p2|Chi-Yu, L50|
|poke|p2|Whimsicott, L50, F|
|teampreview|4
SycrasisEU has agreed to open team sheets.
|
|t:|1750839223
|start
|switch|p1a: Incineroar|Incineroar, L50, M, shiny|100/100
|switch|p1b: Koraidon|Koraidon, L50|100/100
|switch|p2a: Miraidon|Miraidon, L50|100/100
|switch|p2b: Whimsicott|Whimsicott, L50, F|100/100
|-weather|SunnyDay|[from] ability: Orichalcum Pulse|[of] p1b: Koraidon
|-activate|p1b: Koraidon|Orichalcum Pulse|[source]
|-fieldstart|move: Electric Terrain|[from] ability: Hadron Engine|[of] p2a: Miraidon
|-ability|p1a: Incineroar|Intimidate|boost
|-unboost|p2a: Miraidon|atk|1
|-unboost|p2b: Whimsicott|atk|1
|turn|1
|
|t:|1750839260
|switch|p2a: Chi-Yu|Chi-Yu, L50|100/100
|-ability|p2a: Chi-Yu|Beads of Ruin
|move|p1a: Incineroar|Fake Out|p2a: Chi-Yu
|-damage|p2a: Chi-Yu|80/100
|move|p2b: Whimsicott|Tailwind|p2b: Whimsicott
|-sidestart|p2: glowsharp|move: Tailwind
|move|p1b: Koraidon|U-turn|p2b: Whimsicott
|-damage|p2b: Whimsicott|37/100
|
|t:|1750839272
|switch|p1b: Scizor|Scizor, L50, M|100/100|[from] U-turn
|
|-weather|SunnyDay|[upkeep]
|upkeep
|turn|2
|
|t:|1750839291
|-terastallize|p1b: Scizor|Fire
|move|p2b: Whimsicott|Light Screen|p2b: Whimsicott
|-sidestart|p2: glowsharp|move: Light Screen
|move|p2a: Chi-Yu|Heat Wave|p1b: Scizor|[spread] p1a,p1b
|-resisted|p1a: Incineroar
|-resisted|p1b: Scizor
|-damage|p1a: Incineroar|72/100
|-damage|p1b: Scizor|55/100
|move|p1b: Scizor|U-turn|p2b: Whimsicott
|-damage|p2b: Whimsicott|0 fnt
|faint|p2b: Whimsicott
|-damage|p1b: Scizor|46/100|[from] item: Life Orb
|
|t:|1750839303
|switch|p1b: Koraidon|Koraidon, L50|100/100|[from] U-turn
|-activate|p1b: Koraidon|ability: Orichalcum Pulse
|move|p1a: Incineroar|Parting Shot|p2a: Chi-Yu
|-unboost|p2a: Chi-Yu|atk|1
|-unboost|p2a: Chi-Yu|spa|1
|
|t:|1750839310
|switch|p1a: Rillaboom|Rillaboom, L50, M|100/100|[from] Parting Shot
|-fieldstart|move: Grassy Terrain|[from] ability: Grassy Surge|[of] p1a: Rillaboom
|
|-weather|SunnyDay|[upkeep]
|-heal|p2a: Chi-Yu|87/100|[from] Grassy Terrain
|upkeep
|
|t:|1750839314
|switch|p2b: Miraidon|Miraidon, L50|100/100
|-fieldstart|move: Electric Terrain|[from] ability: Hadron Engine|[of] p2b: Miraidon
|turn|3
|
|t:|1750839341
|-terastallize|p2b: Miraidon|Fairy
|move|p1a: Rillaboom|Fake Out|p2b: Miraidon
|-damage|p2b: Miraidon|85/100
|cant|p2b: Miraidon|flinch
|move|p2a: Chi-Yu|Heat Wave|p1b: Koraidon|[spread] p1a,p1b
|-supereffective|p1a: Rillaboom
|-resisted|p1b: Koraidon
|-damage|p1a: Rillaboom|25/100
|-damage|p1b: Koraidon|78/100
|move|p1b: Koraidon|U-turn|p2a: Chi-Yu
|-damage|p2a: Chi-Yu|3/100
|
|t:|1750839356
|switch|p1b: Incineroar|Incineroar, L50, M, shiny|72/100|[from] U-turn
|-ability|p1b: Incineroar|Intimidate|boost
|-unboost|p2a: Chi-Yu|atk|1
|-unboost|p2b: Miraidon|atk|1
|
|-weather|SunnyDay|[upkeep]
|upkeep
|turn|4
|
|t:|1750839377
|switch|p1a: Koraidon|Koraidon, L50|78/100
|-activate|p1a: Koraidon|ability: Orichalcum Pulse
|move|p1b: Incineroar|Fake Out|p2b: Miraidon
|-damage|p2b: Miraidon|75/100
|cant|p2b: Miraidon|flinch
|move|p2a: Chi-Yu|Heat Wave|p1a: Koraidon|[spread] p1a,p1b
|-resisted|p1a: Koraidon
|-resisted|p1b: Incineroar
|-damage|p1a: Koraidon|53/100
|-damage|p1b: Incineroar|53/100
|
|-weather|SunnyDay|[upkeep]
|-sideend|p2: glowsharp|move: Tailwind
|upkeep
|turn|5
|
|t:|1750839400
|move|p1a: Koraidon|Flare Blitz|p2b: Miraidon
|-damage|p2b: Miraidon|0 fnt
|faint|p2b: Miraidon
|-damage|p1a: Koraidon|28/100|[from] Recoil
|move|p2a: Chi-Yu|Heat Wave|p1a: Koraidon|[spread] p1a,p1b
|-resisted|p1a: Koraidon
|-resisted|p1b: Incineroar
|-damage|p1a: Koraidon|0 fnt
|-damage|p1b: Incineroar|34/100
|faint|p1a: Koraidon
|move|p1b: Incineroar|Knock Off|p2a: Chi-Yu
|-resisted|p2a: Chi-Yu
|-crit|p2a: Chi-Yu
|-damage|p2a: Chi-Yu|0 fnt
|-enditem|p2a: Chi-Yu|Focus Sash|[from] move: Knock Off|[of] p1b: Incineroar
|faint|p2a: Chi-Yu
|
|-weather|none
|upkeep
|
|t:|1750839416
|switch|p1a: Rillaboom|Rillaboom, L50, M|25/100
|switch|p2b: Iron Treads|Iron Treads, L50|100/100
|-fieldstart|move: Grassy Terrain|[from] ability: Grassy Surge|[of] p1a: Rillaboom
|turn|6
|
|t:|1750839432
|move|p1a: Rillaboom|Fake Out|p2b: Iron Treads
|-resisted|p2b: Iron Treads
|-damage|p2b: Iron Treads|93/100
|cant|p2b: Iron Treads|flinch
|move|p1b: Incineroar|Flare Blitz|p2b: Iron Treads
|-supereffective|p2b: Iron Treads
|-damage|p2b: Iron Treads|3/100
|-damage|p1b: Incineroar|9/100|[from] Recoil
|
|-heal|p2b: Iron Treads|9/100|[from] Grassy Terrain
|-heal|p1a: Rillaboom|31/100|[from] Grassy Terrain
|-heal|p1b: Incineroar|15/100|[from] Grassy Terrain
|-sideend|p2: glowsharp|move: Light Screen
|upkeep
|turn|7
|-message|glowsharp forfeited.
|
|win|SycrasisEU
|raw|SycrasisEU's rating: 1369 &rarr; <strong>1388</strong><br />(+19 for winning)
|raw|glowsharp's rating: 1360 &rarr; <strong>1341</strong><br />(-19 for losing)
|l|‽glowsharp
|player|p2|
|l|☆SycrasisEU
|player|p1|
