|j|☆KogaAF1219
|j|☆carlitinchi
|t:|1750855327
|gametype|doubles
|player|p1|KogaAF1219|koga|1414
|player|p2|carlitinchi|266|1493
|teamsize|p1|6
|teamsize|p2|6
|gen|9
|tier|[Gen 9] VGC 2025 Reg I
|rated|
|rule|Species Clause: Limit one of each Pokémon
|rule|Item Clause: Limit 1 of each item
|clearpoke
|poke|p1|Indeedee, L50, M|
|poke|p1|Illumise, L50, F|
|poke|p1|Kyogre, L50|
|poke|p1|Gastrodon, L50, M|
|poke|p1|Urshifu-*, L50, F|
|poke|p1|Calyrex-Shadow, L50|
|poke|p2|Calyrex-Ice, L50|
|poke|p2|Overqwil, L50, M|
|poke|p2|Ho-Oh, L50|
|poke|p2|Ting-Lu, L50|
|poke|p2|Rillaboom, L50, F|
|poke|p2|Ogerpon-Wellspring, L50, F|
|teampreview|4
|
|t:|1750855352
|start
|switch|p1a: Calyrex|Calyrex-Shadow, L50|100/100
|switch|p1b: Urshifu|Urshifu, L50, F|100/100
|switch|p2a: Rillaboom|Rillaboom, L50, F|100/100
|switch|p2b: Ogerpon|Ogerpon-Wellspring, L50, F|100/100
|-ability|p1a: Calyrex|As One
|-ability|p1a: Calyrex|Unnerve
|-fieldstart|move: Grassy Terrain|[from] ability: Grassy Surge|[of] p2a: Rillaboom
|turn|1
|
|t:|1750855373
|-terastallize|p1b: Urshifu|Poison
|move|p2a: Rillaboom|Fake Out|p1b: Urshifu
|-damage|p1b: Urshifu|90/100
|move|p1a: Calyrex|Astral Barrage|p2a: Rillaboom|[spread] p2a,p2b
|-damage|p2a: Rillaboom|52/100
|-damage|p2b: Ogerpon|29/100
|-damage|p1a: Calyrex|91/100|[from] item: Life Orb
|move|p2b: Ogerpon|Horn Leech|p1a: Calyrex
|-crit|p1a: Calyrex
|-damage|p1a: Calyrex|0 fnt
|-heal|p2b: Ogerpon|72/100|[from] drain|[of] p1a: Calyrex
|faint|p1a: Calyrex
|cant|p1b: Urshifu|flinch
|
|-heal|p2b: Ogerpon|78/100|[from] Grassy Terrain
|-heal|p1b: Urshifu|96/100|[from] Grassy Terrain
|-heal|p2a: Rillaboom|58/100|[from] Grassy Terrain
|upkeep
|
|t:|1750855380
|switch|p1a: Indeedee|Indeedee, L50, M|100/100
|-fieldstart|move: Psychic Terrain|[from] ability: Psychic Surge|[of] p1a: Indeedee
|turn|2
|
|t:|1750855396
|switch|p1a: Kyogre|Kyogre, L50|100/100
|-weather|RainDance|[from] ability: Drizzle|[of] p1a: Kyogre
|move|p2b: Ogerpon|Spiky Shield|p2b: Ogerpon
|-singleturn|p2b: Ogerpon|move: Protect
|move|p1b: Urshifu|Poison Jab|p2b: Ogerpon
|-supereffective|p2b: Ogerpon
|-damage|p2b: Ogerpon|0 fnt
|faint|p2b: Ogerpon
|move|p2a: Rillaboom|U-turn|p1a: Kyogre
|-damage|p1a: Kyogre|72/100
|
|t:|1750855409
|switch|p2a: Ting-Lu|Ting-Lu, L50|100/100|[from] U-turn
|-ability|p2a: Ting-Lu|Vessel of Ruin
|
|-weather|RainDance|[upkeep]
|upkeep
|
|t:|1750855411
|switch|p2b: Overqwil|Overqwil, L50, M|100/100
|-ability|p2b: Overqwil|Intimidate|boost
|-unboost|p1a: Kyogre|atk|1
|-unboost|p1b: Urshifu|atk|1
|turn|3
|
|t:|1750855428
|switch|p2a: Rillaboom|Rillaboom, L50, F|58/100
|-fieldstart|move: Grassy Terrain|[from] ability: Grassy Surge|[of] p2a: Rillaboom
|move|p1a: Kyogre|Hydro Pump|p2a: Rillaboom
|-resisted|p2a: Rillaboom
|-damage|p2a: Rillaboom|24/100
|move|p1b: Urshifu|Drain Punch|p2a: Rillaboom
|-damage|p2a: Rillaboom|0 fnt
|-heal|p1b: Urshifu|100/100|[from] drain|[of] p2a: Rillaboom
|faint|p2a: Rillaboom
|move|p2b: Overqwil|Barb Barrage|p1a: Kyogre
|-damage|p1a: Kyogre|44/100
|-status|p1a: Kyogre|psn
|
|-weather|RainDance|[upkeep]
|-heal|p1a: Kyogre|50/100 psn|[from] Grassy Terrain
|-damage|p1a: Kyogre|38/100 psn|[from] psn
|upkeep
|
|t:|1750855438
|switch|p2a: Ting-Lu|Ting-Lu, L50|100/100
|-ability|p2a: Ting-Lu|Vessel of Ruin
|turn|4
|
|t:|1750855446
|-terastallize|p2a: Ting-Lu|Fire
|move|p1a: Kyogre|Hydro Pump|p2a: Ting-Lu|[miss]
|-miss|p1a: Kyogre|p2a: Ting-Lu
|move|p1b: Urshifu|Drain Punch|p2a: Ting-Lu
|-damage|p2a: Ting-Lu|85/100
|move|p2b: Overqwil|Barb Barrage|p1a: Kyogre
|-damage|p1a: Kyogre|0 fnt
|faint|p1a: Kyogre
|move|p2a: Ting-Lu|Stomping Tantrum|p1b: Urshifu
|-supereffective|p1b: Urshifu
|-damage|p1b: Urshifu|10/100
|
|-weather|RainDance|[upkeep]
|-heal|p1b: Urshifu|15/100|[from] Grassy Terrain
|-heal|p2a: Ting-Lu|91/100|[from] Grassy Terrain
|upkeep
|
|t:|1750855450
|switch|p1a: Indeedee|Indeedee, L50, M|100/100
|-fieldstart|move: Psychic Terrain|[from] ability: Psychic Surge|[of] p1a: Indeedee
|turn|5
|
|t:|1750855471
|move|p1a: Indeedee|Expanding Force|p2b: Overqwil|[spread] p2a
|-immune|p2b: Overqwil
|-damage|p2a: Ting-Lu|62/100
|move|p1b: Urshifu|Wicked Blow|p2a: Ting-Lu
|-crit|p2a: Ting-Lu
|-damage|p2a: Ting-Lu|26/100
|move|p2b: Overqwil|Throat Chop|p1a: Indeedee
|-supereffective|p1a: Indeedee
|-enditem|p1a: Indeedee|Focus Sash
|-damage|p1a: Indeedee|1/100
|-start|p1a: Indeedee|Throat Chop|[silent]
|move|p2a: Ting-Lu|Stomping Tantrum|p1b: Urshifu
|-supereffective|p1b: Urshifu
|-damage|p1b: Urshifu|0 fnt
|faint|p1b: Urshifu
|
|-weather|RainDance|[upkeep]
|upkeep
|turn|6
|-message|KogaAF1219 forfeited.
|
|win|carlitinchi
|raw|KogaAF1219's rating: 1414 &rarr; <strong>1398</strong><br />(-16 for losing)
|raw|carlitinchi's rating: 1493 &rarr; <strong>1509</strong><br />(+16 for winning)
|l|☆KogaAF1219
|player|p1|
|l|☆carlitinchi
|player|p2|
