|j|☆andjdms
|j|☆Irish_guy19/11
|t:|1750836512
|gametype|doubles
|player|p1|andjdms|101|1000
|player|p2|Irish_guy19/11|hiker-gen4|1036
|teamsize|p1|6
|teamsize|p2|6
|gen|9
|tier|[Gen 9] VGC 2025 Reg I
|rated|
|rule|Species Clause: Limit one of each Pokémon
|rule|Item Clause: Limit 1 of each item
|clearpoke
|poke|p1|Chi-Yu, L50|
|poke|p1|Koraidon, L50|
|poke|p1|Scovillain, L50, F|
|poke|p1|Clefairy, L50, M|
|poke|p1|Calyrex-Shadow, L50|
|poke|p1|Whimsicott, L50, F|
|poke|p2|Lunala, L50|
|poke|p2|Lugia, L50|
|poke|p2|Rillaboom, L50, F|
|poke|p2|Ting-Lu, L50|
|poke|p2|Dondozo, L50, F|
|poke|p2|Tatsugiri, L50, M|
|teampreview|4
|inactive|Battle timer is ON: inactive players will automatically lose when time's up. (requested by Irish_guy19/11)
|
|t:|1750836530
|start
|switch|p1a: Calyrex|Calyrex-Shadow, L50|100/100
|switch|p1b: Koraidon|Koraidon, L50|100/100
|switch|p2a: Lunala|Lunala, L50|100/100
|switch|p2b: Lugia|Lugia, L50|100/100
|-ability|p1a: Calyrex|As One
|-ability|p1a: Calyrex|Unnerve
|-weather|SunnyDay|[from] ability: Orichalcum Pulse|[of] p1b: Koraidon
|-activate|p1b: Koraidon|Orichalcum Pulse|[source]
|turn|1
|inactive|andjdms has 30 seconds left.
|
|t:|1750836558
|switch|p1b: Chi-Yu|Chi-Yu, L50|100/100
|-ability|p1b: Chi-Yu|Beads of Ruin
|-terastallize|p1a: Calyrex|Ghost
|move|p2a: Lunala|Wide Guard|p2a: Lunala
|-singleturn|p2a: Lunala|Wide Guard
|move|p1a: Calyrex|Shadow Ball|p2a: Lunala
|-supereffective|p2a: Lunala
|-damage|p2a: Lunala|0 fnt
|faint|p2a: Lunala
|-ability|p1a: Calyrex|Grim Neigh|boost
|-boost|p1a: Calyrex|spa|1
|move|p2b: Lugia|Calm Mind|p2b: Lugia
|-boost|p2b: Lugia|spa|1
|-boost|p2b: Lugia|spd|1
|
|-weather|SunnyDay|[upkeep]
|upkeep
|
|t:|1750836574
|switch|p2a: Tatsugiri|Tatsugiri, L50, M|100/100
|turn|2
|
|t:|1750836588
|move|p2a: Tatsugiri|Protect|p2a: Tatsugiri
|-singleturn|p2a: Tatsugiri|Protect
|move|p1b: Chi-Yu|Heat Wave|p2a: Tatsugiri|[spread] p2b
|-activate|p2a: Tatsugiri|move: Protect
|-damage|p2b: Lugia|84/100
|move|p1a: Calyrex|Shadow Ball|p2b: Lugia
|-supereffective|p2b: Lugia
|-damage|p2b: Lugia|0 fnt
|faint|p2b: Lugia
|-ability|p1a: Calyrex|Grim Neigh|boost
|-boost|p1a: Calyrex|spa|1
|
|-weather|SunnyDay|[upkeep]
|upkeep
|
|t:|1750836601
|switch|p2b: Dondozo|Dondozo, L50, F|100/100
|-activate|p2a: Tatsugiri|ability: Commander|[of] p2b: Dondozo
|-boost|p2b: Dondozo|atk|2
|-boost|p2b: Dondozo|spa|2
|-boost|p2b: Dondozo|spe|2
|-boost|p2b: Dondozo|def|2
|-boost|p2b: Dondozo|spd|2
|turn|3
|
|t:|1750836612
|move|p1b: Chi-Yu|Heat Wave|p2a: Tatsugiri|[spread] p2b
|-miss|p1b: Chi-Yu|p2a: Tatsugiri
|-resisted|p2b: Dondozo
|-damage|p2b: Dondozo|79/100
|move|p1a: Calyrex|Shadow Ball|p2b: Dondozo
|-damage|p2b: Dondozo|13/100
|-unboost|p2b: Dondozo|spd|1
|move|p2b: Dondozo|Earthquake|p1b: Chi-Yu|[spread] p1a,p1b
|-miss|p2b: Dondozo|p2a: Tatsugiri
|-supereffective|p1b: Chi-Yu
|-damage|p1a: Calyrex|45/100
|-damage|p1b: Chi-Yu|0 fnt
|faint|p1b: Chi-Yu
|
|-weather|SunnyDay|[upkeep]
|-heal|p2b: Dondozo|20/100|[from] item: Leftovers
|upkeep
|
|t:|1750836624
|switch|p1b: Clefairy|Clefairy, L50, M|100/100
|turn|4
|
|t:|1750836629
|move|p1b: Clefairy|Helping Hand|p1a: Calyrex
|-singleturn|p1a: Calyrex|Helping Hand|[of] p1b: Clefairy
|move|p2b: Dondozo|Protect|p2b: Dondozo
|-singleturn|p2b: Dondozo|Protect
|move|p1a: Calyrex|Shadow Ball|p2b: Dondozo
|-activate|p2b: Dondozo|move: Protect
|
|-weather|SunnyDay|[upkeep]
|-heal|p2b: Dondozo|26/100|[from] item: Leftovers
|upkeep
|turn|5
|
|t:|1750836647
|move|p1b: Clefairy|Helping Hand|p1a: Calyrex
|-singleturn|p1a: Calyrex|Helping Hand|[of] p1b: Clefairy
|move|p1a: Calyrex|Shadow Ball|p2b: Dondozo
|-damage|p2b: Dondozo|0 fnt
|faint|p2b: Dondozo
|-ability|p1a: Calyrex|Grim Neigh|boost
|-boost|p1a: Calyrex|spa|1
|
|-weather|none
|upkeep
|turn|6
|
|t:|1750836659
|move|p1b: Clefairy|Helping Hand|p1a: Calyrex
|-singleturn|p1a: Calyrex|Helping Hand|[of] p1b: Clefairy
|move|p1a: Calyrex|Shadow Ball|p2a: Tatsugiri
|-enditem|p2a: Tatsugiri|Focus Sash
|-damage|p2a: Tatsugiri|1/100
|-unboost|p2a: Tatsugiri|spd|1
|move|p2a: Tatsugiri|Draco Meteor|p1a: Calyrex
|-damage|p1a: Calyrex|6/100
|-unboost|p2a: Tatsugiri|spa|2
|
|upkeep
|turn|7
|
|t:|1750836675
|move|p1b: Clefairy|Helping Hand|p1a: Calyrex
|-singleturn|p1a: Calyrex|Helping Hand|[of] p1b: Clefairy
|move|p2a: Tatsugiri|Protect|p2a: Tatsugiri
|-singleturn|p2a: Tatsugiri|Protect
|move|p1a: Calyrex|Shadow Ball|p2a: Tatsugiri
|-activate|p2a: Tatsugiri|move: Protect
|
|upkeep
|turn|8
|
|t:|1750836692
|-terastallize|p2a: Tatsugiri|Ground
|move|p1b: Clefairy|Helping Hand|p1a: Calyrex
|-singleturn|p1a: Calyrex|Helping Hand|[of] p1b: Clefairy
|move|p1a: Calyrex|Shadow Ball|p2a: Tatsugiri
|-damage|p2a: Tatsugiri|0 fnt
|faint|p2a: Tatsugiri
|
|win|andjdms
|raw|andjdms's rating: 1000 &rarr; <strong>1044</strong><br />(+44 for winning)
|raw|Irish_guy19&#x2f;11's rating: 1036 &rarr; <strong>1019</strong><br />(-17 for losing)
|l|☆Irish_guy19/11
|player|p2|
