|j|☆Swiftstorm
|j|☆blu3cr33p3r
|t:|1750852841
|gametype|doubles
|player|p1|Swiftstorm|1|1310
|player|p2|blu3cr33p3r|bruno|1283
|teamsize|p1|6
|teamsize|p2|6
|gen|9
|tier|[Gen 9] VGC 2025 Reg I
|rated|
|rule|Species Clause: Limit one of each Pokémon
|rule|Item Clause: Limit 1 of each item
|clearpoke
|poke|p1|Zamazenta-*, L50|
|poke|p1|Eternatus, L50|
|poke|p1|Raichu, L50, M|
|poke|p1|Weavile, L50, F|
|poke|p1|Politoed, L50, M|
|poke|p1|Great Tusk, L50|
|poke|p2|Lunala, L50|
|poke|p2|Ursaluna, L50, M|
|poke|p2|Urshifu-*, L50, M|
|poke|p2|Miraidon, L50|
|poke|p2|Grimmsnarl, L50, M|
|poke|p2|Incineroar, L50, M|
|teampreview|4
|
|t:|1750852884
|start
|switch|p1a: Zamazenta|Zamazenta-Crowned, L50|100/100
|switch|p1b: Weavile|Weavile, L50, F|100/100
|switch|p2a: Miraidon|Miraidon, L50|100/100
|switch|p2b: Grimmsnarl|Grimmsnarl, L50, M|100/100
|-fieldstart|move: Electric Terrain|[from] ability: Hadron Engine|[of] p2a: Miraidon
|-ability|p1a: Zamazenta|Dauntless Shield|boost
|-boost|p1a: Zamazenta|def|1
|turn|1
|inactive|Battle timer is ON: inactive players will automatically lose when time's up. (requested by Swiftstorm)
|
|t:|1750852928
|switch|p1b: Raichu|Raichu, L50, M|100/100
|switch|p2a: Lunala|Lunala, L50|100/100
|-enditem|p2a: Lunala|Electric Seed
|-boost|p2a: Lunala|def|1|[from] item: Electric Seed
|move|p2b: Grimmsnarl|Reflect|p2b: Grimmsnarl
|-sidestart|p2: blu3cr33p3r|Reflect
|move|p1a: Zamazenta|Iron Defense|p1a: Zamazenta
|-boost|p1a: Zamazenta|def|2
|
|upkeep
|turn|2
|inactive|Swiftstorm has 30 seconds left.
|inactive|blu3cr33p3r has 30 seconds left.
|inactive|blu3cr33p3r has 20 seconds left.
|
|t:|1750852964
|move|p2b: Grimmsnarl|Thunder Wave|p1b: Raichu
|-activate|p1b: Raichu|ability: Lightning Rod
|-ability|p1b: Raichu|Lightning Rod|boost
|-boost|p1b: Raichu|spa|1
|move|p1b: Raichu|Nuzzle|p2a: Lunala
|-damage|p2a: Lunala|99/100
|-status|p2a: Lunala|par
|move|p1a: Zamazenta|Iron Defense|p1a: Zamazenta
|-boost|p1a: Zamazenta|def|2
|move|p2a: Lunala|Moongeist Beam|p1a: Zamazenta
|-damage|p1a: Zamazenta|64/100
|
|upkeep
|turn|3
|
|t:|1750852986
|move|p1b: Raichu|Volt Switch|p2a: Lunala
|-damage|p2a: Lunala|70/100 par
|
|t:|1750852990
|switch|p1b: Weavile|Weavile, L50, F|100/100|[from] Volt Switch
|move|p1a: Zamazenta|Body Press|p2b: Grimmsnarl
|-damage|p2b: Grimmsnarl|0 fnt
|faint|p2b: Grimmsnarl
|move|p2a: Lunala|Moongeist Beam|p1a: Zamazenta
|-damage|p1a: Zamazenta|24/100
|
|upkeep
|
|t:|1750853008
|switch|p2b: Miraidon|Miraidon, L50|100/100
|-activate|p2b: Miraidon|ability: Hadron Engine
|turn|4
|
|t:|1750853018
|switch|p1b: Raichu|Raichu, L50, M|100/100
|move|p2b: Miraidon|Draco Meteor|p1a: Zamazenta
|-resisted|p1a: Zamazenta
|-damage|p1a: Zamazenta|0 fnt
|-unboost|p2b: Miraidon|spa|2
|faint|p1a: Zamazenta
|move|p2a: Lunala|Moongeist Beam|p1b: Raichu
|-damage|p1b: Raichu|56/100
|
|upkeep
|
|t:|1750853029
|switch|p1a: Eternatus|Eternatus, L50|100/100
|-ability|p1a: Eternatus|Pressure
|turn|5
|inactive|blu3cr33p3r has 30 seconds left.
|
|t:|1750853059
|-terastallize|p2a: Lunala|Fairy
|move|p1b: Raichu|Fake Out|p2b: Miraidon
|-damage|p2b: Miraidon|96/100
|move|p1a: Eternatus|Meteor Beam||[still]
|-prepare|p1a: Eternatus|Meteor Beam
|-boost|p1a: Eternatus|spa|1
|-enditem|p1a: Eternatus|Power Herb
|-anim|p1a: Eternatus|Meteor Beam|p2a: Lunala
|-damage|p2a: Lunala|20/100 par
|cant|p2b: Miraidon|flinch
|move|p2a: Lunala|Moonblast|p1b: Raichu
|-damage|p1b: Raichu|13/100
|-unboost|p1b: Raichu|spa|1
|
|-fieldend|move: Electric Terrain
|upkeep
|turn|6
|inactive|blu3cr33p3r has 30 seconds left.
|
|t:|1750853090
|move|p1a: Eternatus|Dynamax Cannon|p2b: Miraidon
|-supereffective|p2b: Miraidon
|-damage|p2b: Miraidon|14/100
|move|p1b: Raichu|Volt Switch|p2a: Lunala
|-damage|p2a: Lunala|9/100 par
|
|t:|1750853095
|switch|p1b: Weavile|Weavile, L50, F|100/100|[from] Volt Switch
|move|p2b: Miraidon|Volt Switch|p1b: Weavile
|-damage|p1b: Weavile|70/100
|
|t:|1750853104
|switch|p2b: Ursaluna|Ursaluna, L50, M|100/100|[from] Volt Switch
|move|p2a: Lunala|Moonblast|p1a: Eternatus
|-damage|p1a: Eternatus|60/100
|
|-status|p2b: Ursaluna|brn|[from] item: Flame Orb
|upkeep
|turn|7
|inactive|Swiftstorm has 30 seconds left.
|
|t:|1750853132
|move|p1b: Weavile|Ice Spinner|p2b: Ursaluna
|-supereffective|p2b: Ursaluna
|-damage|p2b: Ursaluna|63/100 brn
|move|p1a: Eternatus|Dynamax Cannon|p2b: Ursaluna
|-damage|p2b: Ursaluna|0 fnt
|faint|p2b: Ursaluna
|move|p2a: Lunala|Moonblast|p1a: Eternatus
|-damage|p1a: Eternatus|16/100
|-unboost|p1a: Eternatus|spa|1
|
|upkeep
|
|t:|1750853154
|switch|p2b: Miraidon|Miraidon, L50|14/100
|-fieldstart|move: Electric Terrain|[from] ability: Hadron Engine|[of] p2b: Miraidon
|turn|8
|
|t:|1750853178
|move|p1b: Weavile|Ice Spinner|p2b: Miraidon
|-supereffective|p2b: Miraidon
|-damage|p2b: Miraidon|0 fnt
|-fieldend|move: Electric Terrain
|faint|p2b: Miraidon
|move|p1a: Eternatus|Sludge Bomb|p2a: Lunala
|-supereffective|p2a: Lunala
|-damage|p2a: Lunala|0 fnt
|faint|p2a: Lunala
|
|win|Swiftstorm
|raw|Swiftstorm's rating: 1310 &rarr; <strong>1328</strong><br />(+18 for winning)
|raw|blu3cr33p3r's rating: 1283 &rarr; <strong>1260</strong><br />(-23 for losing)
|l|☆blu3cr33p3r
|player|p2|
|l|☆Swiftstorm
|player|p1|
