|j|☆Diegopf21
|j|☆Admiralstalin
|t:|1750795650
|gametype|doubles
|player|p1|Diegopf21|dawn-gen4pt|1134
|player|p2|Admiralstalin|cynthia|1050
|teamsize|p1|6
|teamsize|p2|6
|gen|9
|tier|[Gen 9] VGC 2025 Reg I
|rated|
|rule|Species Clause: Limit one of each Pokémon
|rule|Item Clause: Limit 1 of each item
|clearpoke
|poke|p1|Miraidon, L50|
|poke|p1|Farigiraf, L50, M|
|poke|p1|Sneasler, L50, F|
|poke|p1|Incineroar, L50, F|
|poke|p1|Sinistcha-Masterpiece, L50|
|poke|p1|Lugia, L50|
|poke|p2|Hydrapple, L50, F|
|poke|p2|Indeedee-F, L50, F|
|poke|p2|Calyrex-Ice, L50|
|poke|p2|Terapagos, L50, M|
|poke|p2|Torkoal, L50, F|
|poke|p2|Ursaluna, L50, F|
|teampreview|4
|inactive|Battle timer is ON: inactive players will automatically lose when time's up. (requested by Admiralstalin)
|
|t:|1750795676
|start
|switch|p1a: Lugia|Lugia, L50|100/100
|switch|p1b: Miraidon|Miraidon, L50|100/100
|switch|p2a: Funny Apple|Hydrapple, L50, F|100/100
|switch|p2b: I’m Helping|Indeedee-F, L50, F|100/100
|-fieldstart|move: Electric Terrain|[from] ability: Hadron Engine|[of] p1b: Miraidon
|-fieldstart|move: Psychic Terrain|[from] ability: Psychic Surge|[of] p2b: I’m Helping
|turn|1
|
|t:|1750795697
|move|p2a: Funny Apple|Protect|p2a: Funny Apple
|-singleturn|p2a: Funny Apple|Protect
|move|p1b: Miraidon|Volt Switch|p2b: I’m Helping
|-damage|p2b: I’m Helping|61/100
|
|t:|1750795703
|switch|p1b: Farigiraf|Farigiraf, L50, M|100/100|[from] Volt Switch
|move|p1a: Lugia|Icy Wind|p2a: Funny Apple|[spread] p2b
|-activate|p2a: Funny Apple|move: Protect
|-damage|p2b: I’m Helping|53/100
|move|p2b: I’m Helping|Trick Room|p2b: I’m Helping
|-fieldstart|move: Trick Room|[of] p2b: I’m Helping
|
|upkeep
|turn|2
|
|t:|1750795721
|move|p2b: I’m Helping|Helping Hand|p2a: Funny Apple
|-singleturn|p2a: Funny Apple|Helping Hand|[of] p2b: I’m Helping
|move|p2a: Funny Apple|Fickle Beam|p1b: Farigiraf
|-damage|p1b: Farigiraf|39/100
|-damage|p2a: Funny Apple|91/100|[from] item: Life Orb
|move|p1a: Lugia|Icy Wind|p2a: Funny Apple|[spread] p2a,p2b
|-supereffective|p2a: Funny Apple
|-crit|p2b: I’m Helping
|-damage|p2a: Funny Apple|40/100
|-damage|p2b: I’m Helping|39/100
|-unboost|p2a: Funny Apple|spe|1
|move|p1b: Farigiraf|Trick Room|p1b: Farigiraf
|-fieldend|move: Trick Room
|
|upkeep
|turn|3
|
|t:|1750795736
|move|p2a: Funny Apple|Protect|p2a: Funny Apple
|-singleturn|p2a: Funny Apple|Protect
|move|p1a: Lugia|Icy Wind|p2a: Funny Apple|[spread] p2b
|-activate|p2a: Funny Apple|move: Protect
|-damage|p2b: I’m Helping|31/100
|move|p1b: Farigiraf|Foul Play|p2b: I’m Helping
|-supereffective|p2b: I’m Helping
|-damage|p2b: I’m Helping|0 fnt
|faint|p2b: I’m Helping
|
|upkeep
|
|t:|1750795740
|switch|p2b: Glacial Spam|Calyrex-Ice, L50|100/100
|-ability|p2b: Glacial Spam|As One
|-ability|p2b: Glacial Spam|Unnerve
|turn|4
|inactive|Diegopf21 has 30 seconds left.
|
|t:|1750795774
|-terastallize|p1a: Lugia|Ghost
|move|p1b: Farigiraf|Protect|p1b: Farigiraf
|-singleturn|p1b: Farigiraf|Protect
|move|p1a: Lugia|Shadow Ball|p2b: Glacial Spam
|-supereffective|p2b: Glacial Spam
|-damage|p2b: Glacial Spam|53/100
|move|p2a: Funny Apple|Leaf Storm|p1b: Farigiraf
|-activate|p1b: Farigiraf|move: Protect
|move|p2b: Glacial Spam|Trick Room|p2b: Glacial Spam
|-fieldstart|move: Trick Room|[of] p2b: Glacial Spam
|
|upkeep
|turn|5
|
|t:|1750795788
|move|p2a: Funny Apple|Leaf Storm|p1a: Lugia
|-damage|p1a: Lugia|83/100
|-unboost|p2a: Funny Apple|spa|2
|-damage|p2a: Funny Apple|30/100|[from] item: Life Orb
|move|p2b: Glacial Spam|Glacial Lance|p1b: Farigiraf|[spread] p1a,p1b
|-damage|p1a: Lugia|50/100
|-damage|p1b: Farigiraf|0 fnt
|faint|p1b: Farigiraf
|-ability|p2b: Glacial Spam|Chilling Neigh|boost
|-boost|p2b: Glacial Spam|atk|1
|move|p1a: Lugia|Icy Wind|p2b: Glacial Spam|[spread] p2a,p2b
|-supereffective|p2a: Funny Apple
|-resisted|p2b: Glacial Spam
|-damage|p2a: Funny Apple|0 fnt
|-damage|p2b: Glacial Spam|49/100
|faint|p2a: Funny Apple
|
|-fieldend|move: Psychic Terrain
|upkeep
|
|t:|1750795804
|switch|p2a: Tera be not|Terapagos, L50, M|100/100
|switch|p1b: Sinistcha|Sinistcha-Masterpiece, L50, shiny|100/100
|-activate|p2a: Tera be not|ability: Tera Shift
|detailschange|p2a: Tera be not|Terapagos-Terastal, L50, M
|-heal|p2a: Tera be not|100/100|[silent]
|-heal|p1a: Lugia|75/100|[from] ability: Hospitality|[of] p1b: Sinistcha
|turn|6
|
|t:|1750795823
|-terastallize|p2a: Tera be not|Stellar
|detailschange|p2a: Tera be not|Terapagos-Stellar, L50, M, tera:Stellar
|-heal|p2a: Tera be not|100/100|[silent]
|move|p2b: Glacial Spam|Glacial Lance|p1b: Sinistcha|[spread] p1a,p1b
|-supereffective|p1b: Sinistcha
|-damage|p1a: Lugia|23/100
|-damage|p1b: Sinistcha|0 fnt
|faint|p1b: Sinistcha
|-ability|p2b: Glacial Spam|Chilling Neigh|boost
|-boost|p2b: Glacial Spam|atk|1
|move|p2a: Tera be not|Tera Starstorm|p1a: Lugia
|-supereffective|p1a: Lugia
|-damage|p1a: Lugia|0 fnt
|faint|p1a: Lugia
|
|upkeep
|
|t:|1750795837
|switch|p1b: Miraidon|Miraidon, L50|100/100
|-fieldstart|move: Electric Terrain|[from] ability: Hadron Engine|[of] p1b: Miraidon
|turn|7
|
|t:|1750795847
|move|p2b: Glacial Spam|Glacial Lance|p1b: Miraidon
|-supereffective|p1b: Miraidon
|-damage|p1b: Miraidon|0 fnt
|faint|p1b: Miraidon
|
|win|Admiralstalin
|raw|Diegopf21's rating: 1134 &rarr; <strong>1103</strong><br />(-31 for losing)
|raw|Admiralstalin's rating: 1050 &rarr; <strong>1090</strong><br />(+40 for winning)
|l|☆Diegopf21
|player|p1|
|l|☆Admiralstalin
|player|p2|
