|j|☆Humongousaur
|j|☆limaozin140794
|t:|1750861895
|gametype|doubles
|player|p1|Humongousaur|pokemaniac|1447
|player|p2|limaozin140794|101|1516
|teamsize|p1|6
|teamsize|p2|6
|gen|9
|tier|[Gen 9] VGC 2025 Reg I
|rated|
|rule|Species Clause: Limit one of each Pokémon
|rule|Item Clause: Limit 1 of each item
|clearpoke
|poke|p1|Lucario, L50, M|
|poke|p1|Calyrex-Shadow, L50|
|poke|p1|Chien-Pao, L50|
|poke|p1|Urshifu-*, L50, F|
|poke|p1|Ogerpon-Cornerstone, L50, F|
|poke|p1|Rillaboom, L50, F|
|poke|p2|Whimsicott, L50, F|
|poke|p2|Calyrex-Shadow, L50|
|poke|p2|Zamazenta-*, L50|
|poke|p2|Flutter Mane, L50|
|poke|p2|Chi-Yu, L50|
|poke|p2|Urshifu-*, L50, F|
|teampreview|4
|inactive|Battle timer is ON: inactive players will automatically lose when time's up. (requested by limaozin140794)
|inactive|Humongousaur has 60 seconds left.
|
|t:|1750861959
|start
|switch|p1a: Lucario|Lucario, L50, M|100/100
|switch|p1b: Urshifu|Urshifu-Rapid-Strike, L50, F|100/100
|switch|p2a: Whimsicott|Whimsicott, L50, F|100/100
|switch|p2b: Chi-Yu|Chi-Yu, L50|100/100
|-ability|p2b: Chi-Yu|Beads of Ruin
|turn|1
|
|t:|1750861980
|switch|p2b: Zamazenta|Zamazenta-Crowned, L50|100/100
|-ability|p2b: Zamazenta|Dauntless Shield|boost
|-boost|p2b: Zamazenta|def|1
|-terastallize|p1a: Lucario|Normal
|move|p1b: Urshifu|Surging Strikes|p2b: Zamazenta
|-crit|p2b: Zamazenta
|-damage|p2b: Zamazenta|86/100
|-crit|p2b: Zamazenta
|-damage|p2b: Zamazenta|72/100
|-crit|p2b: Zamazenta
|-damage|p2b: Zamazenta|57/100
|-hitcount|p2b: Zamazenta|3
|move|p2a: Whimsicott|Moonblast|p1b: Urshifu
|-supereffective|p1b: Urshifu
|-damage|p1b: Urshifu|2/100
|-unboost|p1b: Urshifu|spa|1
|move|p1a: Lucario|Swords Dance|p1a: Lucario
|-boost|p1a: Lucario|atk|2
|
|upkeep
|turn|2
|inactive|Humongousaur has 30 seconds left.
|inactive|limaozin140794 has 30 seconds left.
|inactive|Humongousaur has 20 seconds left.
|
|t:|1750862015
|move|p1a: Lucario|Protect|p1a: Lucario
|-singleturn|p1a: Lucario|Protect
|move|p2a: Whimsicott|Tailwind|p2a: Whimsicott
|-sidestart|p2: limaozin140794|move: Tailwind
|move|p2b: Zamazenta|Body Press|p1a: Lucario
|-activate|p1a: Lucario|move: Protect
|move|p1b: Urshifu|Surging Strikes|p2b: Zamazenta
|-crit|p2b: Zamazenta
|-damage|p2b: Zamazenta|45/100
|-crit|p2b: Zamazenta
|-damage|p2b: Zamazenta|30/100
|-crit|p2b: Zamazenta
|-damage|p2b: Zamazenta|18/100
|-hitcount|p2b: Zamazenta|3
|
|upkeep
|turn|3
|
|t:|1750862040
|switch|p1b: Rillaboom|Rillaboom, L50, F|100/100
|-fieldstart|move: Grassy Terrain|[from] ability: Grassy Surge|[of] p1b: Rillaboom
|move|p1a: Lucario|Extreme Speed|p2b: Zamazenta
|-resisted|p2b: Zamazenta
|-damage|p2b: Zamazenta|0 fnt
|faint|p2b: Zamazenta
|-damage|p1a: Lucario|91/100|[from] item: Life Orb
|move|p2a: Whimsicott|Moonblast|p1b: Rillaboom
|-damage|p1b: Rillaboom|78/100
|-unboost|p1b: Rillaboom|spa|1
|
|-heal|p1a: Lucario|97/100|[from] Grassy Terrain
|-heal|p1b: Rillaboom|84/100|[from] Grassy Terrain
|upkeep
|
|t:|1750862057
|switch|p2b: Chi-Yu|Chi-Yu, L50|100/100
|-ability|p2b: Chi-Yu|Beads of Ruin
|turn|4
|
|t:|1750862080
|move|p2b: Chi-Yu|Protect|p2b: Chi-Yu
|-singleturn|p2b: Chi-Yu|Protect
|move|p1a: Lucario|Protect|p1a: Lucario
|-singleturn|p1a: Lucario|Protect
|move|p2a: Whimsicott|Moonblast|p1a: Lucario
|-activate|p1a: Lucario|move: Protect
|move|p1b: Rillaboom|Drum Beating|p2b: Chi-Yu
|-activate|p2b: Chi-Yu|move: Protect
|
|-heal|p1a: Lucario|100/100|[from] Grassy Terrain
|-heal|p1b: Rillaboom|90/100|[from] Grassy Terrain
|upkeep
|turn|5
|
|t:|1750862103
|switch|p2b: Calyrex|Calyrex-Shadow, L50|100/100
|-ability|p2b: Calyrex|As One
|-ability|p2b: Calyrex|Unnerve
|move|p1a: Lucario|Extreme Speed|p2a: Whimsicott
|-enditem|p2a: Whimsicott|Focus Sash
|-damage|p2a: Whimsicott|1/100
|-damage|p1a: Lucario|91/100|[from] item: Life Orb
|move|p2a: Whimsicott|Moonblast|p1a: Lucario
|-damage|p1a: Lucario|41/100
|move|p1b: Rillaboom|Drum Beating|p2b: Calyrex
|-damage|p2b: Calyrex|39/100
|
|-heal|p2b: Calyrex|45/100|[from] Grassy Terrain
|-heal|p2a: Whimsicott|7/100|[from] Grassy Terrain
|-heal|p1a: Lucario|47/100|[from] Grassy Terrain
|-heal|p1b: Rillaboom|96/100|[from] Grassy Terrain
|-sideend|p2: limaozin140794|move: Tailwind
|upkeep
|turn|6
|inactive|limaozin140794 has 30 seconds left.
|
|t:|1750862130
|-terastallize|p2b: Calyrex|Grass
|move|p1a: Lucario|Extreme Speed|p2a: Whimsicott
|-damage|p2a: Whimsicott|0 fnt
|faint|p2a: Whimsicott
|-damage|p1a: Lucario|38/100|[from] item: Life Orb
|move|p1b: Rillaboom|Grassy Glide|p2b: Calyrex
|-resisted|p2b: Calyrex
|-damage|p2b: Calyrex|22/100
|move|p2b: Calyrex|Giga Drain|p1a: Lucario
|-damage|p1a: Lucario|0 fnt
|-heal|p2b: Calyrex|39/100|[from] drain|[of] p1a: Lucario
|faint|p1a: Lucario
|-ability|p2b: Calyrex|Grim Neigh|boost
|-boost|p2b: Calyrex|spa|1
|
|-heal|p2b: Calyrex|45/100|[from] Grassy Terrain
|-heal|p1b: Rillaboom|100/100|[from] Grassy Terrain
|upkeep
|inactive|Humongousaur has 30 seconds left.
|
|t:|1750862164
|switch|p2a: Chi-Yu|Chi-Yu, L50|100/100
|switch|p1a: Calyrex|Calyrex-Shadow, L50|100/100
|-ability|p1a: Calyrex|As One
|-ability|p1a: Calyrex|Unnerve
|-ability|p2a: Chi-Yu|Beads of Ruin
|turn|7
|
|t:|1750862185
|move|p2b: Calyrex|Protect|p2b: Calyrex
|-singleturn|p2b: Calyrex|Protect
|move|p1a: Calyrex|Astral Barrage|p2a: Chi-Yu|[spread] p2a
|-activate|p2b: Calyrex|move: Protect
|-resisted|p2a: Chi-Yu
|-damage|p2a: Chi-Yu|67/100
|move|p2a: Chi-Yu|Heat Wave|p1a: Calyrex|[spread] p1a,p1b
|-supereffective|p1b: Rillaboom
|-damage|p1a: Calyrex|29/100
|-damage|p1b: Rillaboom|9/100
|-damage|p2a: Chi-Yu|57/100|[from] item: Life Orb
|move|p1b: Rillaboom|Drum Beating|p2a: Chi-Yu
|-resisted|p2a: Chi-Yu
|-damage|p2a: Chi-Yu|13/100
|-unboost|p2a: Chi-Yu|spe|1
|
|-heal|p1a: Calyrex|34/100|[from] Grassy Terrain
|-heal|p2b: Calyrex|51/100|[from] Grassy Terrain
|-heal|p2a: Chi-Yu|20/100|[from] Grassy Terrain
|-heal|p1b: Rillaboom|15/100|[from] Grassy Terrain
|-fieldend|move: Grassy Terrain
|upkeep
|turn|8
|inactive|Humongousaur has 30 seconds left.
|inactive|Humongousaur has 20 seconds left.
|inactive|Humongousaur has 15 seconds left.
|
|t:|1750862229
|move|p2b: Calyrex|Astral Barrage|p1a: Calyrex|[spread] p1a,p1b
|-supereffective|p1a: Calyrex
|-damage|p1a: Calyrex|0 fnt
|-damage|p1b: Rillaboom|0 fnt
|faint|p1a: Calyrex
|faint|p1b: Rillaboom
|-ability|p2b: Calyrex|Grim Neigh|boost
|-boost|p2b: Calyrex|spa|2
|move|p2a: Chi-Yu|Heat Wave|p1: Calyrex|[notarget]
|-fail|p2a: Chi-Yu
|
|upkeep
|
|t:|1750862239
|switch|p1b: Urshifu|Urshifu-Rapid-Strike, L50, F|2/100
|turn|9
|
|t:|1750862246
|move|p1b: Urshifu|Close Combat|p2b: Calyrex
|-damage|p2b: Calyrex|0 fnt
|-unboost|p1b: Urshifu|def|1
|-unboost|p1b: Urshifu|spd|1
|faint|p2b: Calyrex
|move|p2a: Chi-Yu|Dark Pulse|p1b: Urshifu
|-resisted|p1b: Urshifu
|-damage|p1b: Urshifu|0 fnt
|faint|p1b: Urshifu
|-damage|p2a: Chi-Yu|10/100|[from] item: Life Orb
|
|win|limaozin140794
|raw|Humongousaur's rating: 1447 &rarr; <strong>1431</strong><br />(-16 for losing)
|raw|limaozin140794's rating: 1516 &rarr; <strong>1532</strong><br />(+16 for winning)
|l|☆Humongousaur
|player|p1|
|l|☆limaozin140794
|player|p2|
