|j|☆Kuschki
|j|☆galar8
|t:|1750771183
|gametype|doubles
|player|p1|Kuschki|170|1425
|player|p2|galar8|cynthia|1437
|teamsize|p1|6
|teamsize|p2|6
|gen|9
|tier|[Gen 9] VGC 2025 Reg I
|rated|
|rule|Species Clause: Limit one of each Pokémon
|rule|Item Clause: Limit 1 of each item
|clearpoke
|poke|p1|Zacian-*, L50|
|poke|p1|Kyogre, L50|
|poke|p1|Kingambit, L50, F|
|poke|p1|Flamigo, L50, F|
|poke|p1|Hydrapple, L50, F|
|poke|p1|Illumise, L50, F|
|poke|p2|Amoonguss, L50, F|
|poke|p2|Calyrex-Ice, L50|
|poke|p2|Ursaluna, L50, M|
|poke|p2|Farigiraf, L50, F|
|poke|p2|Miraidon, L50|
|poke|p2|Kingambit, L50, M|
|teampreview|4
|inactive|Battle timer is ON: inactive players will automatically lose when time's up. (requested by galar8)
|inactive|Kuschki has 60 seconds left.
|
|t:|1750771228
|start
|switch|p1a: Zacian|Zacian-Crowned, L50|100/100
|switch|p1b: Flamigo|Flamigo, L50, F|100/100
|switch|p2a: impostor|Amoonguss, L50, F, shiny|100/100
|switch|p2b: horse|Calyrex-Ice, L50|100/100
|-ability|p2b: horse|As One
|-ability|p2b: horse|Unnerve
|-ability|p1a: Zacian|Intrepid Sword|boost
|-boost|p1a: Zacian|atk|1
|-copyboost|p1b: Flamigo|p1a: Zacian|[from] ability: Costar
|turn|1
|
|t:|1750771250
|-terastallize|p2b: horse|Water
|move|p2a: impostor|Protect|p2a: impostor
|-singleturn|p2a: impostor|Protect
|move|p1a: Zacian|Behemoth Blade|p2b: horse
|-resisted|p2b: horse
|-damage|p2b: horse|81/100
|move|p1b: Flamigo|Close Combat|p2b: horse
|-damage|p2b: horse|37/100
|-unboost|p1b: Flamigo|def|1
|-unboost|p1b: Flamigo|spd|1
|move|p2b: horse|Trick Room|p2b: horse
|-fieldstart|move: Trick Room|[of] p2b: horse
|
|-heal|p2b: horse|43/100|[from] item: Leftovers
|upkeep
|turn|2
|
|t:|1750771275
|move|p2b: horse|Protect|p2b: horse
|-singleturn|p2b: horse|Protect
|move|p1b: Flamigo|Wide Guard|p1b: Flamigo
|-singleturn|p1b: Flamigo|Wide Guard
|move|p2a: impostor|Spore|p1b: Flamigo
|-status|p1b: Flamigo|slp|[from] move: Spore
|move|p1a: Zacian|Play Rough|p2b: horse
|-activate|p2b: horse|move: Protect
|
|-heal|p2b: horse|49/100|[from] item: Leftovers
|upkeep
|turn|3
|
|t:|1750771289
|move|p1a: Zacian|Protect|p1a: Zacian
|-singleturn|p1a: Zacian|Protect
|move|p2a: impostor|Spore|p1a: Zacian
|-activate|p1a: Zacian|move: Protect
|move|p2b: horse|Glacial Lance|p1a: Zacian|[spread] p1b
|-activate|p1a: Zacian|move: Protect
|-supereffective|p1b: Flamigo
|-enditem|p1b: Flamigo|Focus Sash
|-damage|p1b: Flamigo|1/100 slp
|cant|p1b: Flamigo|slp
|
|-heal|p2b: horse|55/100|[from] item: Leftovers
|upkeep
|turn|4
|
|t:|1750771307
|-curestatus|p1b: Flamigo|slp|[msg]
|move|p1b: Flamigo|Wide Guard|p1b: Flamigo
|-singleturn|p1b: Flamigo|Wide Guard
|move|p2a: impostor|Spore|p1a: Zacian
|-status|p1a: Zacian|slp|[from] move: Spore
|move|p2b: horse|Glacial Lance|p1b: Flamigo|[spread] 
|-activate|p1a: Zacian|move: Wide Guard
|-activate|p1b: Flamigo|move: Wide Guard
|cant|p1a: Zacian|slp
|
|-heal|p2b: horse|60/100|[from] item: Leftovers
|upkeep
|turn|5
|
|t:|1750771324
|cant|p1a: Zacian|slp
|move|p1b: Flamigo|Wide Guard|p1b: Flamigo
|-singleturn|p1b: Flamigo|Wide Guard
|move|p2a: impostor|Pollen Puff|p1b: Flamigo
|-resisted|p1b: Flamigo
|-damage|p1b: Flamigo|0 fnt
|faint|p1b: Flamigo
|move|p2b: horse|Leech Seed|p1a: Zacian
|-start|p1a: Zacian|move: Leech Seed
|
|-heal|p2b: horse|66/100|[from] item: Leftovers
|-damage|p1a: Zacian|88/100 slp|[from] Leech Seed|[of] p2b: horse
|-heal|p2b: horse|77/100|[silent]
|-fieldend|move: Trick Room
|upkeep
|
|t:|1750771341
|switch|p1b: Kyogre|Kyogre, L50|100/100
|-weather|RainDance|[from] ability: Drizzle|[of] p1b: Kyogre
|turn|6
|
|t:|1750771349
|move|p2a: impostor|Rage Powder|p2a: impostor
|-singleturn|p2a: impostor|move: Rage Powder
|cant|p1a: Zacian|slp
|move|p1b: Kyogre|Thunder|p2a: impostor
|-resisted|p2a: impostor
|-damage|p2a: impostor|84/100
|move|p2b: horse|Trick Room|p2b: horse
|-fieldstart|move: Trick Room|[of] p2b: horse
|
|-weather|RainDance|[upkeep]
|-heal|p2b: horse|83/100|[from] item: Leftovers
|-damage|p1a: Zacian|76/100 slp|[from] Leech Seed|[of] p2b: horse
|-heal|p2b: horse|93/100|[silent]
|upkeep
|turn|7
|
|t:|1750771371
|move|p1b: Kyogre|Protect|p1b: Kyogre
|-singleturn|p1b: Kyogre|Protect
|move|p2a: impostor|Spore|p1b: Kyogre
|-activate|p1b: Kyogre|move: Protect
|move|p2b: horse|Glacial Lance|p1b: Kyogre|[spread] p1a
|-activate|p1b: Kyogre|move: Protect
|-resisted|p1a: Zacian
|-damage|p1a: Zacian|57/100 slp
|-curestatus|p1a: Zacian|slp|[msg]
|move|p1a: Zacian|Behemoth Blade|p2a: impostor
|-damage|p2a: impostor|0 fnt
|-damage|p1a: Zacian|40/100|[from] item: Rocky Helmet|[of] p2a: impostor
|faint|p2a: impostor
|
|-weather|RainDance|[upkeep]
|-heal|p2b: horse|99/100|[from] item: Leftovers
|-damage|p1a: Zacian|28/100|[from] Leech Seed|[of] p2b: horse
|-heal|p2b: horse|100/100|[silent]
|upkeep
|
|t:|1750771379
|switch|p2a: bomb|Ursaluna, L50, M|100/100
|turn|8
|
|t:|1750771403
|move|p1a: Zacian|Protect|p1a: Zacian
|-singleturn|p1a: Zacian|Protect
|move|p2b: horse|Glacial Lance|p1b: Kyogre|[spread] p1b
|-activate|p1a: Zacian|move: Protect
|-resisted|p1b: Kyogre
|-damage|p1b: Kyogre|79/100
|move|p2a: bomb|Headlong Rush|p1b: Kyogre
|-damage|p1b: Kyogre|15/100
|-unboost|p2a: bomb|def|1
|-unboost|p2a: bomb|spd|1
|move|p1b: Kyogre|Origin Pulse|p2b: horse|[spread] p2a,p2b
|-supereffective|p2a: bomb
|-resisted|p2b: horse
|-damage|p2a: bomb|0 fnt
|-damage|p2b: horse|75/100
|faint|p2a: bomb
|
|-weather|RainDance|[upkeep]
|-heal|p2b: horse|81/100|[from] item: Leftovers
|-heal|p1b: Kyogre|20/100|[from] item: Leftovers
|-damage|p1a: Zacian|15/100|[from] Leech Seed|[of] p2b: horse
|-heal|p2b: horse|91/100|[silent]
|upkeep
|
|t:|1750771414
|switch|p2a: annoying dps|Miraidon, L50|100/100
|-fieldstart|move: Electric Terrain|[from] ability: Hadron Engine|[of] p2a: annoying dps
|turn|9
|
|t:|1750771437
|move|p2b: horse|Glacial Lance|p1b: Kyogre|[spread] p1a,p1b
|-resisted|p1a: Zacian
|-resisted|p1b: Kyogre
|-damage|p1a: Zacian|0 fnt
|-damage|p1b: Kyogre|0 fnt
|faint|p1a: Zacian
|faint|p1b: Kyogre
|-ability|p2b: horse|Chilling Neigh|boost
|-boost|p2b: horse|atk|2
|move|p2a: annoying dps|Electro Drift|p1: Zacian|[notarget]
|-fail|p2a: annoying dps
|
|-weather|RainDance|[upkeep]
|-heal|p2b: horse|97/100|[from] item: Leftovers
|upkeep
|
|t:|1750771449
|switch|p1a: Kingambit|Kingambit, L50, F|100/100
|turn|10
|
|t:|1750771459
|move|p2b: horse|Leech Seed|p1a: Kingambit
|-start|p1a: Kingambit|move: Leech Seed
|move|p1a: Kingambit|Kowtow Cleave|p2a: annoying dps
|-damage|p2a: annoying dps|52/100
|move|p2a: annoying dps|Electro Drift|p1a: Kingambit
|-damage|p1a: Kingambit|41/100
|
|-weather|none
|-heal|p2b: horse|100/100|[from] item: Leftovers
|-damage|p1a: Kingambit|29/100|[from] Leech Seed|[of] p2b: horse
|-fieldend|move: Trick Room
|upkeep
|turn|11
|-message|Kuschki forfeited.
|
|win|galar8
|raw|Kuschki's rating: 1425 &rarr; <strong>1406</strong><br />(-19 for losing)
|raw|galar8's rating: 1437 &rarr; <strong>1456</strong><br />(+19 for winning)
|l|☆Kuschki
|player|p1|
|l|☆galar8
|player|p2|
