|j|☆PopoVGC
|j|☆anubisjr
|t:|1750799417
|gametype|doubles
|player|p1|PopoVGC|101|1458
|player|p2|anubisjr|265|1679
|teamsize|p1|6
|teamsize|p2|6
|gen|9
|tier|[Gen 9] VGC 2025 Reg I
|rated|
|rule|Species Clause: Limit one of each Pokémon
|rule|Item Clause: Limit 1 of each item
|clearpoke
|poke|p1|Terapagos, L50, M|
|poke|p1|Zamazenta-*, L50|
|poke|p1|Tornadus, L50, M|
|poke|p1|Regidrago, L50|
|poke|p1|Chien-Pao, L50|
|poke|p1|Entei, L50|
|poke|p2|Calyrex-Shadow, L50|
|poke|p2|Miraidon, L50|
|poke|p2|Whimsicott, L50, M|
|poke|p2|Iron Treads, L50|
|poke|p2|Urshifu-*, L50, M|
|poke|p2|Iron Hands, L50|
|teampreview|4
|
|t:|1750799440
|start
|switch|p1a: Entei|Entei, L50|100/100
|switch|p1b: Chien-Pao|Chien-Pao, L50|100/100
|switch|p2a: Miraidon|Miraidon, L50|100/100
|switch|p2b: Whimsicott|Whimsicott, L50, M|100/100
|-fieldstart|move: Electric Terrain|[from] ability: Hadron Engine|[of] p2a: Miraidon
|-ability|p1b: Chien-Pao|Sword of Ruin
|turn|1
|
|t:|1750799471
|switch|p2b: Iron Treads|Iron Treads, L50|100/100
|-activate|p2b: Iron Treads|ability: Quark Drive
|-start|p2b: Iron Treads|quarkdrivespe
|-terastallize|p1a: Entei|Normal
|move|p1a: Entei|Extreme Speed|p2a: Miraidon
|-damage|p2a: Miraidon|16/100
|move|p1b: Chien-Pao|Sucker Punch|p2a: Miraidon
|-damage|p2a: Miraidon|0 fnt
|faint|p2a: Miraidon
|
|upkeep
|
|t:|1750799479
|switch|p2a: Urshifu|Urshifu, L50, M|100/100
|turn|2
|
|t:|1750799502
|move|p2a: Urshifu|Detect|p2a: Urshifu
|-singleturn|p2a: Urshifu|Protect
|move|p1a: Entei|Extreme Speed|p2a: Urshifu
|-activate|p2a: Urshifu|move: Protect
|move|p2b: Iron Treads|Steel Roller|p1b: Chien-Pao
|-supereffective|p1b: Chien-Pao
|-crit|p1b: Chien-Pao
|-enditem|p1b: Chien-Pao|Focus Sash
|-damage|p1b: Chien-Pao|1/100
|-fieldend|move: Electric Terrain
|-end|p2b: Iron Treads|Quark Drive
|move|p1b: Chien-Pao|Ice Spinner|p2a: Urshifu
|-activate|p2a: Urshifu|move: Protect
|
|upkeep
|turn|3
|
|t:|1750799533
|switch|p2a: Whimsicott|Whimsicott, L50, M|100/100
|move|p1a: Entei|Extreme Speed|p2a: Whimsicott
|-damage|p2a: Whimsicott|10/100
|move|p1b: Chien-Pao|Sucker Punch||[still]
|-fail|p1b: Chien-Pao
|move|p2b: Iron Treads|High Horsepower|p1b: Chien-Pao
|-damage|p1b: Chien-Pao|0 fnt
|faint|p1b: Chien-Pao
|
|upkeep
|
|t:|1750799540
|switch|p1b: Zamazenta|Zamazenta-Crowned, L50|100/100
|-ability|p1b: Zamazenta|Dauntless Shield|boost
|-boost|p1b: Zamazenta|def|1
|turn|4
|
|t:|1750799564
|-terastallize|p2a: Whimsicott|Ghost
|move|p1a: Entei|Extreme Speed|p2a: Whimsicott
|-immune|p2a: Whimsicott
|move|p1b: Zamazenta|Body Press|p2b: Iron Treads
|-supereffective|p2b: Iron Treads
|-damage|p2b: Iron Treads|0 fnt
|faint|p2b: Iron Treads
|-end|p2b: Iron Treads|Quark Drive|[silent]
|move|p2a: Whimsicott|Moonblast|p1b: Zamazenta
|-damage|p1b: Zamazenta|83/100
|
|upkeep
|
|t:|1750799571
|switch|p2b: Urshifu|Urshifu, L50, M|100/100
|turn|5
|
|t:|1750799598
|move|p1a: Entei|Extreme Speed|p2b: Urshifu
|-damage|p2b: Urshifu|35/100
|move|p2a: Whimsicott|Tailwind|p2a: Whimsicott
|-sidestart|p2: anubisjr|move: Tailwind
|move|p2b: Urshifu|Close Combat|p1b: Zamazenta
|-supereffective|p1b: Zamazenta
|-damage|p1b: Zamazenta|18/100
|-unboost|p2b: Urshifu|def|1
|-unboost|p2b: Urshifu|spd|1
|move|p1b: Zamazenta|Heavy Slam|p2a: Whimsicott
|-damage|p2a: Whimsicott|0 fnt
|faint|p2a: Whimsicott
|
|upkeep
|turn|6
|-message|anubisjr forfeited.
|
|win|PopoVGC
|raw|PopoVGC's rating: 1458 &rarr; <strong>1489</strong><br />(+31 for winning)
|raw|anubisjr's rating: 1679 &rarr; <strong>1648</strong><br />(-31 for losing)
|l|☆anubisjr
|player|p2|
