|j|☆KogaJunior23
|j|☆Aabraao
|t:|1750773549
|gametype|doubles
|player|p1|KogaJunior23|koga|1528
|player|p2|Aabraao|hilbert|1487
|teamsize|p1|6
|teamsize|p2|6
|gen|9
|tier|[Gen 9] VGC 2025 Reg I
|rated|
|rule|Species Clause: Limit one of each Pokémon
|rule|Item Clause: Limit 1 of each item
|clearpoke
|poke|p1|Kyogre, L50|
|poke|p1|Zacian-*, L50|
|poke|p1|Beartic, L50, M|
|poke|p1|Amoonguss, L50, M|
|poke|p1|Tornadus, L50, M|
|poke|p1|Landorus, L50, M|
|poke|p2|Lunala, L50|
|poke|p2|Calyrex-Ice, L50|
|poke|p2|Incineroar, L50, M|
|poke|p2|Kingambit, L50, F|
|poke|p2|Ogerpon-Cornerstone, L50, F|
|poke|p2|Torkoal, L50, M|
|teampreview|4
|inactive|Battle timer is ON: inactive players will automatically lose when time's up. (requested by Aabraao)
|inactive|KogaJunior23 has 60 seconds left.
|inactive|Aabraao has 60 seconds left.
|inactive|KogaJunior23 has 30 seconds left.
|inactive|Aabraao has 30 seconds left.
|inactive|Aabraao has 20 seconds left.
|inactive|Aabraao has 15 seconds left.
|inactive|Aabraao has 10 seconds left.
|inactive|Aabraao has 5 seconds left.
|
|t:|1750773639
|start
|switch|p1a: Landorus|Landorus, L50, M|100/100
|switch|p1b: Kyogre|Kyogre, L50|100/100
|switch|p2a: Lunala|Lunala, L50|100/100
|switch|p2b: Calyrex|Calyrex-Ice, L50|100/100
|-ability|p2b: Calyrex|As One
|-ability|p2b: Calyrex|Unnerve
|-weather|RainDance|[from] ability: Drizzle|[of] p1b: Kyogre
|turn|1
|inactive|Aabraao has 30 seconds left.
|inactive|Aabraao has 20 seconds left.
|inactive|Aabraao has 15 seconds left.
|
|t:|1750773684
|-terastallize|p1a: Landorus|Poison
|-terastallize|p2a: Lunala|Water
|move|p2b: Calyrex|Protect|p2b: Calyrex
|-singleturn|p2b: Calyrex|Protect
|move|p1a: Landorus|Sandsear Storm|p2a: Lunala|[spread] p2a
|-activate|p2b: Calyrex|move: Protect
|-damage|p2a: Lunala|77/100
|move|p1b: Kyogre|Water Spout|p2a: Lunala|[spread] p2a
|-activate|p2b: Calyrex|move: Protect
|-resisted|p2a: Lunala
|-damage|p2a: Lunala|34/100
|move|p2a: Lunala|Trick Room|p2a: Lunala
|-fieldstart|move: Trick Room|[of] p2a: Lunala
|
|-weather|RainDance|[upkeep]
|-heal|p2a: Lunala|40/100|[from] item: Leftovers
|upkeep
|turn|2
|
|t:|1750773707
|move|p2b: Calyrex|High Horsepower|p1a: Landorus
|-supereffective|p1a: Landorus
|-damage|p1a: Landorus|7/100
|move|p2a: Lunala|Calm Mind|p2a: Lunala
|-boost|p2a: Lunala|spa|1
|-boost|p2a: Lunala|spd|1
|move|p1b: Kyogre|Origin Pulse|p2b: Calyrex|[spread] p2a,p2b
|-resisted|p2a: Lunala
|-damage|p2a: Lunala|21/100
|-damage|p2b: Calyrex|42/100
|move|p1a: Landorus|Sandsear Storm|p2b: Calyrex|[spread] p2a,p2b
|-damage|p2a: Lunala|0 fnt
|-damage|p2b: Calyrex|2/100
|faint|p2a: Lunala
|
|-weather|RainDance|[upkeep]
|upkeep
|
|t:|1750773711
|switch|p2a: Incineroar|Incineroar, L50, M|100/100
|-ability|p2a: Incineroar|Intimidate|boost
|-unboost|p1a: Landorus|atk|1
|-unboost|p1b: Kyogre|atk|1
|turn|3
|
|t:|1750773726
|move|p1b: Kyogre|Protect|p1b: Kyogre
|-singleturn|p1b: Kyogre|Protect
|move|p1a: Landorus|Protect|p1a: Landorus
|-singleturn|p1a: Landorus|Protect
|move|p2a: Incineroar|Fake Out|p1b: Kyogre
|-activate|p1b: Kyogre|move: Protect
|move|p2b: Calyrex|Glacial Lance|p1a: Landorus|[spread] 
|-activate|p1a: Landorus|move: Protect
|-activate|p1b: Kyogre|move: Protect
|
|-weather|RainDance|[upkeep]
|upkeep
|turn|4
|inactive|KogaJunior23 has 30 seconds left.
|inactive|KogaJunior23 has 20 seconds left.
|
|t:|1750773761
|move|p2b: Calyrex|Glacial Lance|p1a: Landorus|[spread] p1a,p1b
|-resisted|p1b: Kyogre
|-damage|p1a: Landorus|0 fnt
|-damage|p1b: Kyogre|75/100
|faint|p1a: Landorus
|-ability|p2b: Calyrex|Chilling Neigh|boost
|-boost|p2b: Calyrex|atk|1
|move|p2a: Incineroar|Knock Off|p1b: Kyogre
|-crit|p1b: Kyogre
|-damage|p1b: Kyogre|4/100
|-enditem|p1b: Kyogre|Mystic Water|[from] move: Knock Off|[of] p2a: Incineroar
|move|p1b: Kyogre|Origin Pulse|p2a: Incineroar|[spread] p2b
|-miss|p1b: Kyogre|p2a: Incineroar
|-damage|p2b: Calyrex|0 fnt
|faint|p2b: Calyrex
|
|-weather|RainDance|[upkeep]
|upkeep
|inactive|Aabraao has 30 seconds left.
|
|t:|1750773788
|switch|p2b: Kingambit|Kingambit, L50, F|100/100
|switch|p1a: Zacian|Zacian-Crowned, L50|100/100
|-ability|p1a: Zacian|Intrepid Sword|boost
|-boost|p1a: Zacian|atk|1
|turn|5
|
|t:|1750773813
|move|p1b: Kyogre|Protect|p1b: Kyogre
|-singleturn|p1b: Kyogre|Protect
|move|p1a: Zacian|Protect|p1a: Zacian
|-singleturn|p1a: Zacian|Protect
|move|p2b: Kingambit|Iron Head|p1a: Zacian
|-activate|p1a: Zacian|move: Protect
|move|p2a: Incineroar|Knock Off|p1b: Kyogre
|-activate|p1b: Kyogre|move: Protect
|
|-weather|none
|-fieldend|move: Trick Room
|upkeep
|turn|6
|
|t:|1750773835
|move|p2b: Kingambit|Sucker Punch|p1b: Kyogre
|-damage|p1b: Kyogre|0 fnt
|faint|p1b: Kyogre
|move|p1a: Zacian|Sacred Sword|p2b: Kingambit
|-supereffective|p2b: Kingambit
|-damage|p2b: Kingambit|0 fnt
|faint|p2b: Kingambit
|move|p2a: Incineroar|Flare Blitz|p1a: Zacian
|-supereffective|p1a: Zacian
|-damage|p1a: Zacian|0 fnt
|faint|p1a: Zacian
|-damage|p2a: Incineroar|73/100|[from] Recoil
|
|upkeep
|
|t:|1750773845
|switch|p1b: Beartic|Beartic, L50, M, shiny|100/100
|turn|7
|
|t:|1750773850
|move|p1b: Beartic|Close Combat|p2a: Incineroar
|-supereffective|p2a: Incineroar
|-damage|p2a: Incineroar|0 fnt
|-unboost|p1b: Beartic|def|1
|-unboost|p1b: Beartic|spd|1
|faint|p2a: Incineroar
|
|win|KogaJunior23
|raw|KogaJunior23's rating: 1528 &rarr; <strong>1546</strong><br />(+18 for winning)
|raw|Aabraao's rating: 1487 &rarr; <strong>1469</strong><br />(-18 for losing)
|c|☆KogaJunior23|Gg
|l|☆Aabraao
|player|p2|
|l|☆KogaJunior23
|player|p1|
