|j|‽miketrash123
|j|☆Dark Slub
|t:|1750742679
|gametype|doubles
|player|p1|miketrash123|turo-ai|1199
|player|p2|Dark Slub|miku-flying|1256
|teamsize|p1|6
|teamsize|p2|6
|gen|9
|tier|[Gen 9] VGC 2025 Reg I
|rated|
|rule|Species Clause: Limit one of each Pokémon
|rule|Item Clause: Limit 1 of each item
|clearpoke
|poke|p1|Calyrex-Ice, L50|
|poke|p1|Miraidon, L50|
|poke|p1|Iron Hands, L50|
|poke|p1|Grimmsnarl, L50, M|
|poke|p1|Farigiraf, L50, M|
|poke|p1|Chien-Pao, L50|
|poke|p2|Calyrex-Shadow, L50|
|poke|p2|Koraidon, L50|
|poke|p2|Amoonguss, L50, M|
|poke|p2|Incineroar, L50, M|
|poke|p2|Raging Bolt, L50|
|poke|p2|Slowbro, L50, M|
|teampreview|4
miketrash123 has agreed to open team sheets.
|inactive|Battle timer is ON: inactive players will automatically lose when time's up. (requested by miketrash123)
|
|t:|1750742731
|start
|switch|p1a: Miraidon|Miraidon, L50|100/100
|switch|p1b: Farigiraf|Farigiraf, L50, M|100/100
|switch|p2a: California Rex|Calyrex-Shadow, L50|100/100
|switch|p2b: Koraidon|Koraidon, L50|100/100
|-ability|p2a: California Rex|As One
|-ability|p2a: California Rex|Unnerve
|-weather|SunnyDay|[from] ability: Orichalcum Pulse|[of] p2b: Koraidon
|-activate|p2b: Koraidon|Orichalcum Pulse|[source]
|-fieldstart|move: Electric Terrain|[from] ability: Hadron Engine|[of] p1a: Miraidon
|-enditem|p1b: Farigiraf|Electric Seed
|-boost|p1b: Farigiraf|def|1|[from] item: Electric Seed
|turn|1
|inactive|Dark Slub has 30 seconds left.
|
|t:|1750742759
|-terastallize|p2a: California Rex|Ground
|move|p2a: California Rex|Mud Shot|p1a: Miraidon
|-supereffective|p1a: Miraidon
|-damage|p1a: Miraidon|27/100
|-unboost|p1a: Miraidon|spe|1
|move|p2b: Koraidon|Close Combat|p1a: Miraidon
|-damage|p1a: Miraidon|0 fnt
|-unboost|p2b: Koraidon|def|1
|-unboost|p2b: Koraidon|spd|1
|faint|p1a: Miraidon
|-damage|p2b: Koraidon|91/100|[from] item: Life Orb
|move|p1b: Farigiraf|Trick Room|p1b: Farigiraf
|-fieldstart|move: Trick Room|[of] p1b: Farigiraf
|
|-weather|SunnyDay|[upkeep]
|upkeep
|
|t:|1750742766
|switch|p1a: Calyrex|Calyrex-Ice, L50|100/100
|-ability|p1a: Calyrex|As One
|-ability|p1a: Calyrex|Unnerve
|turn|2
|
|t:|1750742775
|switch|p2b: Slowbro|Slowbro, L50, M|100/100
|move|p1b: Farigiraf|Helping Hand|p1a: Calyrex
|-singleturn|p1a: Calyrex|Helping Hand|[of] p1b: Farigiraf
|move|p2a: California Rex|Protect|p2a: California Rex
|-singleturn|p2a: California Rex|Protect
|move|p1a: Calyrex|Glacial Lance|p2a: California Rex|[spread] p2b
|-activate|p2a: California Rex|move: Protect
|-resisted|p2b: Slowbro
|-damage|p2b: Slowbro|67/100
|
|-weather|SunnyDay|[upkeep]
|upkeep
|turn|3
|
|t:|1750742799
|move|p2b: Slowbro|Foul Play|p1a: Calyrex
|-supereffective|p1a: Calyrex
|-damage|p1a: Calyrex|51/100
|move|p1a: Calyrex|Glacial Lance|p2b: Slowbro|[spread] p2a,p2b
|-supereffective|p2a: California Rex
|-resisted|p2b: Slowbro
|-enditem|p2a: California Rex|Focus Sash
|-damage|p2a: California Rex|1/100
|-damage|p2b: Slowbro|42/100
|move|p1b: Farigiraf|Foul Play|p2b: Slowbro
|-supereffective|p2b: Slowbro
|-damage|p2b: Slowbro|17/100
|move|p2a: California Rex|Mud Shot|p1b: Farigiraf
|-damage|p1b: Farigiraf|69/100
|-unboost|p1b: Farigiraf|spe|1
|
|-weather|SunnyDay|[upkeep]
|upkeep
|turn|4
|
|t:|1750742819
|move|p2a: California Rex|Protect|p2a: California Rex
|-singleturn|p2a: California Rex|Protect
|move|p2b: Slowbro|Foul Play|p1a: Calyrex
|-supereffective|p1a: Calyrex
|-damage|p1a: Calyrex|1/100
|move|p1b: Farigiraf|Foul Play|p2b: Slowbro
|-supereffective|p2b: Slowbro
|-damage|p2b: Slowbro|0 fnt
|faint|p2b: Slowbro
|move|p1a: Calyrex|Glacial Lance|p2a: California Rex
|-activate|p2a: California Rex|move: Protect
|
|-weather|SunnyDay|[upkeep]
|upkeep
|
|t:|1750742822
|switch|p2b: Raging Bolt|Raging Bolt, L50|100/100
|-activate|p2b: Raging Bolt|ability: Protosynthesis
|-start|p2b: Raging Bolt|protosynthesisspa
|turn|5
|
|t:|1750742836
|move|p1a: Calyrex|Protect|p1a: Calyrex
|-singleturn|p1a: Calyrex|Protect
|move|p2b: Raging Bolt|Protect|p2b: Raging Bolt
|-singleturn|p2b: Raging Bolt|Protect
|move|p2a: California Rex|Protect|p2a: California Rex
|-singleturn|p2a: California Rex|Protect
|move|p1b: Farigiraf|Foul Play|p2a: California Rex
|-activate|p2a: California Rex|move: Protect
|
|-weather|none
|-end|p2b: Raging Bolt|Protosynthesis
|-fieldend|move: Trick Room
|-fieldend|move: Electric Terrain
|upkeep
|turn|6
|
|t:|1750742857
|switch|p1a: Grimmsnarl|Grimmsnarl, L50, M|100/100
|move|p2a: California Rex|Encore|p1b: Farigiraf
|-start|p1b: Farigiraf|Encore
|move|p2b: Raging Bolt|Thunderbolt|p1a: Grimmsnarl
|-damage|p1a: Grimmsnarl|52/100
|move|p1b: Farigiraf|Foul Play|p2b: Raging Bolt
|-damage|p2b: Raging Bolt|88/100
|
|upkeep
|turn|7
|
|t:|1750742879
|switch|p2a: Koraidon|Koraidon, L50|91/100
|-weather|SunnyDay|[from] ability: Orichalcum Pulse|[of] p2a: Koraidon
|-activate|p2b: Raging Bolt|ability: Protosynthesis
|-start|p2b: Raging Bolt|protosynthesisspa
|-activate|p2a: Koraidon|Orichalcum Pulse|[source]
|move|p1a: Grimmsnarl|Light Screen|p1a: Grimmsnarl
|-sidestart|p1: miketrash123|move: Light Screen
|move|p2b: Raging Bolt|Thunderbolt|p1a: Grimmsnarl
|-damage|p1a: Grimmsnarl|11/100
|move|p1b: Farigiraf|Foul Play|p2a: Koraidon
|-resisted|p2a: Koraidon
|-damage|p2a: Koraidon|76/100
|
|-weather|SunnyDay|[upkeep]
|upkeep
|turn|8
|inactive|miketrash123 has 30 seconds left.
|inactive|Dark Slub has 30 seconds left.
|
|t:|1750742911
|move|p1a: Grimmsnarl|Reflect|p1a: Grimmsnarl
|-sidestart|p1: miketrash123|Reflect
|move|p2a: Koraidon|Flare Blitz|p1b: Farigiraf
|-damage|p1b: Farigiraf|29/100
|-damage|p2a: Koraidon|60/100|[from] Recoil
|-damage|p2a: Koraidon|50/100|[from] item: Life Orb
|move|p2b: Raging Bolt|Thunderbolt|p1a: Grimmsnarl
|-damage|p1a: Grimmsnarl|0 fnt
|faint|p1a: Grimmsnarl
|move|p1b: Farigiraf|Foul Play|p2b: Raging Bolt
|-damage|p2b: Raging Bolt|75/100
|
|-weather|SunnyDay|[upkeep]
|-end|p1b: Farigiraf|Encore
|upkeep
|
|t:|1750742920
|switch|p1a: Calyrex|Calyrex-Ice, L50|1/100
|-ability|p1a: Calyrex|As One
|-ability|p1a: Calyrex|Unnerve
|turn|9
|
|t:|1750742941
|move|p2a: Koraidon|Flare Blitz|p1b: Farigiraf
|-damage|p1b: Farigiraf|0 fnt
|faint|p1b: Farigiraf
|-damage|p2a: Koraidon|38/100|[from] Recoil
|-damage|p2a: Koraidon|29/100|[from] item: Life Orb
|move|p2b: Raging Bolt|Thunderbolt|p1a: Calyrex
|-damage|p1a: Calyrex|0 fnt
|faint|p1a: Calyrex
|
|win|Dark Slub
|raw|miketrash123's rating: 1199 &rarr; <strong>1178</strong><br />(-21 for losing)
|raw|Dark Slub's rating: 1256 &rarr; <strong>1277</strong><br />(+21 for winning)
|l|‽miketrash123
|player|p1|
|l|☆Dark Slub
|player|p2|
