|j|☆Grumblebumble
|j|☆21Kieran
|t:|1750725463
|gametype|doubles
|player|p1|Grumblebumble|backpacker|
|player|p2|21Kieran|hau-masters|
|teamsize|p1|6
|teamsize|p2|6
|gen|9
|tier|[Gen 9] VGC 2025 Reg I
|rated|Tournament battle
|rule|Species Clause: Limit one of each Pokémon
|rule|Item Clause: Limit 1 of each item
|raw|<div class="infobox"><details class="readmore" open><summary><strong>2 custom rules:</strong></summary> Force Open Team Sheets, !Open Team Sheets</details></div>
|clearpoke
|poke|p1|Miraidon, L50|
|poke|p1|Zamazenta-*, L50|
|poke|p1|Chien-Pao, L50|
|poke|p1|Iron Hands, L50|
|poke|p1|Farigiraf, L50, F|
|poke|p1|Whimsicott, L50, F|
|poke|p2|Miraidon, L50|
|poke|p2|Terapagos, L50, M|
|poke|p2|Urshifu-*, L50, M|
|poke|p2|Incineroar, L50, M|
|poke|p2|Sinistcha, L50|
|poke|p2|Landorus, L50, M|
|teampreview|4
|showteam|p1|Miraidon||ChoiceSpecs|HadronEngine|DazzlingGleam,DracoMeteor,ElectroDrift,VoltSwitch||||||50|,,,,,Fairy]Zamazenta-Crowned||RustedShield|DauntlessShield|BodyPress,HeavySlam,WideGuard,Protect||||||50|,,,,,Dragon]Chien-Pao||FocusSash|SwordofRuin|IcicleCrash,Crunch,SuckerPunch,Protect||||||50|,,,,,Stellar]Iron Hands||AssaultVest|QuarkDrive|WildCharge,LowKick,IcePunch,FakeOut||||||50|,,,,,Water]Farigiraf||ElectricSeed|ArmorTail|Psychic,FoulPlay,HelpingHand,TrickRoom|||F|||50|,,,,,Water]Whimsicott||CovertCloak|Prankster|Moonblast,Tailwind,LightScreen,Encore|||F|||50|,,,,,Fire
|showteam|p2|Miraidon||AssaultVest|HadronEngine|ElectroDrift,VoltSwitch,DracoMeteor,Snarl||||||50|,,,,,Electric]Terapagos||ElectricSeed|TeraShift|TeraStarstorm,EarthPower,CalmMind,Protect|||M|||50|,,,,,Stellar]Urshifu-Rapid-Strike||ChoiceScarf|UnseenFist|SurgingStrikes,CloseCombat,RainDance,Uturn|||M|||50|,,,,,Water]Incineroar||RockyHelmet|Intimidate|FakeOut,PartingShot,KnockOff,FlareBlitz|||M|||50|,,,,,Ghost]Sinistcha||FocusSash|Hospitality|ShadowBall,RagePowder,LifeDew,Protect||||||50|,,,,,Fire]Landorus||LifeOrb|SheerForce|EarthPower,SludgeBomb,Protect,SandsearStorm|||M|||50|,,,,,Poison
|j| wholesomeisland
|c|☆21Kieran|gljf
|c|☆21Kieran|glhf*
|j| N0rthana
|
|t:|1750725501
|start
|switch|p1a: Zamazenta|Zamazenta-Crowned, L50|100/100
|switch|p1b: Whimsicott|Whimsicott, L50, F|100/100
|switch|p2a: Terapagos|Terapagos, L50, M|100/100
|switch|p2b: Incineroar|Incineroar, L50, M, shiny|100/100
|-activate|p2a: Terapagos|ability: Tera Shift
|detailschange|p2a: Terapagos|Terapagos-Terastal, L50, M
|-heal|p2a: Terapagos|100/100|[silent]
|-ability|p1a: Zamazenta|Dauntless Shield|boost
|-boost|p1a: Zamazenta|def|1
|-ability|p2b: Incineroar|Intimidate|boost
|-unboost|p1a: Zamazenta|atk|1
|-unboost|p1b: Whimsicott|atk|1
|turn|1
|
|t:|1750725514
|move|p1b: Whimsicott|Moonblast|p2a: Terapagos
|-activate|p2a: Terapagos|ability: Tera Shell
|-resisted|p2a: Terapagos
|-crit|p2a: Terapagos
|-damage|p2a: Terapagos|83/100
|-unboost|p2a: Terapagos|spa|1
|move|p1a: Zamazenta|Body Press|p2b: Incineroar
|-supereffective|p2b: Incineroar
|-damage|p2b: Incineroar|0 fnt
|-damage|p1a: Zamazenta|84/100|[from] item: Rocky Helmet|[of] p2b: Incineroar
|faint|p2b: Incineroar
|move|p2a: Terapagos|Tera Starstorm|p1b: Whimsicott
|-damage|p1b: Whimsicott|70/100
|
|upkeep
|j| Iamsliverfish
|
|t:|1750725519
|switch|p2b: Miraidon|Miraidon, L50|100/100
|-fieldstart|move: Electric Terrain|[from] ability: Hadron Engine|[of] p2b: Miraidon
|-enditem|p2a: Terapagos|Electric Seed
|-boost|p2a: Terapagos|def|1|[from] item: Electric Seed
|turn|2
|c| Iamsliverfish|I can see kieran losing
|
|t:|1750725545
|move|p1b: Whimsicott|Light Screen|p1b: Whimsicott
|-sidestart|p1: Grumblebumble|move: Light Screen
|move|p2b: Miraidon|Volt Switch|p1b: Whimsicott
|-resisted|p1b: Whimsicott
|-damage|p1b: Whimsicott|45/100
|
|t:|1750725548
|switch|p2b: Sinistcha|Sinistcha, L50|100/100|[from] Volt Switch
|-heal|p2a: Terapagos|100/100|[from] ability: Hospitality|[of] p2b: Sinistcha
|move|p1a: Zamazenta|Body Press|p2b: Sinistcha
|-immune|p2b: Sinistcha
|move|p2a: Terapagos|Earth Power|p1a: Zamazenta
|-supereffective|p1a: Zamazenta
|-damage|p1a: Zamazenta|70/100
|
|upkeep
|turn|3
|c|☆21Kieran|i can see me winning
|c|☆21Kieran|ngl
|c| Iamsliverfish|you're cooking
|j| imgoldshark07
|
|t:|1750725580
|switch|p2b: Miraidon|Miraidon, L50|100/100
|-activate|p2b: Miraidon|ability: Hadron Engine
|move|p1b: Whimsicott|Moonblast|p2b: Miraidon
|-supereffective|p2b: Miraidon
|-damage|p2b: Miraidon|73/100
|move|p1a: Zamazenta|Heavy Slam|p2b: Miraidon
|-resisted|p2b: Miraidon
|-damage|p2b: Miraidon|64/100
|move|p2a: Terapagos|Tera Starstorm|p1b: Whimsicott
|-damage|p1b: Whimsicott|24/100
|
|upkeep
|turn|4
|c| Iamsliverfish|(cooked)
|c| Iamsliverfish|btw kieran
|c| Iamsliverfish|you can just
|c| Iamsliverfish|protect
|c| Iamsliverfish|instead
|c|☆21Kieran|i see encore
|c| Iamsliverfish|:goob:
|
|t:|1750725612
|move|p2b: Miraidon|Volt Switch|p1a: Zamazenta
|-damage|p1a: Zamazenta|36/100
|c| Iamsliverfish|and then you switch
|
|t:|1750725615
|switch|p2b: Sinistcha|Sinistcha, L50|100/100|[from] Volt Switch
|move|p1b: Whimsicott|Moonblast|p2a: Terapagos
|-activate|p2a: Terapagos|ability: Tera Shell
|-resisted|p2a: Terapagos
|-damage|p2a: Terapagos|90/100
|move|p1a: Zamazenta|Body Press|p2a: Terapagos
|-supereffective|p2a: Terapagos
|-damage|p2a: Terapagos|32/100
|move|p2a: Terapagos|Earth Power|p1b: Whimsicott
|-resisted|p1b: Whimsicott
|-damage|p1b: Whimsicott|18/100
|
|upkeep
|turn|5
|c| Iamsliverfish|or rage powder
|c| Iamsliverfish|or me
|l| wholesomeisland
|j| empm
|
|t:|1750725684
|move|p2b: Sinistcha|Rage Powder|p2b: Sinistcha
|-singleturn|p2b: Sinistcha|move: Rage Powder
|move|p1b: Whimsicott|Moonblast|p2b: Sinistcha
|-damage|p2b: Sinistcha|75/100
|move|p1a: Zamazenta|Heavy Slam|p2b: Sinistcha
|-damage|p2b: Sinistcha|41/100
|move|p2a: Terapagos|Tera Starstorm|p1b: Whimsicott
|-damage|p1b: Whimsicott|0 fnt
|faint|p1b: Whimsicott
|
|upkeep
|
|t:|1750725694
|switch|p1b: Miraidon|Miraidon, L50|100/100
|-activate|p1b: Miraidon|ability: Hadron Engine
|turn|6
|
|t:|1750725709
|switch|p2b: Miraidon|Miraidon, L50|64/100
|-activate|p2b: Miraidon|ability: Hadron Engine
|-terastallize|p1b: Miraidon|Fairy
|move|p2a: Terapagos|Protect|p2a: Terapagos
|-singleturn|p2a: Terapagos|Protect
|move|p1b: Miraidon|Dazzling Gleam|p2b: Miraidon|[spread] p2b
|-activate|p2a: Terapagos|move: Protect
|-supereffective|p2b: Miraidon
|-damage|p2b: Miraidon|0 fnt
|faint|p2b: Miraidon
|move|p1a: Zamazenta|Heavy Slam|p2a: Terapagos
|-activate|p2a: Terapagos|move: Protect
|
|-sideend|p1: Grumblebumble|move: Light Screen
|-fieldend|move: Electric Terrain
|upkeep
|c| Iamsliverfish|get goobed kieran
|
|t:|1750725723
|switch|p2b: Sinistcha|Sinistcha, L50|41/100
|-heal|p2a: Terapagos|57/100|[from] ability: Hospitality|[of] p2b: Sinistcha
|turn|7
|
|t:|1750725728
|-terastallize|p2a: Terapagos|Stellar
|detailschange|p2a: Terapagos|Terapagos-Stellar, L50, M, tera:Stellar
|-heal|p2a: Terapagos|68/100|[silent]
|move|p2b: Sinistcha|Rage Powder|p2b: Sinistcha
|-singleturn|p2b: Sinistcha|move: Rage Powder
|move|p1b: Miraidon|Dazzling Gleam|p2a: Terapagos|[spread] p2a,p2b
|-damage|p2a: Terapagos|39/100
|-damage|p2b: Sinistcha|0 fnt
|faint|p2b: Sinistcha
|move|p1a: Zamazenta|Body Press|p2a: Terapagos
|-supereffective|p2a: Terapagos
|-damage|p2a: Terapagos|0 fnt
|faint|p2a: Terapagos
|detailschange|p2: Terapagos|Terapagos, L50, M|[silent]
|
|win|Grumblebumble
|n|☆Grumblebumble|grumblebumble
|n|☆21Kieran|21kieran
|n| N0rthana|n0rthana
|n| Iamsliverfish|iamsliverfish
|n| imgoldshark07|imgoldshark07
|n| empm|empm
