|j|☆Crocalors
|j|☆Money03
|t:|1750784133
|gametype|doubles
|player|p1|Crocalors|youngster-gen4|1439
|player|p2|Money03|drayden|1408
|teamsize|p1|6
|teamsize|p2|6
|gen|9
|tier|[Gen 9] VGC 2025 Reg I
|rated|
|rule|Species Clause: Limit one of each Pokémon
|rule|Item Clause: Limit 1 of each item
|clearpoke
|poke|p1|Koraidon, L50|
|poke|p1|Raging Bolt, L50|
|poke|p1|Chien-Pao, L50|
|poke|p1|Zamazenta-*, L50|
|poke|p1|Incineroar, L50, M|
|poke|p1|Scream Tail, L50|
|poke|p2|Incineroar, L50, F|
|poke|p2|Terapagos, L50, M|
|poke|p2|Sinistcha, L50|
|poke|p2|Miraidon, L50|
|poke|p2|Iron Treads, L50|
|poke|p2|Urshifu-*, L50, M|
|teampreview|4
Crocalors has agreed to open team sheets.
|inactive|Battle timer is ON: inactive players will automatically lose when time's up. (requested by Money03)
|inactive|Money03 has 60 seconds left.
|
|t:|1750784211
|start
|switch|p1a: Chien-Pao|Chien-Pao, L50|100/100
|switch|p1b: Incineroar|Incineroar, L50, M|100/100
|switch|p2a: Miraidon|Miraidon, L50|100/100
|switch|p2b: Terapagos|Terapagos, L50, M|100/100
|-activate|p2b: Terapagos|ability: Tera Shift
|detailschange|p2b: Terapagos|Terapagos-Terastal, L50, M
|-heal|p2b: Terapagos|100/100|[silent]
|-ability|p1a: Chien-Pao|Sword of Ruin
|-fieldstart|move: Electric Terrain|[from] ability: Hadron Engine|[of] p2a: Miraidon
|-enditem|p2b: Terapagos|Electric Seed
|-boost|p2b: Terapagos|def|1|[from] item: Electric Seed
|-ability|p1b: Incineroar|Intimidate|boost
|-unboost|p2a: Miraidon|atk|1
|-unboost|p2b: Terapagos|atk|1
|turn|1
|inactive|Money03 has 30 seconds left.
|
|t:|1750784239
|switch|p2a: Incineroar|Incineroar, L50, F|100/100
|-ability|p2a: Incineroar|Intimidate|boost
|-unboost|p1a: Chien-Pao|atk|1
|-unboost|p1b: Incineroar|atk|1
|move|p2b: Terapagos|Protect|p2b: Terapagos
|-singleturn|p2b: Terapagos|Protect
|move|p1a: Chien-Pao|Ice Spinner|p2a: Incineroar
|-resisted|p2a: Incineroar
|-damage|p2a: Incineroar|88/100
|-damage|p1a: Chien-Pao|84/100|[from] item: Rocky Helmet|[of] p2a: Incineroar
|-fieldend|move: Electric Terrain
|move|p1b: Incineroar|Parting Shot|p2b: Terapagos
|-activate|p2b: Terapagos|move: Protect
|
|upkeep
|turn|2
|inactive|Money03 has 30 seconds left.
|
|t:|1750784275
|move|p1a: Chien-Pao|Protect|p1a: Chien-Pao
|-singleturn|p1a: Chien-Pao|Protect
|move|p2a: Incineroar|Fake Out|p1b: Incineroar
|-damage|p1b: Incineroar|88/100
|move|p2b: Terapagos|Calm Mind|p2b: Terapagos
|-boost|p2b: Terapagos|spa|1
|-boost|p2b: Terapagos|spd|1
|cant|p1b: Incineroar|flinch
|
|upkeep
|turn|3
|inactive|Money03 has 30 seconds left.
|
|t:|1750784302
|switch|p1a: Zamazenta|Zamazenta-Crowned, L50|100/100
|-ability|p1a: Zamazenta|Dauntless Shield|boost
|-boost|p1a: Zamazenta|def|1
|switch|p1b: Koraidon|Koraidon, L50|100/100
|-weather|SunnyDay|[from] ability: Orichalcum Pulse|[of] p1b: Koraidon
|-activate|p1b: Koraidon|Orichalcum Pulse|[source]
|move|p2b: Terapagos|Protect|p2b: Terapagos
|-singleturn|p2b: Terapagos|Protect
|move|p2a: Incineroar|Flare Blitz|p1a: Zamazenta
|-supereffective|p1a: Zamazenta
|-damage|p1a: Zamazenta|50/100
|-damage|p2a: Incineroar|72/100|[from] Recoil
|
|-weather|SunnyDay|[upkeep]
|upkeep
|turn|4
|inactive|Money03 has 30 seconds left.
|inactive|Money03 has 20 seconds left.
|inactive|Money03 has 15 seconds left.
|inactive|Money03 has 10 seconds left.
|inactive|Money03 has 5 seconds left.
|
|t:|1750784354
|-terastallize|p2b: Terapagos|Stellar
|detailschange|p2b: Terapagos|Terapagos-Stellar, L50, M, tera:Stellar
|-heal|p2b: Terapagos|100/100|[silent]
|-ability|p2b: Terapagos|Teraform Zero
|-weather|none
|move|p1b: Koraidon|Flame Charge|p2b: Terapagos
|-damage|p2b: Terapagos|91/100
|-boost|p1b: Koraidon|spe|1
|-damage|p1b: Koraidon|91/100|[from] item: Life Orb
|move|p1a: Zamazenta|Body Press|p2b: Terapagos
|-supereffective|p2b: Terapagos
|-damage|p2b: Terapagos|32/100
|move|p2b: Terapagos|Tera Starstorm|p1a: Zamazenta|[spread] p1a,p1b
|-damage|p1a: Zamazenta|14/100
|-damage|p1b: Koraidon|41/100
|move|p2a: Incineroar|Flare Blitz|p1a: Zamazenta
|-supereffective|p1a: Zamazenta
|-damage|p1a: Zamazenta|0 fnt
|faint|p1a: Zamazenta
|-damage|p2a: Incineroar|68/100|[from] Recoil
|
|upkeep
|
|t:|1750784364
|switch|p1a: Chien-Pao|Chien-Pao, L50|84/100
|-ability|p1a: Chien-Pao|Sword of Ruin
|turn|5
|inactive|Money03 has 30 seconds left.
|
|t:|1750784397
|switch|p2a: Sinistcha|Sinistcha, L50|100/100
|-heal|p2b: Terapagos|57/100|[from] ability: Hospitality|[of] p2a: Sinistcha
|-terastallize|p1a: Chien-Pao|Stellar
|move|p2b: Terapagos|Protect|p2b: Terapagos
|-singleturn|p2b: Terapagos|Protect
|move|p1b: Koraidon|Close Combat|p2a: Sinistcha
|-immune|p2a: Sinistcha
|move|p1a: Chien-Pao|Crunch|p2b: Terapagos
|-activate|p2b: Terapagos|move: Protect
|
|upkeep
|turn|6
|
|t:|1750784413
|move|p2a: Sinistcha|Rage Powder|p2a: Sinistcha
|-singleturn|p2a: Sinistcha|move: Rage Powder
|move|p1b: Koraidon|Close Combat|p2a: Sinistcha
|-immune|p2a: Sinistcha
|move|p1a: Chien-Pao|Crunch|p2a: Sinistcha
|-supereffective|p2a: Sinistcha
|-enditem|p2a: Sinistcha|Focus Sash
|-damage|p2a: Sinistcha|1/100
|move|p2b: Terapagos|Tera Starstorm|p1a: Chien-Pao|[spread] p1a,p1b
|-supereffective|p1a: Chien-Pao
|-damage|p1a: Chien-Pao|0 fnt
|-damage|p1b: Koraidon|0 fnt
|faint|p1a: Chien-Pao
|faint|p1b: Koraidon
|
|upkeep
|
|t:|1750784418
|switch|p1b: Incineroar|Incineroar, L50, M|88/100
|-ability|p1b: Incineroar|Intimidate|boost
|-unboost|p2a: Sinistcha|atk|1
|-unboost|p2b: Terapagos|atk|1
|turn|7
|
|t:|1750784439
|move|p2b: Terapagos|Earth Power|p1b: Incineroar
|-supereffective|p1b: Incineroar
|-damage|p1b: Incineroar|0 fnt
|faint|p1b: Incineroar
|
|win|Money03
|raw|Crocalors's rating: 1439 &rarr; <strong>1417</strong><br />(-22 for losing)
|raw|Money03's rating: 1408 &rarr; <strong>1430</strong><br />(+22 for winning)
|l|☆Crocalors
|player|p1|
