|j|☆owendasnorlax
|j|☆VascoAnime
|t:|1750789451
|gametype|doubles
|player|p1|owendasnorlax|blaine|1073
|player|p2|VascoAnime|flannery|1150
|teamsize|p1|6
|teamsize|p2|6
|gen|9
|tier|[Gen 9] VGC 2025 Reg I
|rated|
|rule|Species Clause: Limit one of each Pokémon
|rule|Item Clause: Limit 1 of each item
|clearpoke
|poke|p1|Urshifu-*, L50, M|
|poke|p1|Hatterene, L50, F|
|poke|p1|Indeedee-F, L50, F|
|poke|p1|Kyogre, L50|
|poke|p1|Calyrex-Ice, L50|
|poke|p1|Archaludon, L50, F|
|poke|p2|Calyrex-Ice, L50|
|poke|p2|Abomasnow, L50, M|
|poke|p2|Lunala, L50|
|poke|p2|Baxcalibur, L50, F|
|poke|p2|Torkoal, L50, F|
|poke|p2|Farigiraf, L50, F|
|teampreview|4
|inactive|Battle timer is ON: inactive players will automatically lose when time's up. (requested by VascoAnime)
|
|t:|1750789484
|start
|switch|p1a: Indeedee|Indeedee-F, L50, F|100/100
|switch|p1b: Hatterene|Hatterene, L50, F|100/100
|switch|p2a: Calyrex|Calyrex-Ice, L50|100/100
|switch|p2b: Abomasnow|Abomasnow, L50, M|100/100
|-ability|p2a: Calyrex|As One
|-ability|p2a: Calyrex|Unnerve
|-fieldstart|move: Psychic Terrain|[from] ability: Psychic Surge|[of] p1a: Indeedee
|-weather|Snowscape|[from] ability: Snow Warning|[of] p2b: Abomasnow
|turn|1
|inactive|owendasnorlax has 30 seconds left.
|inactive|owendasnorlax has 20 seconds left.
|inactive|VascoAnime has 30 seconds left.
|
|t:|1750789526
|switch|p2b: Baxcalibur|Baxcalibur, L50, F|100/100
|move|p1a: Indeedee|Follow Me|p1a: Indeedee
|-singleturn|p1a: Indeedee|move: Follow Me
|move|p2a: Calyrex|Leech Seed|p1a: Indeedee
|-start|p1a: Indeedee|move: Leech Seed
|move|p1b: Hatterene|Trick Room|p1b: Hatterene
|-fieldstart|move: Trick Room|[of] p1b: Hatterene
|
|-weather|Snowscape|[upkeep]
|-damage|p1a: Indeedee|88/100|[from] Leech Seed|[of] p2a: Calyrex
|upkeep
|turn|2
|inactive|owendasnorlax has 30 seconds left.
|inactive|owendasnorlax has 20 seconds left.
|inactive|owendasnorlax has 15 seconds left.
|inactive|owendasnorlax has 10 seconds left.
|
|t:|1750789573
|move|p1a: Indeedee|Follow Me|p1a: Indeedee
|-singleturn|p1a: Indeedee|move: Follow Me
|move|p1b: Hatterene|Dazzling Gleam|p2b: Baxcalibur|[spread] p2a,p2b
|-supereffective|p2b: Baxcalibur
|-damage|p2a: Calyrex|81/100
|-damage|p2b: Baxcalibur|36/100
|move|p2a: Calyrex|Glacial Lance|p1a: Indeedee|[spread] p1a,p1b
|-damage|p1a: Indeedee|10/100
|-damage|p1b: Hatterene|42/100
|move|p2b: Baxcalibur|Glaive Rush|p1a: Indeedee
|-damage|p1a: Indeedee|0 fnt
|-singlemove|p2b: Baxcalibur|Glaive Rush|[silent]
|faint|p1a: Indeedee
|-damage|p2b: Baxcalibur|26/100|[from] item: Life Orb
|
|-weather|Snowscape|[upkeep]
|-heal|p1b: Hatterene|48/100|[from] item: Leftovers
|-heal|p2a: Calyrex|87/100|[from] item: Leftovers
|upkeep
|
|t:|1750789592
|switch|p1a: Calyrex|Calyrex-Ice, L50|100/100
|-ability|p1a: Calyrex|As One
|-ability|p1a: Calyrex|Unnerve
|turn|3
|
|t:|1750789615
|move|p2b: Baxcalibur|Protect|p2b: Baxcalibur
|-singleturn|p2b: Baxcalibur|Protect
|move|p1b: Hatterene|Expanding Force|p2a: Calyrex|[spread] p2a
|-activate|p2b: Baxcalibur|move: Protect
|-resisted|p2a: Calyrex
|-damage|p2a: Calyrex|67/100
|move|p2a: Calyrex|Leech Seed|p1a: Calyrex
|-start|p1a: Calyrex|move: Leech Seed
|move|p1a: Calyrex|Glacial Lance|p2b: Baxcalibur|[spread] p2a
|-activate|p2b: Baxcalibur|move: Protect
|-resisted|p2a: Calyrex
|-damage|p2a: Calyrex|57/100
|
|-weather|Snowscape|[upkeep]
|-heal|p1b: Hatterene|54/100|[from] item: Leftovers
|-heal|p2a: Calyrex|62/100|[from] item: Leftovers
|-damage|p1a: Calyrex|88/100|[from] Leech Seed|[of] p2a: Calyrex
|-heal|p2a: Calyrex|74/100|[silent]
|upkeep
|turn|4
|inactive|owendasnorlax has 30 seconds left.
|inactive|owendasnorlax has 20 seconds left.
|inactive|owendasnorlax has 15 seconds left.
|
|t:|1750789656
|move|p2a: Calyrex|Protect|p2a: Calyrex
|-singleturn|p2a: Calyrex|Protect
|move|p1b: Hatterene|Dazzling Gleam|p2a: Calyrex|[spread] p2b
|-activate|p2a: Calyrex|move: Protect
|-supereffective|p2b: Baxcalibur
|-damage|p2b: Baxcalibur|0 fnt
|faint|p2b: Baxcalibur
|move|p1a: Calyrex|Draining Kiss|p2a: Calyrex
|-activate|p2a: Calyrex|move: Protect
|
|-weather|Snowscape|[upkeep]
|-heal|p1b: Hatterene|60/100|[from] item: Leftovers
|-heal|p2a: Calyrex|80/100|[from] item: Leftovers
|-damage|p1a: Calyrex|76/100|[from] Leech Seed|[of] p2a: Calyrex
|-heal|p2a: Calyrex|92/100|[silent]
|upkeep
|
|t:|1750789672
|switch|p2b: Torkoal|Torkoal, L50, F|100/100
|turn|5
|
|t:|1750789692
|-terastallize|p2b: Torkoal|Ice
|move|p2b: Torkoal|Eruption|p1b: Hatterene|[spread] p1a,p1b
|-supereffective|p1a: Calyrex
|-damage|p1a: Calyrex|7/100
|-damage|p1b: Hatterene|0 fnt
|faint|p1b: Hatterene
|move|p2a: Calyrex|Glacial Lance|p1a: Calyrex
|-resisted|p1a: Calyrex
|-damage|p1a: Calyrex|0 fnt
|faint|p1a: Calyrex
|-ability|p2a: Calyrex|Chilling Neigh|boost
|-boost|p2a: Calyrex|atk|1
|
|-weather|none
|-heal|p2a: Calyrex|98/100|[from] item: Leftovers
|-fieldend|move: Trick Room
|upkeep
|
|t:|1750789711
|switch|p1b: Kyogre|Kyogre, L50|100/100
|-weather|RainDance|[from] ability: Drizzle|[of] p1b: Kyogre
|turn|6
|
|t:|1750789720
|switch|p2b: Abomasnow|Abomasnow, L50, M|100/100
|-weather|Snowscape|[from] ability: Snow Warning|[of] p2b: Abomasnow
|move|p1b: Kyogre|Water Spout|p2b: Abomasnow|[spread] p2a,p2b
|-resisted|p2b: Abomasnow
|-damage|p2a: Calyrex|58/100
|-damage|p2b: Abomasnow|71/100
|move|p2a: Calyrex|Trick Room|p2a: Calyrex
|-fieldstart|move: Trick Room|[of] p2a: Calyrex
|
|-weather|Snowscape|[upkeep]
|-heal|p2a: Calyrex|63/100|[from] item: Leftovers
|upkeep
|turn|7
|
|t:|1750789731
|-terastallize|p1b: Kyogre|Electric
|move|p2a: Calyrex|Leech Seed|p1b: Kyogre|[miss]
|-miss|p2a: Calyrex|p1b: Kyogre
|move|p2b: Abomasnow|Aurora Veil|p2b: Abomasnow
|-sidestart|p2: VascoAnime|move: Aurora Veil
|move|p1b: Kyogre|Thunder|p2a: Calyrex
|-damage|p2a: Calyrex|40/100
|
|-weather|Snowscape|[upkeep]
|-heal|p2a: Calyrex|45/100|[from] item: Leftovers
|upkeep
|turn|8
|inactive|owendasnorlax has 30 seconds left.
|
|t:|1750789761
|move|p2a: Calyrex|Leech Seed|p1b: Kyogre
|-start|p1b: Kyogre|move: Leech Seed
|move|p2b: Abomasnow|Blizzard|p1b: Kyogre
|-damage|p1b: Kyogre|71/100
|move|p1b: Kyogre|Thunder|p2a: Calyrex
|-damage|p2a: Calyrex|21/100
|-status|p2a: Calyrex|par
|
|-weather|Snowscape|[upkeep]
|-heal|p2a: Calyrex|27/100 par|[from] item: Leftovers
|-damage|p1b: Kyogre|59/100|[from] Leech Seed|[of] p2a: Calyrex
|-heal|p2a: Calyrex|37/100 par|[silent]
|-fieldend|move: Psychic Terrain
|upkeep
|turn|9
|
|t:|1750789777
|move|p2a: Calyrex|Glacial Lance|p1b: Kyogre
|-damage|p1b: Kyogre|0 fnt
|faint|p1b: Kyogre
|
|win|VascoAnime
|raw|owendasnorlax's rating: 1073 &rarr; <strong>1057</strong><br />(-16 for losing)
|raw|VascoAnime's rating: 1150 &rarr; <strong>1170</strong><br />(+20 for winning)
