|j|‽zer04n
|j|☆Aozora Kazama青空風間
|t:|1750827324
|gametype|doubles
|player|p1|zer04n|101|1248
|player|p2|Aozora Kazama青空風間|n|1299
|teamsize|p1|6
|teamsize|p2|6
|gen|9
|tier|[Gen 9] VGC 2025 Reg I
|rated|
|rule|Species Clause: Limit one of each Pokémon
|rule|Item Clause: Limit 1 of each item
|clearpoke
|poke|p1|Miraidon, L50|
|poke|p1|Lunala, L50|
|poke|p1|Grimmsnarl, L50, M|
|poke|p1|Urshifu-*, L50, M|
|poke|p1|Ursaluna, L50, M|
|poke|p1|Incineroar, L50, M|
|poke|p2|Stonjourner, L50, M|
|poke|p2|Hatterene, L50, F|
|poke|p2|Indeedee-F, L50, F|
|poke|p2|Calyrex-Shadow, L50|
|poke|p2|Koraidon, L50|
|poke|p2|Tauros-Paldea-Blaze, L50, M|
|teampreview|4
|inactive|Battle timer is ON: inactive players will automatically lose when time's up. (requested by Aozora Kazama青空風間)
|inactive|zer04n has 60 seconds left.
|inactive|Aozora Kazama青空風間 has 60 seconds left.
|inactive|zer04n has 30 seconds left.
|inactive|zer04n has 20 seconds left.
|inactive|zer04n has 15 seconds left.
|inactive|zer04n has 10 seconds left.
|inactive|zer04n has 5 seconds left.
|
|t:|1750827411
|start
|switch|p1a: Miraidon|Miraidon, L50|100/100
|switch|p1b: Lunala|Lunala, L50|100/100
|switch|p2a: Hatterene|Hatterene, L50, F, shiny|100/100
|switch|p2b: Yare yare|Indeedee-F, L50, F, shiny|100/100
|-fieldstart|move: Electric Terrain|[from] ability: Hadron Engine|[of] p1a: Miraidon
|-enditem|p1b: Lunala|Electric Seed
|-boost|p1b: Lunala|def|1|[from] item: Electric Seed
|-fieldstart|move: Psychic Terrain|[from] ability: Psychic Surge|[of] p2b: Yare yare
|-enditem|p2b: Yare yare|Psychic Seed
|-boost|p2b: Yare yare|spd|1|[from] item: Psychic Seed
|turn|1
|
|t:|1750827431
|move|p1a: Miraidon|Volt Switch|p2a: Hatterene
|-damage|p2a: Hatterene|52/100
|
|t:|1750827436
|switch|p1a: Incineroar|Incineroar, L50, M|100/100|[from] Volt Switch
|-ability|p1a: Incineroar|Intimidate|boost
|-fail|p2a: Hatterene|unboost|[from] item: Clear Amulet|[of] p2a: Hatterene
|-unboost|p2b: Yare yare|atk|1
|move|p1b: Lunala|Moongeist Beam|p2a: Hatterene
|-supereffective|p2a: Hatterene
|-damage|p2a: Hatterene|0 fnt
|faint|p2a: Hatterene
|move|p2b: Yare yare|Shadow Ball|p1b: Lunala
|-supereffective|p1b: Lunala
|-damage|p1b: Lunala|73/100
|
|upkeep
|
|t:|1750827447
|switch|p2a: Calyrex|Calyrex-Shadow, L50|100/100
|-ability|p2a: Calyrex|As One
|-ability|p2a: Calyrex|Unnerve
|turn|2
|
|t:|1750827467
|move|p2b: Yare yare|Helping Hand|p2a: Calyrex
|-singleturn|p2a: Calyrex|Helping Hand|[of] p2b: Yare yare
|move|p1b: Lunala|Wide Guard|p1b: Lunala
|-singleturn|p1b: Lunala|Wide Guard
|move|p2a: Calyrex|Phantom Force||[still]
|-prepare|p2a: Calyrex|Phantom Force
|move|p1a: Incineroar|Knock Off|p2a: Calyrex|[miss]
|-miss|p1a: Incineroar|p2a: Calyrex
|
|upkeep
|turn|3
|
|t:|1750827484
|switch|p1b: Ursaluna|Ursaluna, L50, M|100/100
|move|p2b: Yare yare|Helping Hand|p2a: Calyrex
|-singleturn|p2a: Calyrex|Helping Hand|[of] p2b: Yare yare
|move|p2a: Calyrex|Phantom Force|p1b: Ursaluna|[from] lockedmove
|-immune|p1b: Ursaluna
|move|p1a: Incineroar|Knock Off|p2a: Calyrex
|-supereffective|p2a: Calyrex
|-damage|p2a: Calyrex|0 fnt
|-enditem|p2a: Calyrex|Razor Claw|[from] move: Knock Off|[of] p1a: Incineroar
|faint|p2a: Calyrex
|
|-status|p1b: Ursaluna|brn|[from] item: Flame Orb
|upkeep
|
|t:|1750827488
|switch|p2a: Honda koraidon|Koraidon, L50|100/100
|-weather|SunnyDay|[from] ability: Orichalcum Pulse|[of] p2a: Honda koraidon
|-activate|p2a: Honda koraidon|Orichalcum Pulse|[source]
|turn|4
|inactive|zer04n has 30 seconds left.
|inactive|zer04n has 20 seconds left.
|inactive|zer04n has 15 seconds left.
|inactive|zer04n has 10 seconds left.
|
|t:|1750827537
|switch|p1a: Lunala|Lunala, L50|73/100
|move|p2b: Yare yare|Follow Me|p2b: Yare yare
|-singleturn|p2b: Yare yare|move: Follow Me
|move|p2a: Honda koraidon|Collision Course|p1a: Lunala
|-immune|p1a: Lunala
|move|p1b: Ursaluna|Facade|p2b: Yare yare
|-damage|p2b: Yare yare|0 fnt
|faint|p2b: Yare yare
|
|-weather|SunnyDay|[upkeep]
|-damage|p1b: Ursaluna|95/100 brn|[from] brn
|upkeep
|turn|5
|-message|Aozora Kazama青空風間 forfeited.
|
|win|zer04n
|raw|zer04n's rating: 1248 &rarr; <strong>1277</strong><br />(+29 for winning)
|raw|Aozora Kazama青空風間's rating: 1299 &rarr; <strong>1270</strong><br />(-29 for losing)
|l|☆Aozora Kazama青空風間
|player|p2|
|l|‽zer04n
|player|p1|
