|j|☆BotWFan15
|j|☆Qmqmqmqmqm
|t:|1750798598
|gametype|doubles
|player|p1|BotWFan15|265|1088
|player|p2|Qmqmqmqmqm|2|1076
|teamsize|p1|6
|teamsize|p2|6
|gen|9
|tier|[Gen 9] VGC 2025 Reg I
|rated|
|rule|Species Clause: Limit one of each Pokémon
|rule|Item Clause: Limit 1 of each item
|clearpoke
|poke|p1|Koraidon, L50|
|poke|p1|Lilligant, L50, F|
|poke|p1|Walking Wake, L50|
|poke|p1|Rillaboom, L50, F|
|poke|p1|Calyrex-Shadow, L50|
|poke|p1|Kingambit, L50, F|
|poke|p2|Calyrex-Shadow, L50|
|poke|p2|Miraidon, L50|
|poke|p2|Indeedee-F, L50, F|
|poke|p2|Farigiraf, L50, M|
|poke|p2|Regieleki, L50|
|poke|p2|Gothitelle, L50, F|
|teampreview|4
|
|t:|1750798642
|start
|switch|p1a: Calyrex|Calyrex-Shadow, L50|100/100
|switch|p1b: Kingambit|Kingambit, L50, F|100/100
|switch|p2a: Calyrex|Calyrex-Shadow, L50|100/100
|switch|p2b: Indeedee|Indeedee-F, L50, F|100/100
|-ability|p2a: Calyrex|As One
|-ability|p2a: Calyrex|Unnerve
|-ability|p1a: Calyrex|As One
|-ability|p1a: Calyrex|Unnerve
|turn|1
|inactive|Battle timer is ON: inactive players will automatically lose when time's up. (requested by BotWFan15)
|
|t:|1750798666
|-terastallize|p2a: Calyrex|Normal
|-terastallize|p1a: Calyrex|Dark
|move|p2b: Indeedee|Helping Hand|p2a: Calyrex
|-singleturn|p2a: Calyrex|Helping Hand|[of] p2b: Indeedee
|move|p2a: Calyrex|Astral Barrage|p1b: Kingambit|[spread] p1a,p1b
|-resisted|p1a: Calyrex
|-resisted|p1b: Kingambit
|-damage|p1a: Calyrex|63/100
|-damage|p1b: Kingambit|67/100
|move|p1a: Calyrex|Dark Pulse|p2a: Calyrex
|-damage|p2a: Calyrex|52/100
|move|p1b: Kingambit|Swords Dance|p1b: Kingambit
|-boost|p1b: Kingambit|atk|2
|
|upkeep
|turn|2
|inactive|BotWFan15 has 30 seconds left.
|inactive|Qmqmqmqmqm has 30 seconds left.
|
|t:|1750798695
|move|p2b: Indeedee|Helping Hand|p2a: Calyrex
|-singleturn|p2a: Calyrex|Helping Hand|[of] p2b: Indeedee
|move|p2a: Calyrex|Astral Barrage|p1b: Kingambit|[spread] p1a,p1b
|-resisted|p1a: Calyrex
|-resisted|p1b: Kingambit
|-crit|p1b: Kingambit
|-damage|p1a: Calyrex|27/100
|-damage|p1b: Kingambit|12/100
|move|p1a: Calyrex|Dark Pulse|p2b: Indeedee
|-supereffective|p2b: Indeedee
|-damage|p2b: Indeedee|6/100
|move|p1b: Kingambit|Kowtow Cleave|p2a: Calyrex
|-damage|p2a: Calyrex|0 fnt
|faint|p2a: Calyrex
|
|upkeep
|
|t:|1750798712
|switch|p2a: Miraidon|Miraidon, L50|100/100
|-fieldstart|move: Electric Terrain|[from] ability: Hadron Engine|[of] p2a: Miraidon
|-item|p2a: Miraidon|Air Balloon
|turn|3
|inactive|Qmqmqmqmqm has 30 seconds left.
|
|t:|1750798741
|move|p1a: Calyrex|Protect|p1a: Calyrex
|-singleturn|p1a: Calyrex|Protect
|move|p2b: Indeedee|Follow Me|p2b: Indeedee
|-singleturn|p2b: Indeedee|move: Follow Me
|move|p2a: Miraidon|Electro Drift|p1a: Calyrex
|-activate|p1a: Calyrex|move: Protect
|move|p1b: Kingambit|Kowtow Cleave|p2b: Indeedee
|-supereffective|p2b: Indeedee
|-crit|p2b: Indeedee
|-damage|p2b: Indeedee|0 fnt
|faint|p2b: Indeedee
|
|upkeep
|
|t:|1750798755
|switch|p2b: Regieleki|Regieleki, L50|100/100
|turn|4
|
|t:|1750798771
|move|p1b: Kingambit|Protect|p1b: Kingambit
|-singleturn|p1b: Kingambit|Protect
|move|p2b: Regieleki|Thunderbolt|p1a: Calyrex
|-damage|p1a: Calyrex|0 fnt
|faint|p1a: Calyrex
|move|p2a: Miraidon|Electro Drift|p1b: Kingambit
|-activate|p1b: Kingambit|move: Protect
|
|upkeep
|
|t:|1750798781
|switch|p1a: Koraidon|Koraidon, L50|100/100
|-weather|SunnyDay|[from] ability: Orichalcum Pulse|[of] p1a: Koraidon
|-activate|p1a: Koraidon|Orichalcum Pulse|[source]
|turn|5
|
|t:|1750798798
|move|p1a: Koraidon|Protect|p1a: Koraidon
|-singleturn|p1a: Koraidon|Protect
|move|p2b: Regieleki|Thunderbolt|p1b: Kingambit
|-damage|p1b: Kingambit|0 fnt
|faint|p1b: Kingambit
|move|p2a: Miraidon|Electro Drift|p1a: Koraidon
|-activate|p1a: Koraidon|move: Protect
|
|-weather|SunnyDay|[upkeep]
|upkeep
|
|t:|1750798808
|switch|p1b: Lilligant|Lilligant, L50, F, shiny|100/100
|turn|6
|
|t:|1750798825
|move|p1b: Lilligant|Solar Beam||[still]
|-prepare|p1b: Lilligant|Solar Beam
|-anim|p1b: Lilligant|Solar Beam|p2b: Regieleki
|-damage|p2b: Regieleki|0 fnt
|faint|p2b: Regieleki
|move|p1a: Koraidon|Dragon Claw|p2a: Miraidon
|-supereffective|p2a: Miraidon
|-damage|p2a: Miraidon|0 fnt
|-enditem|p2a: Miraidon|Air Balloon
|faint|p2a: Miraidon
|
|win|BotWFan15
|raw|BotWFan15's rating: 1088 &rarr; <strong>1114</strong><br />(+26 for winning)
|raw|Qmqmqmqmqm's rating: 1076 &rarr; <strong>1055</strong><br />(-21 for losing)
|l|☆BotWFan15
|player|p1|
|l|☆Qmqmqmqmqm
|player|p2|
