|j|‽SabasVGC
|j|☆rei_Arthur_Rei
|t:|1750717832
|gametype|doubles
|player|p1|SabasVGC|bugcatcher-gen4dp|1633
|player|p2|rei_Arthur_Rei|alder|1586
|teamsize|p1|6
|teamsize|p2|6
|gen|9
|tier|[Gen 9] VGC 2025 Reg I
|rated|
|rule|Species Clause: Limit one of each Pokémon
|rule|Item Clause: Limit 1 of each item
|clearpoke
|poke|p1|Urshifu-*, L50, F|
|poke|p1|Torkoal, L50, M|
|poke|p1|Lunala, L50|
|poke|p1|Iron Hands, L50|
|poke|p1|Miraidon, L50|
|poke|p1|Ursaluna, L50, F|
|poke|p2|Ho-Oh, L50|
|poke|p2|Groudon, L50|
|poke|p2|Okidogi, L50, M|
|poke|p2|Ogerpon-Cornerstone, L50, F|
|poke|p2|Flutter Mane, L50|
|poke|p2|Grimmsnarl, L50, M|
|teampreview|4
|inactive|Battle timer is ON: inactive players will automatically lose when time's up. (requested by rei_Arthur_Rei)
|inactive|SabasVGC has 60 seconds left.
|
|t:|1750717909
|start
|switch|p1a: Miraidon|Miraidon, L50|100/100
|switch|p1b: Lunala|Lunala, L50, shiny|100/100
|switch|p2a: Godzilla|Groudon, L50|100/100
|switch|p2b: Duende verde|Grimmsnarl, L50, M|100/100
|-fieldstart|move: Electric Terrain|[from] ability: Hadron Engine|[of] p1a: Miraidon
|-enditem|p1b: Lunala|Electric Seed
|-boost|p1b: Lunala|def|1|[from] item: Electric Seed
|-weather|SunnyDay|[from] ability: Drought|[of] p2a: Godzilla
|turn|1
|inactive|SabasVGC has 30 seconds left.
|
|t:|1750717945
|move|p2b: Duende verde|Light Screen|p2b: Duende verde
|-sidestart|p2: rei_Arthur_Rei|move: Light Screen
|move|p1a: Miraidon|Volt Switch|p2b: Duende verde
|-damage|p2b: Duende verde|49/100
|
|t:|1750717957
|switch|p1a: Ursaluna|Ursaluna, L50, F, shiny|100/100|[from] Volt Switch
|move|p2a: Godzilla|Precipice Blades|p1b: Lunala|[spread] p1a,p1b
|-damage|p1a: Ursaluna|39/100
|-damage|p1b: Lunala|81/100
|move|p1b: Lunala|Trick Room|p1b: Lunala
|-fieldstart|move: Trick Room|[of] p1b: Lunala
|
|-weather|SunnyDay|[upkeep]
|-status|p1a: Ursaluna|brn|[from] item: Flame Orb
|upkeep
|turn|2
|
|t:|1750717973
|move|p1b: Lunala|Wide Guard|p1b: Lunala
|-singleturn|p1b: Lunala|Wide Guard
|move|p2b: Duende verde|Reflect|p2b: Duende verde
|-sidestart|p2: rei_Arthur_Rei|Reflect
|move|p1a: Ursaluna|Swords Dance|p1a: Ursaluna
|-boost|p1a: Ursaluna|atk|2
|move|p2a: Godzilla|Precipice Blades|p1b: Lunala|[spread] 
|-activate|p1a: Ursaluna|move: Wide Guard
|-activate|p1b: Lunala|move: Wide Guard
|
|-weather|SunnyDay|[upkeep]
|-damage|p1a: Ursaluna|33/100 brn|[from] brn
|upkeep
|turn|3
|j| mistball2
|
|t:|1750717994
|move|p1a: Ursaluna|Facade|p2a: Godzilla
|-damage|p2a: Godzilla|0 fnt
|faint|p2a: Godzilla
|move|p2b: Duende verde|Spirit Break|p1a: Ursaluna
|-damage|p1a: Ursaluna|8/100 brn
|-unboost|p1a: Ursaluna|spa|1
|move|p1b: Lunala|Moongeist Beam|p2b: Duende verde
|-resisted|p2b: Duende verde
|-damage|p2b: Duende verde|34/100
|
|-weather|SunnyDay|[upkeep]
|-damage|p1a: Ursaluna|2/100 brn|[from] brn
|upkeep
|
|t:|1750718007
|switch|p2a: Tinhoso de Pedra|Ogerpon-Cornerstone, L50, F|100/100
|turn|4
|inactive|rei_Arthur_Rei has 30 seconds left.
|
|t:|1750718033
|switch|p1a: Iron Hands|Iron Hands, L50, shiny|100/100
|-activate|p1a: Iron Hands|ability: Quark Drive
|-start|p1a: Iron Hands|quarkdriveatk
|-terastallize|p2b: Duende verde|Ghost
|move|p2a: Tinhoso de Pedra|Spiky Shield|p2a: Tinhoso de Pedra
|-singleturn|p2a: Tinhoso de Pedra|move: Protect
|move|p2b: Duende verde|Spirit Break|p1b: Lunala
|-damage|p1b: Lunala|63/100
|-unboost|p1b: Lunala|spa|1
|move|p1b: Lunala|Moonblast|p2b: Duende verde
|-damage|p2b: Duende verde|18/100
|
|-weather|SunnyDay|[upkeep]
|upkeep
|turn|5
|inactive|SabasVGC has 30 seconds left.
|
|t:|1750718068
|switch|p2a: Dogão|Okidogi, L50, M|100/100
|move|p1a: Iron Hands|Close Combat|p2a: Dogão
|-resisted|p2a: Dogão
|-damage|p2a: Dogão|76/100
|-unboost|p1a: Iron Hands|def|1
|-unboost|p1a: Iron Hands|spd|1
|move|p2b: Duende verde|Spirit Break|p1a: Iron Hands
|-supereffective|p1a: Iron Hands
|-damage|p1a: Iron Hands|38/100
|-unboost|p1a: Iron Hands|spa|1
|move|p1b: Lunala|Moongeist Beam|p2a: Dogão
|-damage|p2a: Dogão|59/100
|
|-weather|none
|-fieldend|move: Trick Room
|-fieldend|move: Electric Terrain
|-end|p1a: Iron Hands|Quark Drive
|upkeep
|turn|6
|inactive|SabasVGC has 30 seconds left.
|inactive|SabasVGC has 20 seconds left.
|inactive|SabasVGC has 15 seconds left.
|inactive|SabasVGC has 10 seconds left.
|inactive|SabasVGC has 5 seconds left.
|
|t:|1750718123
|move|p1b: Lunala|Moonblast|p2b: Duende verde
|-damage|p2b: Duende verde|4/100
|move|p2a: Dogão|Knock Off|p1b: Lunala
|-supereffective|p1b: Lunala
|-damage|p1b: Lunala|12/100
|move|p2b: Duende verde|Spirit Break|p1a: Iron Hands
|-supereffective|p1a: Iron Hands
|-damage|p1a: Iron Hands|0 fnt
|faint|p1a: Iron Hands
|-end|p1a: Iron Hands|Quark Drive|[silent]
|
|upkeep
|
|t:|1750718142
|switch|p1a: Miraidon|Miraidon, L50|100/100
|-fieldstart|move: Electric Terrain|[from] ability: Hadron Engine|[of] p1a: Miraidon
|turn|7
|
|t:|1750718161
|-terastallize|p1a: Miraidon|Fairy
|move|p2b: Duende verde|Thunder Wave|p1a: Miraidon
|-status|p1a: Miraidon|par
|move|p2a: Dogão|Gunk Shot|p1a: Miraidon
|-supereffective|p1a: Miraidon
|-damage|p1a: Miraidon|0 fnt
|faint|p1a: Miraidon
|move|p1b: Lunala|Moonblast|p2a: Dogão
|-damage|p2a: Dogão|48/100
|
|upkeep
|c|☆rei_Arthur_Rei|:)
|-message|SabasVGC forfeited.
|
|win|rei_Arthur_Rei
|raw|SabasVGC's rating: 1633 &rarr; <strong>1610</strong><br />(-23 for losing)
|raw|rei_Arthur_Rei's rating: 1586 &rarr; <strong>1609</strong><br />(+23 for winning)
|l|‽SabasVGC
|player|p1|
