|j|☆WillieDangerously
|j|☆Mgplay69
|t:|1750821984
|gametype|doubles
|player|p1|WillieDangerously|roughneck|1159
|player|p2|Mgplay69|veteran-gen4|1091
|teamsize|p1|6
|teamsize|p2|6
|gen|9
|tier|[Gen 9] VGC 2025 Reg I
|rated|
|rule|Species Clause: Limit one of each Pokémon
|rule|Item Clause: Limit 1 of each item
|clearpoke
|poke|p1|Amoonguss, L50, M|
|poke|p1|Indeedee-F, L50, F|
|poke|p1|Ho-Oh, L50|
|poke|p1|Koraidon, L50|
|poke|p1|Walking Wake, L50|
|poke|p1|Heatran, L50, F|
|poke|p2|Iron Hands, L50|
|poke|p2|Chi-Yu, L50|
|poke|p2|Tornadus, L50, M|
|poke|p2|Urshifu-*, L50, M|
|poke|p2|Flutter Mane, L50|
|poke|p2|Ting-Lu, L50|
|teampreview|4
|
|t:|1750822018
|start
|switch|p1a: Indeedee|Indeedee-F, L50, F|100/100
|switch|p1b: Ho-Oh|Ho-Oh, L50|100/100
|switch|p2a: Urshifu|Urshifu-Rapid-Strike, L50, M|100/100
|switch|p2b: Tornadus|Tornadus, L50, M|100/100
|-fieldstart|move: Psychic Terrain|[from] ability: Psychic Surge|[of] p1a: Indeedee
|turn|1
|inactive|Battle timer is ON: inactive players will automatically lose when time's up. (requested by Mgplay69)
|
|t:|1750822034
|move|p1a: Indeedee|Follow Me|p1a: Indeedee
|-singleturn|p1a: Indeedee|move: Follow Me
|move|p2b: Tornadus|Tailwind|p2b: Tornadus
|-sidestart|p2: Mgplay69|move: Tailwind
|move|p2a: Urshifu|Aqua Jet|p1a: Indeedee
|-activate|p1a: Indeedee|move: Psychic Terrain
|move|p1b: Ho-Oh|Brave Bird|p2a: Urshifu
|-supereffective|p2a: Urshifu
|-damage|p2a: Urshifu|0 fnt
|faint|p2a: Urshifu
|-damage|p1b: Ho-Oh|71/100|[from] Recoil
|
|upkeep
|
|t:|1750822054
|switch|p2a: Flutter Mane|Flutter Mane, L50|100/100
|turn|2
|
|t:|1750822068
|move|p1a: Indeedee|Follow Me|p1a: Indeedee
|-singleturn|p1a: Indeedee|move: Follow Me
|move|p2a: Flutter Mane|Shadow Ball|p1a: Indeedee
|-immune|p1a: Indeedee
|move|p2b: Tornadus|Bleakwind Storm|p1b: Ho-Oh|[spread] p1b
|-miss|p2b: Tornadus|p1a: Indeedee
|-damage|p1b: Ho-Oh|53/100
|move|p1b: Ho-Oh|Light Screen|p1b: Ho-Oh
|-sidestart|p1: WillieDangerously|move: Light Screen
|
|upkeep
|turn|3
|
|t:|1750822085
|-end|p2a: Flutter Mane|Protosynthesis|[silent]
|switch|p2a: Iron Hands|Iron Hands, L50|100/100
|move|p1a: Indeedee|Follow Me|p1a: Indeedee
|-singleturn|p1a: Indeedee|move: Follow Me
|move|p2b: Tornadus|Taunt|p1a: Indeedee
|-activate|p1a: Indeedee|move: Psychic Terrain
|move|p1b: Ho-Oh|Sacred Fire|p2a: Iron Hands
|-damage|p2a: Iron Hands|61/100
|-status|p2a: Iron Hands|brn
|
|-damage|p2a: Iron Hands|55/100 brn|[from] brn
|upkeep
|turn|4
|
|t:|1750822099
|move|p1a: Indeedee|Helping Hand|p1b: Ho-Oh
|-singleturn|p1b: Ho-Oh|Helping Hand|[of] p1a: Indeedee
|move|p2a: Iron Hands|Fake Out|p1b: Ho-Oh
|-hint|Psychic Terrain doesn't affect Pokémon immune to Ground.
|-damage|p1b: Ho-Oh|44/100
|move|p2b: Tornadus|Bleakwind Storm|p1b: Ho-Oh|[spread] p1a,p1b
|-damage|p1a: Indeedee|81/100
|-damage|p1b: Ho-Oh|32/100
|-unboost|p1a: Indeedee|spe|1
|cant|p1b: Ho-Oh|flinch
|
|-damage|p2a: Iron Hands|49/100 brn|[from] brn
|-sideend|p2: Mgplay69|move: Tailwind
|upkeep
|turn|5
|
|t:|1750822118
|switch|p1b: Heatran|Heatran, L50, F|100/100
|-end|p2a: Iron Hands|Quark Drive|[silent]
|switch|p2a: Flutter Mane|Flutter Mane, L50|100/100
|move|p2b: Tornadus|Bleakwind Storm|p1a: Indeedee|[spread] 
|-miss|p2b: Tornadus|p1a: Indeedee
|-miss|p2b: Tornadus|p1b: Heatran
|move|p1a: Indeedee|Alluring Voice|p2b: Tornadus
|-damage|p2b: Tornadus|80/100
|
|-fieldend|move: Psychic Terrain
|upkeep
|turn|6
|
|t:|1750822142
|move|p1a: Indeedee|Helping Hand|p1b: Heatran
|-singleturn|p1b: Heatran|Helping Hand|[of] p1a: Indeedee
|move|p2b: Tornadus|Tailwind|p2b: Tornadus
|-sidestart|p2: Mgplay69|move: Tailwind
|move|p2a: Flutter Mane|Power Gem|p1b: Heatran
|-damage|p1b: Heatran|73/100
|move|p1b: Heatran|Heat Wave|p2b: Tornadus|[spread] p2a,p2b
|-damage|p2a: Flutter Mane|38/100
|-damage|p2b: Tornadus|13/100
|
|-heal|p1b: Heatran|79/100|[from] item: Leftovers
|-sideend|p1: WillieDangerously|move: Light Screen
|upkeep
|turn|7
|
|t:|1750822158
|switch|p2b: Iron Hands|Iron Hands, L50|49/100 brn
|move|p1a: Indeedee|Follow Me|p1a: Indeedee
|-singleturn|p1a: Indeedee|move: Follow Me
|move|p2a: Flutter Mane|Power Gem|p1a: Indeedee
|-damage|p1a: Indeedee|39/100
|move|p1b: Heatran|Heat Wave|p2b: Iron Hands|[spread] p2a,p2b
|-damage|p2a: Flutter Mane|0 fnt
|-damage|p2b: Iron Hands|26/100 brn
|faint|p2a: Flutter Mane
|-end|p2a: Flutter Mane|Protosynthesis|[silent]
|
|-heal|p1b: Heatran|85/100|[from] item: Leftovers
|-damage|p2b: Iron Hands|20/100 brn|[from] brn
|upkeep
|
|t:|1750822166
|switch|p2a: Tornadus|Tornadus, L50, M|13/100
|turn|8
|
|t:|1750822171
|switch|p1a: Ho-Oh|Ho-Oh, L50|65/100
|move|p2a: Tornadus|Tailwind||[still]
|-fail|p2a: Tornadus
|move|p2b: Iron Hands|Drain Punch|p1b: Heatran
|-supereffective|p1b: Heatran
|-damage|p1b: Heatran|40/100
|-heal|p2b: Iron Hands|38/100 brn|[from] drain|[of] p1b: Heatran
|move|p1b: Heatran|Heat Wave|p2a: Tornadus|[spread] p2a,p2b
|-crit|p2a: Tornadus
|-damage|p2a: Tornadus|0 fnt
|-damage|p2b: Iron Hands|15/100 brn
|faint|p2a: Tornadus
|
|-heal|p1b: Heatran|46/100|[from] item: Leftovers
|-damage|p2b: Iron Hands|9/100 brn|[from] brn
|upkeep
|turn|9
|-message|Mgplay69 forfeited.
|
|win|WillieDangerously
|raw|WillieDangerously's rating: 1159 &rarr; <strong>1179</strong><br />(+20 for winning)
|raw|Mgplay69's rating: 1091 &rarr; <strong>1072</strong><br />(-19 for losing)
