|j|☆I don't 123456
|j|‽Glaceon_1704
|t:|1750842194
|gametype|doubles
|player|p1|I don't 123456|1|1101
|player|p2|Glaceon_1704|dawn|1151
|teamsize|p1|6
|teamsize|p2|6
|gen|9
|tier|[Gen 9] VGC 2025 Reg I
|rated|
|rule|Species Clause: Limit one of each Pokémon
|rule|Item Clause: Limit 1 of each item
|clearpoke
|poke|p1|Calyrex-Shadow, L50|
|poke|p1|Zamazenta-*, L50|
|poke|p1|Hydreigon, L50, M|
|poke|p1|Incineroar, L50, M|
|poke|p1|Goodra-Hisui, L50, F|
|poke|p1|Ditto, L50|
|poke|p2|Meowscarada, L50, F|
|poke|p2|Murkrow, L50, F|
|poke|p2|Zacian-*, L50|
|poke|p2|Kyogre, L50|
|poke|p2|Incineroar, L50, F|
|poke|p2|Rillaboom, L50, F|
|teampreview|4
|inactive|Battle timer is ON: inactive players will automatically lose when time's up. (requested by Glaceon_1704)
|
|t:|1750842219
|start
|switch|p1a: Goodra|Goodra-Hisui, L50, F|100/100
|switch|p1b: Zamazenta|Zamazenta-Crowned, L50|100/100
|switch|p2a: Incineroar|Incineroar, L50, F, shiny|100/100
|switch|p2b: Kyogre|Kyogre, L50|100/100
|-ability|p1b: Zamazenta|Dauntless Shield|boost
|-boost|p1b: Zamazenta|def|1
|-weather|RainDance|[from] ability: Drizzle|[of] p2b: Kyogre
|-ability|p2a: Incineroar|Intimidate|boost
|-unboost|p1a: Goodra|atk|1
|-unboost|p1b: Zamazenta|atk|1
|turn|1
|
|t:|1750842242
|move|p1b: Zamazenta|Protect|p1b: Zamazenta
|-singleturn|p1b: Zamazenta|Protect
|move|p1a: Goodra|Protect|p1a: Goodra
|-singleturn|p1a: Goodra|Protect
|move|p2b: Kyogre|Water Spout|p1b: Zamazenta|[spread] 
|-activate|p1a: Goodra|move: Protect
|-activate|p1b: Zamazenta|move: Protect
|move|p2a: Incineroar|Will-O-Wisp|p1b: Zamazenta
|-activate|p1b: Zamazenta|move: Protect
|
|-weather|RainDance|[upkeep]
|upkeep
|turn|2
|inactive|I don't 123456 has 30 seconds left.
|
|t:|1750842273
|-terastallize|p1b: Zamazenta|Water
|-terastallize|p2a: Incineroar|Bug
|move|p2b: Kyogre|Protect|p2b: Kyogre
|-singleturn|p2b: Kyogre|Protect
|move|p1b: Zamazenta|Body Press|p2a: Incineroar
|-resisted|p2a: Incineroar
|-damage|p2a: Incineroar|79/100
|move|p1a: Goodra|Body Press|p2a: Incineroar
|-resisted|p2a: Incineroar
|-damage|p2a: Incineroar|72/100
|move|p2a: Incineroar|Will-O-Wisp|p1b: Zamazenta
|-status|p1b: Zamazenta|brn
|
|-weather|RainDance|[upkeep]
|-damage|p1b: Zamazenta|94/100 brn|[from] brn
|upkeep
|turn|3
|
|t:|1750842296
|switch|p2b: Murkrow|Murkrow, L50, F, shiny|100/100
|move|p1b: Zamazenta|Wide Guard|p1b: Zamazenta
|-singleturn|p1b: Zamazenta|Wide Guard
|move|p2a: Incineroar|Knock Off|p1a: Goodra
|-damage|p1a: Goodra|63/100
|-enditem|p1a: Goodra|Haban Berry|[from] move: Knock Off|[of] p2a: Incineroar
|move|p1a: Goodra|Shelter|p1a: Goodra
|-boost|p1a: Goodra|def|2
|
|-weather|RainDance|[upkeep]
|-damage|p1b: Zamazenta|88/100 brn|[from] brn
|upkeep
|turn|4
|inactive|I don't 123456 has 30 seconds left.
|inactive|Glaceon_1704 has 30 seconds left.
|
|t:|1750842323
|switch|p1b: Incineroar|Incineroar, L50, M|100/100
|-ability|p1b: Incineroar|Intimidate|boost
|-unboost|p2a: Incineroar|atk|1
|-unboost|p2b: Murkrow|atk|1
|move|p2b: Murkrow|Haze|p2b: Murkrow
|-clearallboost
|move|p1a: Goodra|Body Press|p2b: Murkrow
|-damage|p2b: Murkrow|82/100
|move|p2a: Incineroar|Parting Shot|p1a: Goodra
|-unboost|p1a: Goodra|atk|1
|-unboost|p1a: Goodra|spa|1
|
|t:|1750842335
|switch|p2a: Kyogre|Kyogre, L50|100/100|[from] Parting Shot
|
|-weather|RainDance|[upkeep]
|upkeep
|turn|5
|
|t:|1750842350
|move|p2b: Murkrow|Tailwind|p2b: Murkrow
|-sidestart|p2: Glaceon_1704|move: Tailwind
|move|p2a: Kyogre|Water Spout|p1b: Incineroar|[spread] p1a,p1b
|-resisted|p1a: Goodra
|-supereffective|p1b: Incineroar
|-damage|p1a: Goodra|37/100
|-damage|p1b: Incineroar|0 fnt
|faint|p1b: Incineroar
|move|p1a: Goodra|Shelter|p1a: Goodra
|-boost|p1a: Goodra|def|2
|
|-weather|none
|upkeep
|
|t:|1750842356
|switch|p1b: Calyrex|Calyrex-Shadow, L50|100/100
|-ability|p1b: Calyrex|As One
|-ability|p1b: Calyrex|Unnerve
|turn|6
|-message|I don't 123456 forfeited.
|
|win|Glaceon_1704
|raw|I don&apos;t 123456's rating: 1101 &rarr; <strong>1080</strong><br />(-21 for losing)
|raw|Glaceon_1704's rating: 1151 &rarr; <strong>1172</strong><br />(+21 for winning)
|l|☆I don't 123456
|player|p1|
|l|‽Glaceon_1704
|player|p2|
