|j|☆TheDecommissioner
|j|☆FearlyVGC
|t:|1750739960
|gametype|doubles
|player|p1|TheDecommissioner|preschooler|1356
|player|p2|FearlyVGC|lance|1355
|teamsize|p1|6
|teamsize|p2|6
|gen|9
|tier|[Gen 9] VGC 2025 Reg I
|rated|
|rule|Species Clause: Limit one of each Pokémon
|rule|Item Clause: Limit 1 of each item
|clearpoke
|poke|p1|Walking Wake, L50|
|poke|p1|Torkoal, L50, F|
|poke|p1|Indeedee-F, L50, F|
|poke|p1|Koraidon, L50|
|poke|p1|Lilligant-Hisui, L50, F|
|poke|p1|Archaludon, L50, F|
|poke|p2|Calyrex-Shadow, L50|
|poke|p2|Mienshao, L50, F|
|poke|p2|Koraidon, L50|
|poke|p2|Urshifu-*, L50, F|
|poke|p2|Indeedee-F, L50, F|
|poke|p2|Raging Bolt, L50|
|teampreview|4
|inactive|Battle timer is ON: inactive players will automatically lose when time's up. (requested by TheDecommissioner)
FearlyVGC has agreed to open team sheets.
|inactive|TheDecommissioner has 60 seconds left.
|
|t:|1750740003
|start
|switch|p1a: Scotland|Walking Wake, L50|100/100
|switch|p1b: Talking|Lilligant-Hisui, L50, F|100/100
|switch|p2a: Calyrex|Calyrex-Shadow, L50|100/100
|switch|p2b: Indeedee|Indeedee-F, L50, F|100/100
|-ability|p2a: Calyrex|As One
|-ability|p2a: Calyrex|Unnerve
|-fieldstart|move: Psychic Terrain|[from] ability: Psychic Surge|[of] p2b: Indeedee
|-enditem|p1a: Scotland|Booster Energy
|-activate|p1a: Scotland|ability: Protosynthesis|[fromitem]
|-start|p1a: Scotland|protosynthesisspe
|turn|1
|
|t:|1750740023
|-terastallize|p2a: Calyrex|Dark
|move|p2b: Indeedee|Follow Me|p2b: Indeedee
|-singleturn|p2b: Indeedee|move: Follow Me
|move|p1a: Scotland|Snarl|p2b: Indeedee|[spread] p2a,p2b
|-resisted|p2a: Calyrex
|-supereffective|p2b: Indeedee
|-damage|p2a: Calyrex|93/100
|-damage|p2b: Indeedee|78/100
|-unboost|p2b: Indeedee|spa|1
|move|p2a: Calyrex|Nasty Plot|p2a: Calyrex
|-boost|p2a: Calyrex|spa|2
|move|p1b: Talking|Bullet Seed|p2b: Indeedee
|-damage|p2b: Indeedee|65/100
|-damage|p2b: Indeedee|52/100
|-damage|p2b: Indeedee|38/100
|-hitcount|p2b: Indeedee|3
|
|upkeep
|turn|2
|inactive|TheDecommissioner has 30 seconds left.
|
|t:|1750740054
|move|p1a: Scotland|Protect|p1a: Scotland
|-singleturn|p1a: Scotland|Protect
|move|p2b: Indeedee|Follow Me|p2b: Indeedee
|-singleturn|p2b: Indeedee|move: Follow Me
|move|p2a: Calyrex|Astral Barrage|p1b: Talking|[spread] p1b
|-activate|p1a: Scotland|move: Protect
|-damage|p1b: Talking|0 fnt
|faint|p1b: Talking
|-ability|p2a: Calyrex|Grim Neigh|boost
|-boost|p2a: Calyrex|spa|1
|
|upkeep
|
|t:|1750740055
|switch|p1b: Koraidon|Koraidon, L50|100/100
|-weather|SunnyDay|[from] ability: Orichalcum Pulse|[of] p1b: Koraidon
|-activate|p1b: Koraidon|Orichalcum Pulse|[source]
|turn|3
|
|t:|1750740078
|-terastallize|p1b: Koraidon|Fire
|move|p2b: Indeedee|Follow Me|p2b: Indeedee
|-singleturn|p2b: Indeedee|move: Follow Me
|move|p1a: Scotland|Hydro Steam|p2b: Indeedee
|-damage|p2b: Indeedee|0 fnt
|faint|p2b: Indeedee
|move|p1b: Koraidon|Flare Blitz|p2a: Calyrex
|-damage|p2a: Calyrex|0 fnt
|faint|p2a: Calyrex
|-damage|p1b: Koraidon|75/100|[from] Recoil
|
|-weather|SunnyDay|[upkeep]
|upkeep
|
|t:|1750740089
|switch|p2a: Koraidon|Koraidon, L50|100/100
|switch|p2b: Raging Bolt|Raging Bolt, L50|100/100
|-activate|p2a: Koraidon|ability: Orichalcum Pulse
|-activate|p2b: Raging Bolt|ability: Protosynthesis
|-start|p2b: Raging Bolt|protosynthesisspa
|turn|4
|
|t:|1750740109
|switch|p1b: Is|Archaludon, L50, F|100/100
|move|p2a: Koraidon|Protect|p2a: Koraidon
|-singleturn|p2a: Koraidon|Protect
|move|p1a: Scotland|Draco Meteor|p2a: Koraidon
|-activate|p2a: Koraidon|move: Protect
|move|p2b: Raging Bolt|Draco Meteor|p1a: Scotland|[miss]
|-miss|p2b: Raging Bolt|p1a: Scotland
|
|-weather|SunnyDay|[upkeep]
|upkeep
|turn|5
|
|t:|1750740125
|move|p2a: Koraidon|Protect|p2a: Koraidon
|-singleturn|p2a: Koraidon|Protect
|move|p1a: Scotland|Draco Meteor|p2a: Koraidon
|-activate|p2a: Koraidon|move: Protect
|move|p2b: Raging Bolt|Draco Meteor|p1a: Scotland
|-supereffective|p1a: Scotland
|-damage|p1a: Scotland|0 fnt
|-unboost|p2b: Raging Bolt|spa|2
|faint|p1a: Scotland
|-end|p1a: Scotland|Protosynthesis|[silent]
|move|p1b: Is|Snarl|p2a: Koraidon|[spread] p2b
|-activate|p2a: Koraidon|move: Protect
|-damage|p2b: Raging Bolt|94/100
|-unboost|p2b: Raging Bolt|spa|1
|
|-weather|SunnyDay|[upkeep]
|-fieldend|move: Psychic Terrain
|upkeep
|
|t:|1750740128
|switch|p1a: Koraidon|Koraidon, L50, tera:Fire|75/100
|-activate|p1a: Koraidon|ability: Orichalcum Pulse
|turn|6
|
|t:|1750740148
|move|p1a: Koraidon|Dragon Claw|p2a: Koraidon
|-supereffective|p2a: Koraidon
|-damage|p2a: Koraidon|0 fnt
|faint|p2a: Koraidon
|move|p2b: Raging Bolt|Draco Meteor|p1b: Is
|-damage|p1b: Is|79/100
|-unboost|p2b: Raging Bolt|spa|2
|-ability|p1b: Is|Stamina|boost
|-boost|p1b: Is|def|1
|move|p1b: Is|Body Press|p2b: Raging Bolt
|-damage|p2b: Raging Bolt|69/100
|
|-weather|SunnyDay|[upkeep]
|upkeep
|turn|7
|-message|FearlyVGC forfeited.
|
|win|TheDecommissioner
|raw|TheDecommissioner's rating: 1356 &rarr; <strong>1376</strong><br />(+20 for winning)
|raw|FearlyVGC's rating: 1355 &rarr; <strong>1335</strong><br />(-20 for losing)
|l|☆FearlyVGC
|player|p2|
|l|☆TheDecommissioner
|player|p1|
