|j|☆HecklerSupreme
|j|☆Ludikrik
|t:|1750859444
|gametype|doubles
|player|p1|HecklerSupreme|2|1559
|player|p2|Ludikrik|chili|1556
|teamsize|p1|6
|teamsize|p2|6
|gen|9
|tier|[Gen 9] VGC 2025 Reg I
|rated|
|rule|Species Clause: Limit one of each Pokémon
|rule|Item Clause: Limit 1 of each item
|clearpoke
|poke|p1|Palkia, L50|
|poke|p1|Calyrex-Ice, L50|
|poke|p1|Smeargle, L50, M|
|poke|p1|Hitmontop, L50, M|
|poke|p1|Annihilape, L50, F|
|poke|p1|Entei, L50|
|poke|p2|Groudon, L50|
|poke|p2|Lunala, L50|
|poke|p2|Scream Tail, L50|
|poke|p2|Incineroar, L50, F|
|poke|p2|Grimmsnarl, L50, M|
|poke|p2|Rillaboom, L50, F|
|teampreview|4
|inactive|Battle timer is ON: inactive players will automatically lose when time's up. (requested by HecklerSupreme)
Ludikrik has agreed to open team sheets.
HecklerSupreme has agreed to open team sheets.
|showteam|p1|Palkia||LustrousOrb|Pressure|Protect,TrickRoom,SpacialRend,HydroPump||||||50|,,,,,Grass]Calyrex-Ice||ClearAmulet|AsOneGlastrier|Protect,TrickRoom,GlacialLance,HighHorsepower||||||50|,,,,,Fairy]Smeargle||FocusSash|Moody|Spore,FakeOut,FollowMe,Decorate|||M|||50|,,,,,Ghost]Hitmontop||RockyHelmet|Intimidate|FakeOut,Feint,WideGuard,BrickBreak|||M|||50|,,,,,Steel]Annihilape||ChoiceScarf|Defiant|Coaching,CloseCombat,ShadowClaw,FinalGambit|||F|||50|,,,,,Fighting]Entei||AssaultVest|InnerFocus|SacredFire,Snarl,StompingTantrum,ExtremeSpeed||||||50|,,,,,Grass
|showteam|p2|Groudon||ClearAmulet|Drought|PrecipiceBlades,HeatCrash,Protect,HighHorsepower||||||50|,,,,,Fire]Lunala||Leftovers|ShadowShield|MoongeistBeam,Moonblast,Protect,CalmMind||||||50|,,,,,Fairy]Scream Tail||BoosterEnergy|Protosynthesis|DazzlingGleam,Encore,Disable,Protect||||||50|,,,,,Dark]Incineroar||RockyHelmet|Intimidate|FakeOut,KnockOff,PartingShot,FlareBlitz|||F|||50|,,,,,Bug]Grimmsnarl||LightClay|Prankster|Taunt,LightScreen,Reflect,ThunderWave|||M|||50|,,,,,Ghost]Rillaboom||AssaultVest|GrassySurge|FakeOut,WoodHammer,GrassyGlide,Uturn|||F|||50|,,,,,Fire
|inactive|Ludikrik has 60 seconds left.
|
|t:|1750859489
|start
|switch|p1a: Entei|Entei, L50, shiny|100/100
|switch|p1b: Smeargle|Smeargle, L50, M|100/100
|switch|p2a: Très Skillé|Grimmsnarl, L50, M|100/100
|switch|p2b: Rillaboom|Rillaboom, L50, F|100/100
|-fieldstart|move: Grassy Terrain|[from] ability: Grassy Surge|[of] p2b: Rillaboom
|turn|1
|inactive|HecklerSupreme has 30 seconds left.
|
|t:|1750859516
|move|p1b: Smeargle|Fake Out|p2a: Très Skillé
|-damage|p2a: Très Skillé|96/100
|move|p2b: Rillaboom|Fake Out|p1b: Smeargle
|-damage|p1b: Smeargle|73/100
|cant|p2a: Très Skillé|flinch
|move|p1a: Entei|Sacred Fire|p2b: Rillaboom
|-supereffective|p2b: Rillaboom
|-damage|p2b: Rillaboom|0 fnt
|faint|p2b: Rillaboom
|
|-heal|p1b: Smeargle|79/100|[from] Grassy Terrain
|-heal|p2a: Très Skillé|100/100|[from] Grassy Terrain
|-ability|p1b: Smeargle|Moody|boost
|-boost|p1b: Smeargle|spe|2
|-unboost|p1b: Smeargle|def|1
|upkeep
|
|t:|1750859529
|switch|p2b: Goudron|Groudon, L50|100/100
|-weather|SunnyDay|[from] ability: Drought|[of] p2b: Goudron
|turn|2
|
|t:|1750859549
|switch|p1b: Palkia|Palkia, L50|100/100
|-ability|p1b: Palkia|Pressure
|switch|p1a: Calyrex|Calyrex-Ice, L50|100/100
|-ability|p1a: Calyrex|As One
|-ability|p1a: Calyrex|Unnerve
|-terastallize|p2b: Goudron|Fire
|move|p2a: Très Skillé|Taunt|p1b: Palkia
|-start|p1b: Palkia|move: Taunt
|move|p2b: Goudron|Precipice Blades|p1b: Palkia|[spread] p1a,p1b
|-damage|p1a: Calyrex|72/100
|-damage|p1b: Palkia|51/100
|
|-weather|SunnyDay|[upkeep]
|-heal|p1b: Palkia|57/100|[from] Grassy Terrain
|-heal|p1a: Calyrex|78/100|[from] Grassy Terrain
|upkeep
|turn|3
|inactive|HecklerSupreme has 30 seconds left.
|
|t:|1750859578
|-terastallize|p1b: Palkia|Grass
|move|p2a: Très Skillé|Taunt|p1a: Calyrex
|-start|p1a: Calyrex|move: Taunt
|move|p1b: Palkia|Spacial Rend|p2b: Goudron|[miss]
|-miss|p1b: Palkia|p2b: Goudron
|move|p2b: Goudron|Precipice Blades|p1a: Calyrex|[spread] p1a,p1b
|-resisted|p1b: Palkia
|-damage|p1a: Calyrex|48/100
|-damage|p1b: Palkia|34/100
|move|p1a: Calyrex|High Horsepower|p2b: Goudron
|-supereffective|p2b: Goudron
|-damage|p2b: Goudron|45/100
|
|-weather|SunnyDay|[upkeep]
|-heal|p1b: Palkia|40/100|[from] Grassy Terrain
|-heal|p2b: Goudron|51/100|[from] Grassy Terrain
|-heal|p1a: Calyrex|54/100|[from] Grassy Terrain
|upkeep
|turn|4
|
|t:|1750859600
|switch|p1b: Smeargle|Smeargle, L50, M|79/100
|move|p2b: Goudron|Protect|p2b: Goudron
|-singleturn|p2b: Goudron|Protect
|move|p2a: Très Skillé|Thunder Wave|p1b: Smeargle
|-status|p1b: Smeargle|par
|move|p1a: Calyrex|High Horsepower|p2b: Goudron
|-activate|p2b: Goudron|move: Protect
|
|-weather|SunnyDay|[upkeep]
|-heal|p2b: Goudron|57/100|[from] Grassy Terrain
|-heal|p1a: Calyrex|59/100|[from] Grassy Terrain
|-heal|p1b: Smeargle|85/100 par|[from] Grassy Terrain
|-ability|p1b: Smeargle|Moody|boost
|-boost|p1b: Smeargle|spd|2
|-unboost|p1b: Smeargle|def|1
|upkeep
|turn|5
|
|t:|1750859625
|switch|p2b: Moom|Lunala, L50|100/100
|move|p2a: Très Skillé|Taunt|p1b: Smeargle
|-start|p1b: Smeargle|move: Taunt
|move|p1a: Calyrex|Glacial Lance|p2b: Moom|[spread] p2a,p2b
|-damage|p2a: Très Skillé|32/100
|-damage|p2b: Moom|78/100
|cant|p1b: Smeargle|move: Taunt|Spore
|
|-weather|SunnyDay|[upkeep]
|-heal|p2b: Moom|84/100|[from] Grassy Terrain
|-heal|p2b: Moom|90/100|[from] item: Leftovers
|-heal|p2a: Très Skillé|38/100|[from] Grassy Terrain
|-heal|p1a: Calyrex|65/100|[from] Grassy Terrain
|-heal|p1b: Smeargle|91/100 par|[from] Grassy Terrain
|-end|p1a: Calyrex|move: Taunt
|-fieldend|move: Grassy Terrain
|-ability|p1b: Smeargle|Moody|boost
|-boost|p1b: Smeargle|spe|2
|-unboost|p1b: Smeargle|spa|1
|upkeep
|turn|6
|
|t:|1750859646
|switch|p1b: Entei|Entei, L50, shiny|100/100
|move|p1a: Calyrex|Protect|p1a: Calyrex
|-singleturn|p1a: Calyrex|Protect
|move|p2a: Très Skillé|Reflect|p2a: Très Skillé
|-sidestart|p2: Ludikrik|Reflect
|move|p2b: Moom|Calm Mind|p2b: Moom
|-boost|p2b: Moom|spa|1
|-boost|p2b: Moom|spd|1
|
|-weather|none
|-heal|p2b: Moom|96/100|[from] item: Leftovers
|upkeep
|turn|7
|
|t:|1750859660
|switch|p2a: Goudron|Groudon, L50, tera:Fire|57/100
|-weather|SunnyDay|[from] ability: Drought|[of] p2a: Goudron
|move|p1b: Entei|Snarl|p2a: Goudron|[spread] p2a,p2b
|-supereffective|p2b: Moom
|-damage|p2a: Goudron|50/100
|-damage|p2b: Moom|81/100
|-unboost|p2b: Moom|spa|1
|move|p2b: Moom|Moongeist Beam|p1a: Calyrex
|-supereffective|p1a: Calyrex
|-damage|p1a: Calyrex|0 fnt
|faint|p1a: Calyrex
|
|-weather|SunnyDay|[upkeep]
|-heal|p2b: Moom|88/100|[from] item: Leftovers
|upkeep
|
|t:|1750859675
|switch|p1a: Palkia|Palkia, L50, tera:Grass|40/100
|-ability|p1a: Palkia|Pressure
|turn|8
|
|t:|1750859690
|move|p2a: Goudron|Protect|p2a: Goudron
|-singleturn|p2a: Goudron|Protect
|move|p1b: Entei|Snarl|p2b: Moom|[spread] p2b
|-activate|p2a: Goudron|move: Protect
|-supereffective|p2b: Moom
|-damage|p2b: Moom|73/100
|-unboost|p2b: Moom|spa|1
|move|p2b: Moom|Moonblast|p1a: Palkia
|-damage|p1a: Palkia|23/100
|-unboost|p1a: Palkia|spa|1
|move|p1a: Palkia|Spacial Rend|p2a: Goudron
|-activate|p2a: Goudron|move: Protect
|
|-weather|SunnyDay|[upkeep]
|-heal|p2b: Moom|79/100|[from] item: Leftovers
|upkeep
|turn|9
|inactive|HecklerSupreme has 30 seconds left.
|
|t:|1750859723
|switch|p2a: Très Skillé|Grimmsnarl, L50, M|38/100
|move|p1b: Entei|Snarl|p2b: Moom|[spread] p2a,p2b
|-resisted|p2a: Très Skillé
|-supereffective|p2b: Moom
|-damage|p2a: Très Skillé|37/100
|-damage|p2b: Moom|66/100
|-unboost|p2a: Très Skillé|spa|1
|-unboost|p2b: Moom|spa|1
|move|p2b: Moom|Calm Mind|p2b: Moom
|-boost|p2b: Moom|spa|1
|-boost|p2b: Moom|spd|1
|move|p1a: Palkia|Hydro Pump|p2a: Très Skillé|[miss]
|-miss|p1a: Palkia|p2a: Très Skillé
|
|-weather|SunnyDay|[upkeep]
|-heal|p2b: Moom|72/100|[from] item: Leftovers
|upkeep
|turn|10
|inactive|Ludikrik has 30 seconds left.
|inactive|Ludikrik has 20 seconds left.
|inactive|Ludikrik has 15 seconds left.
|
|t:|1750859768
|switch|p1a: Smeargle|Smeargle, L50, M|91/100 par
|move|p2a: Très Skillé|Thunder Wave|p1a: Smeargle
|-fail|p1a: Smeargle|par
|move|p1b: Entei|Sacred Fire|p2a: Très Skillé
|-damage|p2a: Très Skillé|0 fnt
|faint|p2a: Très Skillé
|move|p2b: Moom|Moongeist Beam|p1a: Smeargle
|-immune|p1a: Smeargle
|
|-weather|SunnyDay|[upkeep]
|-heal|p2b: Moom|78/100|[from] item: Leftovers
|-ability|p1a: Smeargle|Moody|boost
|-boost|p1a: Smeargle|def|2
|-unboost|p1a: Smeargle|spa|1
|upkeep
|
|t:|1750859772
|switch|p2a: Goudron|Groudon, L50, tera:Fire|50/100
|turn|11
|
|t:|1750859791
|move|p1a: Smeargle|Fake Out|p2a: Goudron
|-damage|p2a: Goudron|47/100
|move|p1b: Entei|Sacred Fire|p2b: Moom
|-damage|p2b: Moom|34/100
|-status|p2b: Moom|brn
|move|p2b: Moom|Moonblast|p1a: Smeargle
|-damage|p1a: Smeargle|46/100 par
|cant|p2a: Goudron|flinch
|
|-weather|none
|-heal|p2b: Moom|40/100 brn|[from] item: Leftovers
|-damage|p2b: Moom|34/100 brn|[from] brn
|-ability|p1a: Smeargle|Moody|boost
|-boost|p1a: Smeargle|spe|2
|-unboost|p1a: Smeargle|def|1
|upkeep
|turn|12
|
|t:|1750859808
|cant|p1a: Smeargle|par
|move|p1b: Entei|Stomping Tantrum|p2a: Goudron
|-supereffective|p2a: Goudron
|-crit|p2a: Goudron
|-damage|p2a: Goudron|1/100
|move|p2b: Moom|Moonblast|p1a: Smeargle
|-damage|p1a: Smeargle|1/100 par
|move|p2a: Goudron|Precipice Blades|p1a: Smeargle|[spread] 
|-miss|p2a: Goudron|p1a: Smeargle
|-miss|p2a: Goudron|p1b: Entei
|
|-heal|p2b: Moom|40/100 brn|[from] item: Leftovers
|-damage|p2b: Moom|34/100 brn|[from] brn
|-ability|p1a: Smeargle|Moody|boost
|-boost|p1a: Smeargle|spd|2
|-unboost|p1a: Smeargle|spa|1
|upkeep
|turn|13
|-message|Ludikrik forfeited.
|
|win|HecklerSupreme
|raw|HecklerSupreme's rating: 1559 &rarr; <strong>1579</strong><br />(+20 for winning)
|raw|Ludikrik's rating: 1556 &rarr; <strong>1536</strong><br />(-20 for losing)
|l|☆Ludikrik
|player|p2|
|l|☆HecklerSupreme
|player|p1|
