|j|☆ness#1glazer
|j|☆mirp4234
|t:|1750807892
|gametype|doubles
|player|p1|ness#1glazer|n|1252
|player|p2|mirp4234|1|1175
|teamsize|p1|6
|teamsize|p2|6
|gen|9
|tier|[Gen 9] VGC 2025 Reg I
|rated|
|rule|Species Clause: Limit one of each Pokémon
|rule|Item Clause: Limit 1 of each item
|clearpoke
|poke|p1|Rillaboom, L50, M|
|poke|p1|Calyrex-Shadow, L50|
|poke|p1|Zamazenta-*, L50|
|poke|p1|Incineroar, L50, F|
|poke|p1|Raging Bolt, L50|
|poke|p1|Indeedee-F, L50, F|
|poke|p2|Miraidon, L50|
|poke|p2|Chien-Pao, L50|
|poke|p2|Ceruledge, L50, M|
|poke|p2|Farigiraf, L50, M|
|poke|p2|Lunala, L50|
|poke|p2|Incineroar, L50, F|
|teampreview|4
ness#1glazer rejected open team sheets.
|inactive|Battle timer is ON: inactive players will automatically lose when time's up. (requested by mirp4234)
|
|t:|1750807948
|start
|switch|p1a: Indeedee|Indeedee-F, L50, F|100/100
|switch|p1b: Zamazenta|Zamazenta-Crowned, L50|100/100
|switch|p2a: Chien-Pao|Chien-Pao, L50|100/100
|switch|p2b: Farigiraf|Farigiraf, L50, M|100/100
|-ability|p2a: Chien-Pao|Sword of Ruin
|-ability|p1b: Zamazenta|Dauntless Shield|boost
|-boost|p1b: Zamazenta|def|1
|-fieldstart|move: Psychic Terrain|[from] ability: Psychic Surge|[of] p1a: Indeedee
|turn|1
|
|t:|1750807967
|switch|p2a: Ceruledge|Ceruledge, L50, M|100/100
|move|p1a: Indeedee|Follow Me|p1a: Indeedee
|-singleturn|p1a: Indeedee|move: Follow Me
|move|p1b: Zamazenta|Body Press|p2a: Ceruledge
|-immune|p2a: Ceruledge
|move|p2b: Farigiraf|Imprison|p2b: Farigiraf
|-start|p2b: Farigiraf|move: Imprison
|
|upkeep
|turn|2
|inactive|ness#1glazer has 30 seconds left.
|
|t:|1750807995
|switch|p1a: Calyrex|Calyrex-Shadow, L50|100/100
|-ability|p1a: Calyrex|As One
|-ability|p1a: Calyrex|Unnerve
|move|p2b: Farigiraf|Protect|p2b: Farigiraf
|-singleturn|p2b: Farigiraf|Protect
|move|p1b: Zamazenta|Iron Defense|p1b: Zamazenta
|-boost|p1b: Zamazenta|def|2
|move|p2a: Ceruledge|Bitter Blade|p1a: Calyrex
|-damage|p1a: Calyrex|23/100
|-damage|p2a: Ceruledge|91/100|[from] item: Life Orb
|
|upkeep
|turn|3
|
|t:|1750808010
|move|p2a: Ceruledge|Shadow Sneak|p1a: Calyrex
|-activate|p1a: Calyrex|move: Psychic Terrain
|move|p1a: Calyrex|Astral Barrage|p2a: Ceruledge|[spread] p2a
|-immune|p2b: Farigiraf
|-supereffective|p2a: Ceruledge
|-damage|p2a: Ceruledge|0 fnt
|faint|p2a: Ceruledge
|-ability|p1a: Calyrex|Grim Neigh|boost
|-boost|p1a: Calyrex|spa|1
|move|p1b: Zamazenta|Body Press|p2b: Farigiraf
|-crit|p2b: Farigiraf
|-damage|p2b: Farigiraf|0 fnt
|faint|p2b: Farigiraf
|
|upkeep
|
|t:|1750808021
|switch|p2a: Chien-Pao|Chien-Pao, L50|100/100
|switch|p2b: Miraidon|Miraidon, L50|100/100
|-fieldstart|move: Electric Terrain|[from] ability: Hadron Engine|[of] p2b: Miraidon
|-ability|p2a: Chien-Pao|Sword of Ruin
|turn|4
|
|t:|1750808037
|-terastallize|p2b: Miraidon|Fairy
|-terastallize|p1b: Zamazenta|Grass
|move|p1a: Calyrex|Protect|p1a: Calyrex
|-singleturn|p1a: Calyrex|Protect
|move|p2a: Chien-Pao|Sucker Punch||[still]
|-fail|p2a: Chien-Pao
|move|p2b: Miraidon|Dazzling Gleam|p1a: Calyrex|[spread] p1b
|-activate|p1a: Calyrex|move: Protect
|-damage|p1b: Zamazenta|69/100
|move|p1b: Zamazenta|Body Press|p2a: Chien-Pao
|-supereffective|p2a: Chien-Pao
|-enditem|p2a: Chien-Pao|Focus Sash
|-damage|p2a: Chien-Pao|1/100
|
|upkeep
|turn|5
|inactive|ness#1glazer has 30 seconds left.
|inactive|ness#1glazer has 20 seconds left.
|inactive|ness#1glazer has 15 seconds left.
|
|t:|1750808077
|switch|p1a: Incineroar|Incineroar, L50, F|100/100
|-ability|p1a: Incineroar|Intimidate|boost
|-unboost|p2a: Chien-Pao|atk|1
|-unboost|p2b: Miraidon|atk|1
|switch|p1b: Indeedee|Indeedee-F, L50, F|100/100
|-fieldstart|move: Psychic Terrain|[from] ability: Psychic Surge|[of] p1b: Indeedee
|move|p2b: Miraidon|Dazzling Gleam|p1a: Incineroar|[spread] p1a,p1b
|-damage|p1a: Incineroar|70/100
|-damage|p1b: Indeedee|76/100
|move|p2a: Chien-Pao|Icicle Crash|p1b: Indeedee
|-damage|p1b: Indeedee|28/100
|-enditem|p1b: Indeedee|Sitrus Berry|[eat]
|-heal|p1b: Indeedee|53/100|[from] item: Sitrus Berry
|
|upkeep
|turn|6
|inactive|ness#1glazer has 30 seconds left.
|inactive|ness#1glazer has 20 seconds left.
|inactive|ness#1glazer has 15 seconds left.
|
|t:|1750808122
|move|p2a: Chien-Pao|Protect|p2a: Chien-Pao
|-singleturn|p2a: Chien-Pao|Protect
|move|p1b: Indeedee|Follow Me|p1b: Indeedee
|-singleturn|p1b: Indeedee|move: Follow Me
|move|p2b: Miraidon|Dazzling Gleam|p1a: Incineroar|[spread] p1a,p1b
|-damage|p1a: Incineroar|41/100
|-damage|p1b: Indeedee|26/100
|move|p1a: Incineroar|Parting Shot|p2a: Chien-Pao
|-activate|p2a: Chien-Pao|move: Protect
|
|upkeep
|turn|7
|
|t:|1750808142
|switch|p1a: Zamazenta|Zamazenta-Crowned, L50, tera:Grass|69/100
|move|p2b: Miraidon|Dazzling Gleam|p1b: Indeedee|[spread] p1a,p1b
|-damage|p1a: Zamazenta|45/100
|-damage|p1b: Indeedee|0 fnt
|faint|p1b: Indeedee
|move|p2a: Chien-Pao|Throat Chop|p1a: Zamazenta
|-damage|p1a: Zamazenta|28/100
|-start|p1a: Zamazenta|Throat Chop|[silent]
|
|upkeep
|
|t:|1750808149
|switch|p1b: Calyrex|Calyrex-Shadow, L50|23/100
|-ability|p1b: Calyrex|As One
|-ability|p1b: Calyrex|Unnerve
|turn|8
|
|t:|1750808161
|move|p1a: Zamazenta|Wide Guard|p1a: Zamazenta
|-singleturn|p1a: Zamazenta|Wide Guard
|move|p2b: Miraidon|Dazzling Gleam|p1b: Calyrex|[spread] 
|-activate|p1a: Zamazenta|move: Wide Guard
|-activate|p1b: Calyrex|move: Wide Guard
|move|p1b: Calyrex|Astral Barrage|p2a: Chien-Pao|[spread] p2a,p2b
|-resisted|p2a: Chien-Pao
|-damage|p2a: Chien-Pao|0 fnt
|-damage|p2b: Miraidon|55/100
|faint|p2a: Chien-Pao
|-ability|p1b: Calyrex|Grim Neigh|boost
|-boost|p1b: Calyrex|spa|1
|
|-end|p1a: Zamazenta|Throat Chop|[silent]
|upkeep
|turn|9
|-message|mirp4234 forfeited.
|
|win|ness#1glazer
|raw|ness#1glazer's rating: 1252 &rarr; <strong>1272</strong><br />(+20 for winning)
|raw|mirp4234's rating: 1175 &rarr; <strong>1155</strong><br />(-20 for losing)
|l|☆mirp4234
|player|p2|
