|j|☆logmonster
|j|☆seanmocziczi
|t:|1750863071
|gametype|doubles
|player|p1|logmonster|n|1082
|player|p2|seanmocziczi|266|1101
|teamsize|p1|6
|teamsize|p2|6
|gen|9
|tier|[Gen 9] VGC 2025 Reg I
|rated|
|rule|Species Clause: Limit one of each Pokémon
|rule|Item Clause: Limit 1 of each item
|clearpoke
|poke|p1|Eternatus, L50|
|poke|p1|Ho-Oh, L50|
|poke|p1|Incineroar, L50, F|
|poke|p1|Rillaboom, L50, F|
|poke|p1|Grimmsnarl, L50, M|
|poke|p1|Ogerpon-Cornerstone, L50, F|
|poke|p2|Rayquaza, L50|
|poke|p2|Whimsicott, L50, F|
|poke|p2|Incineroar, L50, M|
|poke|p2|Dialga-Origin, L50|
|poke|p2|Tornadus, L50, M|
|poke|p2|Mamoswine, L50, F|
|teampreview|4
logmonster rejected open team sheets.
|inactive|Battle timer is ON: inactive players will automatically lose when time's up. (requested by seanmocziczi)
|inactive|logmonster has 60 seconds left.
|
|t:|1750863148
|start
|switch|p1a: Ogerpon|Ogerpon-Cornerstone, L50, F|100/100
|switch|p1b: Ho-Oh|Ho-Oh, L50|100/100
|switch|p2a: Tornadus|Tornadus, L50, M|100/100
|switch|p2b: Dialga|Dialga-Origin, L50|100/100
|turn|1
|inactive|seanmocziczi has 30 seconds left.
|
|t:|1750863174
|move|p2b: Dialga|Protect|p2b: Dialga
|-singleturn|p2b: Dialga|Protect
|move|p2a: Tornadus|Tailwind|p2a: Tornadus
|-sidestart|p2: seanmocziczi|move: Tailwind
|move|p1a: Ogerpon|Ivy Cudgel|p2a: Tornadus|[anim] Ivy Cudgel Rock
|-supereffective|p2a: Tornadus
|-damage|p2a: Tornadus|0 fnt
|faint|p2a: Tornadus
|move|p1b: Ho-Oh|Sacred Fire|p2b: Dialga
|-activate|p2b: Dialga|move: Protect
|
|upkeep
|
|t:|1750863194
|switch|p2a: Mamoswine|Mamoswine, L50, F|100/100
|turn|2
|
|t:|1750863217
|move|p2b: Dialga|Draco Meteor|p1b: Ho-Oh
|-damage|p1b: Ho-Oh|41/100
|-unboost|p2b: Dialga|spa|2
|move|p2a: Mamoswine|Earthquake|p1a: Ogerpon|[spread] p1a
|-activate|p2b: Dialga|ability: Telepathy
|-immune|p1b: Ho-Oh
|-damage|p1a: Ogerpon|41/100
|move|p1a: Ogerpon|Ivy Cudgel|p2a: Mamoswine|[anim] Ivy Cudgel Rock
|-damage|p2a: Mamoswine|44/100
|move|p1b: Ho-Oh|Sacred Fire|p2b: Dialga
|-damage|p2b: Dialga|70/100
|-status|p2b: Dialga|brn
|
|-damage|p2b: Dialga|64/100 brn|[from] brn
|upkeep
|turn|3
|inactive|logmonster has 30 seconds left.
|
|t:|1750863246
|move|p1a: Ogerpon|Spiky Shield|p1a: Ogerpon
|-singleturn|p1a: Ogerpon|move: Protect
|move|p2b: Dialga|Draco Meteor|p1b: Ho-Oh
|-damage|p1b: Ho-Oh|15/100
|-unboost|p2b: Dialga|spa|2
|move|p2a: Mamoswine|Earthquake|p1a: Ogerpon|[spread] 
|-activate|p1a: Ogerpon|move: Protect
|-activate|p2b: Dialga|ability: Telepathy
|-immune|p1b: Ho-Oh
|move|p1b: Ho-Oh|Life Dew|p1b: Ho-Oh|[spread] p1a,p1b
|-heal|p1a: Ogerpon|66/100
|-heal|p1b: Ho-Oh|39/100
|
|-damage|p2b: Dialga|58/100 brn|[from] brn
|upkeep
|turn|4
|
|t:|1750863270
|move|p1a: Ogerpon|Follow Me|p1a: Ogerpon
|-singleturn|p1a: Ogerpon|move: Follow Me
|move|p2b: Dialga|Draco Meteor|p1a: Ogerpon
|-damage|p1a: Ogerpon|23/100
|-unboost|p2b: Dialga|spa|2
|move|p2a: Mamoswine|Icicle Crash|p1a: Ogerpon
|-supereffective|p1a: Ogerpon
|-damage|p1a: Ogerpon|0 fnt
|faint|p1a: Ogerpon
|move|p1b: Ho-Oh|Sacred Fire|p2a: Mamoswine
|-supereffective|p2a: Mamoswine
|-damage|p2a: Mamoswine|0 fnt
|faint|p2a: Mamoswine
|
|-damage|p2b: Dialga|52/100 brn|[from] brn
|-sideend|p2: seanmocziczi|move: Tailwind
|upkeep
|
|t:|1750863287
|switch|p1a: Grimmsnarl|Grimmsnarl, L50, M|100/100
|switch|p2a: Rayquaza|Rayquaza, L50|100/100
|-ability|p2a: Rayquaza|Air Lock
|turn|5
|
|t:|1750863296
|switch|p1b: Eternatus|Eternatus, L50|100/100
|-ability|p1b: Eternatus|Pressure
|move|p2a: Rayquaza|Protect|p2a: Rayquaza
|-singleturn|p2a: Rayquaza|Protect
|move|p2b: Dialga|Protect|p2b: Dialga
|-singleturn|p2b: Dialga|Protect
|move|p1a: Grimmsnarl|Parting Shot|p2a: Rayquaza
|-activate|p2a: Rayquaza|move: Protect
|
|-damage|p2b: Dialga|46/100 brn|[from] brn
|upkeep
|turn|6
|inactive|seanmocziczi has 30 seconds left.
|
|t:|1750863326
|switch|p1b: Ho-Oh|Ho-Oh, L50|73/100
|-terastallize|p2a: Rayquaza|Normal
|move|p1a: Grimmsnarl|Parting Shot|p2a: Rayquaza
|-unboost|p2a: Rayquaza|atk|1
|-unboost|p2a: Rayquaza|spa|1
|
|t:|1750863333
|switch|p1a: Eternatus|Eternatus, L50|100/100|[from] Parting Shot
|-ability|p1a: Eternatus|Pressure
|move|p2a: Rayquaza|Swords Dance|p2a: Rayquaza
|-boost|p2a: Rayquaza|atk|2
|move|p2b: Dialga|Draco Meteor|p1b: Ho-Oh|[miss]
|-miss|p2b: Dialga|p1b: Ho-Oh
|
|-damage|p2b: Dialga|41/100 brn|[from] brn
|upkeep
|turn|7
|inactive|logmonster has 30 seconds left.
|inactive|logmonster has 20 seconds left.
|
|t:|1750863369
|switch|p1b: Grimmsnarl|Grimmsnarl, L50, M|100/100
|-terastallize|p1a: Eternatus|Grass
|move|p2a: Rayquaza|Extreme Speed|p1b: Grimmsnarl
|-damage|p1b: Grimmsnarl|6/100
|-damage|p2a: Rayquaza|91/100|[from] item: Life Orb
|move|p1a: Eternatus|Sludge Bomb|p2a: Rayquaza
|-damage|p2a: Rayquaza|47/100
|move|p2b: Dialga|Draco Meteor|p1a: Eternatus
|-damage|p1a: Eternatus|84/100
|
|-heal|p1a: Eternatus|90/100|[from] item: Leftovers
|-damage|p2b: Dialga|35/100 brn|[from] brn
|upkeep
|turn|8
|
|t:|1750863391
|move|p2a: Rayquaza|Protect|p2a: Rayquaza
|-singleturn|p2a: Rayquaza|Protect
|move|p1b: Grimmsnarl|Reflect|p1b: Grimmsnarl
|-sidestart|p1: logmonster|Reflect
|move|p1a: Eternatus|Cosmic Power|p1a: Eternatus
|-boost|p1a: Eternatus|def|1
|-boost|p1a: Eternatus|spd|1
|move|p2b: Dialga|Flash Cannon|p1b: Grimmsnarl
|-supereffective|p1b: Grimmsnarl
|-damage|p1b: Grimmsnarl|0 fnt
|faint|p1b: Grimmsnarl
|
|-heal|p1a: Eternatus|96/100|[from] item: Leftovers
|-damage|p2b: Dialga|29/100 brn|[from] brn
|upkeep
|
|t:|1750863403
|switch|p1b: Ho-Oh|Ho-Oh, L50|100/100
|turn|9
|
|t:|1750863412
|move|p2b: Dialga|Protect|p2b: Dialga
|-singleturn|p2b: Dialga|Protect
|move|p1a: Eternatus|Cosmic Power|p1a: Eternatus
|-boost|p1a: Eternatus|def|1
|-boost|p1a: Eternatus|spd|1
|move|p2a: Rayquaza|Dragon Ascent|p1a: Eternatus
|-supereffective|p1a: Eternatus
|-damage|p1a: Eternatus|37/100
|-unboost|p2a: Rayquaza|def|1
|-unboost|p2a: Rayquaza|spd|1
|-damage|p2a: Rayquaza|37/100|[from] item: Life Orb
|move|p1b: Ho-Oh|Sacred Fire|p2a: Rayquaza
|-damage|p2a: Rayquaza|0 fnt
|faint|p2a: Rayquaza
|
|-heal|p1a: Eternatus|43/100|[from] item: Leftovers
|-damage|p2b: Dialga|23/100 brn|[from] brn
|upkeep
|turn|10
|-message|seanmocziczi forfeited.
|
|win|logmonster
|raw|logmonster's rating: 1082 &rarr; <strong>1111</strong><br />(+29 for winning)
|raw|seanmocziczi's rating: 1101 &rarr; <strong>1075</strong><br />(-26 for losing)
|l|☆seanmocziczi
|player|p2|
