|j|☆ocean1412
|j|☆Lei43
|t:|1750832102
|gametype|doubles
|player|p1|ocean1412|roxie|
|player|p2|Lei43|unknown|
|teamsize|p1|6
|teamsize|p2|6
|gen|9
|tier|[Gen 9] VGC 2025 Reg I
|rule|Species Clause: Limit one of each Pokémon
|rule|Item Clause: Limit 1 of each item
|clearpoke
|poke|p1|Miraidon, L50|
|poke|p1|Incineroar, L50, F|
|poke|p1|Lunala, L50|
|poke|p1|Ursaluna, L50, F|
|poke|p1|Whimsicott, L50, M|
|poke|p1|Urshifu-*, L50, M|
|poke|p2|Calyrex-Shadow, L50|
|poke|p2|Smeargle, L50, M|
|poke|p2|Kyogre, L50|
|poke|p2|Urshifu-*, L50, F|
|poke|p2|Indeedee-F, L50, F|
|poke|p2|Iron Jugulis, L50|
|teampreview|4
|
|t:|1750832148
|start
|switch|p1a: Whimsicott|Whimsicott, L50, M|100/100
|switch|p1b: Miraidon|Miraidon, L50|100/100
|switch|p2a: Iron Jugulis|Iron Jugulis, L50|100/100
|switch|p2b: Kyogre|Kyogre, L50|100/100
|-fieldstart|move: Electric Terrain|[from] ability: Hadron Engine|[of] p1b: Miraidon
|-activate|p2a: Iron Jugulis|ability: Quark Drive
|-start|p2a: Iron Jugulis|quarkdrivespe
|-weather|RainDance|[from] ability: Drizzle|[of] p2b: Kyogre
|turn|1
|
|t:|1750832200
|move|p2b: Kyogre|Protect|p2b: Kyogre
|-singleturn|p2b: Kyogre|Protect
|move|p1a: Whimsicott|Tailwind|p1a: Whimsicott
|-sidestart|p1: ocean1412|move: Tailwind
|move|p1b: Miraidon|Electro Drift|p2b: Kyogre
|-activate|p2b: Kyogre|move: Protect
|move|p2a: Iron Jugulis|Tailwind|p2a: Iron Jugulis
|-sidestart|p2: Lei43|move: Tailwind
|
|-weather|RainDance|[upkeep]
|upkeep
|turn|2
|
|t:|1750832256
|move|p1a: Whimsicott|Encore|p2b: Kyogre
|-start|p2b: Kyogre|Encore
|move|p2a: Iron Jugulis|Snarl|p1a: Whimsicott|[spread] p1a,p1b
|-resisted|p1a: Whimsicott
|-crit|p1b: Miraidon
|-damage|p1a: Whimsicott|90/100
|-damage|p1b: Miraidon|78/100
|-unboost|p1b: Miraidon|spa|1
|move|p1b: Miraidon|Electro Drift|p2a: Iron Jugulis
|-supereffective|p2a: Iron Jugulis
|-damage|p2a: Iron Jugulis|0 fnt
|faint|p2a: Iron Jugulis
|-end|p2a: Iron Jugulis|Quark Drive|[silent]
|move|p2b: Kyogre|Protect||[still]
|-fail|p2b: Kyogre
|
|-weather|RainDance|[upkeep]
|upkeep
|
|t:|1750832269
|switch|p2a: Calyrex|Calyrex-Shadow, L50|100/100
|-ability|p2a: Calyrex|As One
|-ability|p2a: Calyrex|Unnerve
|turn|3
|
|t:|1750832293
|switch|p2b: Urshifu|Urshifu-Rapid-Strike, L50, F|100/100
|-terastallize|p2a: Calyrex|Ghost
|move|p1a: Whimsicott|Light Screen|p1a: Whimsicott
|-sidestart|p1: ocean1412|move: Light Screen
|move|p2a: Calyrex|Astral Barrage|p1a: Whimsicott|[spread] p1a,p1b
|-damage|p1a: Whimsicott|6/100
|-damage|p1b: Miraidon|13/100
|move|p1b: Miraidon|Electro Drift|p2a: Calyrex
|-damage|p2a: Calyrex|0 fnt
|faint|p2a: Calyrex
|
|-weather|RainDance|[upkeep]
|upkeep
|
|t:|1750832311
|switch|p2a: Kyogre|Kyogre, L50|100/100
|turn|4
|
|t:|1750832327
|switch|p1a: Lunala|Lunala, L50|100/100
|-enditem|p1a: Lunala|Electric Seed
|-boost|p1a: Lunala|def|1|[from] item: Electric Seed
|move|p2b: Urshifu|Surging Strikes|p1b: Miraidon
|-resisted|p1b: Miraidon
|-crit|p1b: Miraidon
|-damage|p1b: Miraidon|0 fnt
|faint|p1b: Miraidon
|-hitcount|p1: Miraidon|1
|move|p2a: Kyogre|Ice Beam|p1a: Lunala
|-damage|p1a: Lunala|92/100
|
|-weather|RainDance|[upkeep]
|-sideend|p2: Lei43|move: Tailwind
|-sideend|p1: ocean1412|move: Tailwind
|upkeep
|
|t:|1750832352
|switch|p1b: Whimsicott|Whimsicott, L50, M|6/100
|turn|5
|
|t:|1750832382
|move|p1b: Whimsicott|Tailwind|p1b: Whimsicott
|-sidestart|p1: ocean1412|move: Tailwind
|move|p1a: Lunala|Moonblast|p2b: Urshifu
|-supereffective|p2b: Urshifu
|-damage|p2b: Urshifu|0 fnt
|faint|p2b: Urshifu
|move|p2a: Kyogre|Water Spout|p1a: Lunala|[spread] p1a,p1b
|-resisted|p1b: Whimsicott
|-damage|p1a: Lunala|38/100
|-damage|p1b: Whimsicott|0 fnt
|faint|p1b: Whimsicott
|
|-weather|none
|-fieldend|move: Electric Terrain
|upkeep
|
|t:|1750832396
|switch|p1b: Urshifu|Urshifu-Rapid-Strike, L50, M|100/100
|turn|6
|
|t:|1750832414
|move|p1b: Urshifu|Close Combat|p2a: Kyogre
|-damage|p2a: Kyogre|3/100
|-unboost|p1b: Urshifu|def|1
|-unboost|p1b: Urshifu|spd|1
|move|p1a: Lunala|Moonblast|p2a: Kyogre
|-damage|p2a: Kyogre|0 fnt
|faint|p2a: Kyogre
|
|win|ocean1412
