|j|☆MolassesPotato
|j|☆Shermanstank
|t:|1750741904
|gametype|doubles
|player|p1|MolassesPotato|jogger|1155
|player|p2|Shermanstank|worker|1118
|teamsize|p1|6
|teamsize|p2|6
|gen|9
|tier|[Gen 9] VGC 2025 Reg I
|rated|
|rule|Species Clause: Limit one of each Pokémon
|rule|Item Clause: Limit 1 of each item
|clearpoke
|poke|p1|Terapagos, L50, M|
|poke|p1|Calyrex-Shadow, L50|
|poke|p1|Incineroar, L50, F|
|poke|p1|Rillaboom, L50, F|
|poke|p1|Scream Tail, L50|
|poke|p1|Ogerpon-Cornerstone, L50, F|
|poke|p2|Slither Wing, L50|
|poke|p2|Ogerpon-Wellspring, L50, F|
|poke|p2|Torkoal, L50, F|
|poke|p2|Flutter Mane, L50|
|poke|p2|Landorus-Therian, L50, M|
|poke|p2|Slowbro-Galar, L50, M|
|teampreview|4
|inactive|Battle timer is ON: inactive players will automatically lose when time's up. (requested by Shermanstank)
MolassesPotato has agreed to open team sheets.
Shermanstank rejected open team sheets.
|inactive|MolassesPotato has 60 seconds left.
|inactive|Shermanstank has 60 seconds left.
|
|t:|1750741945
|start
|switch|p1a: Incineroar|Incineroar, L50, F, shiny|100/100
|switch|p1b: Terapagos|Terapagos, L50, M|100/100
|switch|p2a: Ogerpon|Ogerpon-Wellspring, L50, F|100/100
|switch|p2b: Flutter Mane|Flutter Mane, L50|100/100
|-activate|p1b: Terapagos|ability: Tera Shift
|detailschange|p1b: Terapagos|Terapagos-Terastal, L50, M
|-heal|p1b: Terapagos|100/100|[silent]
|-ability|p1a: Incineroar|Intimidate|boost
|-unboost|p2a: Ogerpon|atk|1
|-unboost|p2b: Flutter Mane|atk|1
|turn|1
|inactive|MolassesPotato has 30 seconds left.
|
|t:|1750741971
|move|p1a: Incineroar|Fake Out|p2a: Ogerpon
|-damage|p2a: Ogerpon|86/100
|move|p2b: Flutter Mane|Moonblast|p1a: Incineroar
|-damage|p1a: Incineroar|34/100
|cant|p2a: Ogerpon|flinch
|move|p1b: Terapagos|Calm Mind|p1b: Terapagos
|-boost|p1b: Terapagos|spa|1
|-boost|p1b: Terapagos|spd|1
|
|upkeep
|turn|2
|
|t:|1750741987
|switch|p1a: Ogerpon|Ogerpon-Cornerstone, L50, F|100/100
|move|p2b: Flutter Mane|Moonblast|p1a: Ogerpon
|-damage|p1a: Ogerpon|4/100
|move|p2a: Ogerpon|Swords Dance|p2a: Ogerpon
|-boost|p2a: Ogerpon|atk|2
|move|p1b: Terapagos|Calm Mind|p1b: Terapagos
|-boost|p1b: Terapagos|spa|1
|-boost|p1b: Terapagos|spd|1
|
|upkeep
|turn|3
|inactive|MolassesPotato has 30 seconds left.
|
|t:|1750742018
|switch|p1a: Incineroar|Incineroar, L50, F, shiny|34/100
|-ability|p1a: Incineroar|Intimidate|boost
|-unboost|p2a: Ogerpon|atk|1
|-unboost|p2b: Flutter Mane|atk|1
|move|p2b: Flutter Mane|Moonblast|p1b: Terapagos
|-activate|p1b: Terapagos|ability: Tera Shell
|-resisted|p1b: Terapagos
|-damage|p1b: Terapagos|84/100
|move|p2a: Ogerpon|Ivy Cudgel|p1b: Terapagos|[anim] Ivy Cudgel Water
|-damage|p1b: Terapagos|37/100
|move|p1b: Terapagos|Calm Mind|p1b: Terapagos
|-boost|p1b: Terapagos|spa|1
|-boost|p1b: Terapagos|spd|1
|
|-heal|p1b: Terapagos|43/100|[from] item: Leftovers
|upkeep
|turn|4
|inactive|MolassesPotato has 30 seconds left.
|
|t:|1750742048
|-terastallize|p1b: Terapagos|Stellar
|detailschange|p1b: Terapagos|Terapagos-Stellar, L50, M, tera:Stellar
|-heal|p1b: Terapagos|58/100|[silent]
|move|p2a: Ogerpon|Spiky Shield|p2a: Ogerpon
|-singleturn|p2a: Ogerpon|move: Protect
|move|p1a: Incineroar|Fake Out|p2a: Ogerpon
|-activate|p2a: Ogerpon|move: Protect
|-damage|p1a: Incineroar|21/100|[from] Spiky Shield|[of] p2a: Ogerpon
|move|p2b: Flutter Mane|Moonblast|p1b: Terapagos
|-damage|p1b: Terapagos|40/100
|move|p1b: Terapagos|Tera Starstorm|p2a: Ogerpon|[spread] p2b
|-activate|p2a: Ogerpon|move: Protect
|-damage|p2b: Flutter Mane|7/100
|
|-heal|p1b: Terapagos|46/100|[from] item: Leftovers
|upkeep
|turn|5
|inactive|MolassesPotato has 30 seconds left.
|inactive|Shermanstank has 30 seconds left.
|
|t:|1750742081
|switch|p1a: Calyrex|Calyrex-Shadow, L50|100/100
|-ability|p1a: Calyrex|As One
|-ability|p1a: Calyrex|Unnerve
|move|p1b: Terapagos|Protect|p1b: Terapagos
|-singleturn|p1b: Terapagos|Protect
|move|p2b: Flutter Mane|Moonblast|p1b: Terapagos
|-activate|p1b: Terapagos|move: Protect
|move|p2a: Ogerpon|Ivy Cudgel|p1b: Terapagos|[anim] Ivy Cudgel Water
|-activate|p1b: Terapagos|move: Protect
|
|-heal|p1b: Terapagos|52/100|[from] item: Leftovers
|upkeep
|turn|6
|inactive|Shermanstank has 30 seconds left.
|
|t:|1750742121
|move|p1a: Calyrex|Astral Barrage|p2b: Flutter Mane|[spread] p2a,p2b
|-supereffective|p2b: Flutter Mane
|-damage|p2a: Ogerpon|25/100
|-damage|p2b: Flutter Mane|0 fnt
|faint|p2b: Flutter Mane
|-end|p2b: Flutter Mane|Protosynthesis|[silent]
|-ability|p1a: Calyrex|Grim Neigh|boost
|-boost|p1a: Calyrex|spa|1
|move|p2a: Ogerpon|Ivy Cudgel|p1b: Terapagos|[anim] Ivy Cudgel Water
|-damage|p1b: Terapagos|17/100
|move|p1b: Terapagos|Tera Starstorm|p2a: Ogerpon
|-damage|p2a: Ogerpon|0 fnt
|faint|p2a: Ogerpon
|
|-heal|p1b: Terapagos|23/100|[from] item: Leftovers
|upkeep
|
|t:|1750742132
|switch|p2b: Landorus|Landorus-Therian, L50, M|100/100
|switch|p2a: Slowbro|Slowbro-Galar, L50, M|100/100
|-ability|p2b: Landorus|Intimidate|boost
|-unboost|p1a: Calyrex|atk|1
|-unboost|p1b: Terapagos|atk|1
|turn|7
|inactive|Shermanstank has 30 seconds left.
|
|t:|1750742167
|-terastallize|p2a: Slowbro|Poison
|move|p2b: Landorus|Stomping Tantrum|p1a: Calyrex
|-damage|p1a: Calyrex|51/100
|move|p1a: Calyrex|Astral Barrage|p2a: Slowbro|[spread] p2a,p2b
|-damage|p2a: Slowbro|29/100
|-damage|p2b: Landorus|0 fnt
|faint|p2b: Landorus
|-ability|p1a: Calyrex|Grim Neigh|boost
|-boost|p1a: Calyrex|spa|1
|move|p1b: Terapagos|Tera Starstorm|p2a: Slowbro
|-supereffective|p2a: Slowbro
|-damage|p2a: Slowbro|0 fnt
|faint|p2a: Slowbro
|
|win|MolassesPotato
|raw|MolassesPotato's rating: 1155 &rarr; <strong>1177</strong><br />(+22 for winning)
|raw|Shermanstank's rating: 1118 &rarr; <strong>1096</strong><br />(-22 for losing)
|l|☆Shermanstank
|player|p2|
|l|☆MolassesPotato
|player|p1|
