|j|☆bkm520
|j|☆zelisthatpeak
|t:|1750724568
|gametype|doubles
|player|p1|bkm520|twins-gen4|1187
|player|p2|zelisthatpeak|psychicf-gen4|1130
|teamsize|p1|6
|teamsize|p2|6
|gen|9
|tier|[Gen 9] VGC 2025 Reg I
|rated|
|rule|Species Clause: Limit one of each Pokémon
|rule|Item Clause: Limit 1 of each item
|clearpoke
|poke|p1|Lunala, L50|
|poke|p1|Calyrex-Ice, L50|
|poke|p1|Indeedee-F, L50, F|
|poke|p1|Torkoal, L50, F|
|poke|p1|Urshifu-*, L50, M|
|poke|p1|Smeargle, L50, F|
|poke|p2|Kyogre, L50|
|poke|p2|Overqwil, L50, M|
|poke|p2|Rillaboom, L50, M|
|poke|p2|Incineroar, L50, M|
|poke|p2|Ting-Lu, L50|
|poke|p2|Calyrex-Ice, L50|
|teampreview|4
|inactive|Battle timer is ON: inactive players will automatically lose when time's up. (requested by zelisthatpeak)
|inactive|bkm520 also wants the timer to be on.
|inactive|bkm520 has 60 seconds left.
|inactive|zelisthatpeak has 60 seconds left.
|
|t:|1750724625
|start
|switch|p1a: Indeedee|Indeedee-F, L50, F|100/100
|switch|p1b: Urshifu|Urshifu, L50, M|100/100
|switch|p2a: Overqwil|Overqwil, L50, M|100/100
|switch|p2b: ol’ reliable|Incineroar, L50, M, shiny|100/100
|-ability|p2a: Overqwil|Intimidate|boost
|-unboost|p1a: Indeedee|atk|1
|-unboost|p1b: Urshifu|atk|1
|-fieldstart|move: Psychic Terrain|[from] ability: Psychic Surge|[of] p1a: Indeedee
|-ability|p2b: ol’ reliable|Intimidate|boost
|-unboost|p1a: Indeedee|atk|1
|-unboost|p1b: Urshifu|atk|1
|turn|1
|inactive|bkm520 has 30 seconds left.
|inactive|bkm520 has 20 seconds left.
|inactive|bkm520 has 15 seconds left.
|inactive|bkm520 has 10 seconds left.
|inactive|bkm520 has 5 seconds left.
|
|t:|1750724677
|switch|p1b: Calyrex|Calyrex-Ice, L50|100/100
|-ability|p1b: Calyrex|As One
|-ability|p1b: Calyrex|Unnerve
|move|p2b: ol’ reliable|Fake Out|p1b: Calyrex
|-activate|p1b: Calyrex|move: Psychic Terrain
|move|p1a: Indeedee|Follow Me|p1a: Indeedee
|-singleturn|p1a: Indeedee|move: Follow Me
|move|p2a: Overqwil|Toxic Spikes|p1b: Calyrex
|-sidestart|p1: bkm520|move: Toxic Spikes
|
|upkeep
|turn|2
|inactive|bkm520 has 30 seconds left.
|inactive|zelisthatpeak has 30 seconds left.
|
|t:|1750724705
|move|p1a: Indeedee|Follow Me|p1a: Indeedee
|-singleturn|p1a: Indeedee|move: Follow Me
|move|p2a: Overqwil|Throat Chop|p1a: Indeedee
|-supereffective|p1a: Indeedee
|-damage|p1a: Indeedee|42/100
|-start|p1a: Indeedee|Throat Chop|[silent]
|-damage|p2a: Overqwil|84/100|[from] item: Rocky Helmet|[of] p1a: Indeedee
|move|p2b: ol’ reliable|Will-O-Wisp|p1a: Indeedee
|-status|p1a: Indeedee|brn
|move|p1b: Calyrex|Glacial Lance|p2a: Overqwil|[spread] p2a,p2b
|-resisted|p2b: ol’ reliable
|-damage|p2a: Overqwil|29/100
|-damage|p2b: ol’ reliable|80/100
|
|-heal|p2a: Overqwil|35/100|[from] item: Black Sludge
|-damage|p1a: Indeedee|36/100 brn|[from] brn
|upkeep
|turn|3
|inactive|zelisthatpeak has 30 seconds left.
|
|t:|1750724737
|switch|p2a: Calyrex|Calyrex-Ice, L50|100/100
|-ability|p2a: Calyrex|As One
|-ability|p2a: Calyrex|Unnerve
|move|p1a: Indeedee|Follow Me|p1a: Indeedee
|-singleturn|p1a: Indeedee|move: Follow Me
|move|p2b: ol’ reliable|Flare Blitz|p1a: Indeedee
|-damage|p1a: Indeedee|0 fnt
|-damage|p2b: ol’ reliable|64/100|[from] item: Rocky Helmet|[of] p1a: Indeedee
|faint|p1a: Indeedee
|-damage|p2b: ol’ reliable|54/100|[from] Recoil
|move|p1b: Calyrex|Glacial Lance|p2a: Calyrex|[spread] p2a,p2b
|-resisted|p2a: Calyrex
|-resisted|p2b: ol’ reliable
|-damage|p2a: Calyrex|84/100
|-damage|p2b: ol’ reliable|32/100
|
|-heal|p2a: Calyrex|90/100|[from] item: Leftovers
|upkeep
|
|t:|1750724758
|switch|p1a: Urshifu|Urshifu, L50, M|100/100
|-status|p1a: Urshifu|psn
|turn|4
|inactive|zelisthatpeak has 30 seconds left.
|inactive|bkm520 has 30 seconds left.
|
|t:|1750724797
|-terastallize|p2a: Calyrex|Water
|move|p1a: Urshifu|Close Combat|p2b: ol’ reliable
|-supereffective|p2b: ol’ reliable
|-damage|p2b: ol’ reliable|0 fnt
|-unboost|p1a: Urshifu|def|1
|-unboost|p1a: Urshifu|spd|1
|-damage|p1a: Urshifu|84/100 psn|[from] item: Rocky Helmet|[of] p2b: ol’ reliable
|faint|p2b: ol’ reliable
|move|p2a: Calyrex|Leech Seed|p1b: Calyrex
|-start|p1b: Calyrex|move: Leech Seed
|move|p1b: Calyrex|Glacial Lance|p2a: Calyrex
|-resisted|p2a: Calyrex
|-damage|p2a: Calyrex|71/100
|
|-heal|p2a: Calyrex|76/100|[from] item: Leftovers
|-damage|p1b: Calyrex|88/100|[from] Leech Seed|[of] p2a: Calyrex
|-heal|p2a: Calyrex|88/100|[silent]
|-damage|p1a: Urshifu|72/100 psn|[from] psn
|upkeep
|
|t:|1750724814
|switch|p2b: Overqwil|Overqwil, L50, M|35/100
|-ability|p2b: Overqwil|Intimidate|boost
|-unboost|p1a: Urshifu|atk|1
|-fail|p1b: Calyrex|unboost|[from] item: Clear Amulet|[of] p1b: Calyrex
|turn|5
|
|t:|1750724833
|move|p2b: Overqwil|Protect|p2b: Overqwil
|-singleturn|p2b: Overqwil|Protect
|move|p1a: Urshifu|Close Combat|p2b: Overqwil
|-damage|p2b: Overqwil|0 fnt
|-unboost|p1a: Urshifu|def|1
|-unboost|p1a: Urshifu|spd|1
|faint|p2b: Overqwil
|move|p2a: Calyrex|Leech Seed|p1a: Urshifu|[miss]
|-miss|p2a: Calyrex|p1a: Urshifu
|move|p1b: Calyrex|Seed Bomb|p2a: Calyrex
|-supereffective|p2a: Calyrex
|-damage|p2a: Calyrex|55/100
|
|-heal|p2a: Calyrex|60/100|[from] item: Leftovers
|-damage|p1b: Calyrex|76/100|[from] Leech Seed|[of] p2a: Calyrex
|-heal|p2a: Calyrex|72/100|[silent]
|-damage|p1a: Urshifu|60/100 psn|[from] psn
|-fieldend|move: Psychic Terrain
|upkeep
|
|t:|1750724844
|switch|p2b: Kyogre|Kyogre, L50|100/100
|-weather|RainDance|[from] ability: Drizzle|[of] p2b: Kyogre
|turn|6
|
|t:|1750724867
|-terastallize|p1b: Calyrex|Grass
|move|p1a: Urshifu|Close Combat|p2b: Kyogre
|-damage|p2b: Kyogre|43/100
|-unboost|p1a: Urshifu|def|1
|-unboost|p1a: Urshifu|spd|1
|move|p2b: Kyogre|Water Spout|p1b: Calyrex|[spread] p1a,p1b
|-resisted|p1b: Calyrex
|-damage|p1a: Urshifu|0 fnt
|-damage|p1b: Calyrex|59/100
|faint|p1a: Urshifu
|move|p2a: Calyrex|Glacial Lance|p1b: Calyrex
|-supereffective|p1b: Calyrex
|-damage|p1b: Calyrex|0 fnt
|faint|p1b: Calyrex
|-ability|p2a: Calyrex|Chilling Neigh|boost
|-boost|p2a: Calyrex|atk|1
|
|-weather|RainDance|[upkeep]
|-heal|p2a: Calyrex|78/100|[from] item: Leftovers
|upkeep
|
|t:|1750724889
|switch|p1b: Lunala|Lunala, L50|100/100
|-status|p1b: Lunala|psn
|turn|7
|
|t:|1750724905
|move|p2b: Kyogre|Origin Pulse|p1b: Lunala
|-damage|p1b: Lunala|60/100 psn
|move|p1b: Lunala|Moongeist Beam|p2b: Kyogre
|-damage|p2b: Kyogre|5/100
|move|p2a: Calyrex|Glacial Lance|p1b: Lunala
|-damage|p1b: Lunala|0 fnt
|faint|p1b: Lunala
|
|win|zelisthatpeak
|raw|bkm520's rating: 1187 &rarr; <strong>1158</strong><br />(-29 for losing)
|raw|zelisthatpeak's rating: 1130 &rarr; <strong>1159</strong><br />(+29 for winning)
|l|☆bkm520
|player|p1|
