|j|☆piplup&me
|j|☆divra7
|t:|1750791551
|gametype|doubles
|player|p1|piplup&me|169|1166
|player|p2|divra7|rocketgrunt|1165
|teamsize|p1|6
|teamsize|p2|6
|gen|9
|tier|[Gen 9] VGC 2025 Reg I
|rated|
|rule|Species Clause: Limit one of each Pokémon
|rule|Item Clause: Limit 1 of each item
|clearpoke
|poke|p1|Miraidon, L50|
|poke|p1|Lunala, L50|
|poke|p1|Incineroar, L50, M|
|poke|p1|Urshifu-*, L50, M|
|poke|p1|Ogerpon-Cornerstone, L50, F|
|poke|p1|Whimsicott, L50, F|
|poke|p2|Lunala, L50|
|poke|p2|Miraidon, L50|
|poke|p2|Ursaluna, L50, F|
|poke|p2|Iron Bundle, L50|
|poke|p2|Iron Hands, L50|
|poke|p2|Farigiraf, L50, F|
|teampreview|4
|inactive|Battle timer is ON: inactive players will automatically lose when time's up. (requested by divra7)
|inactive|piplup&me also wants the timer to be on.
|inactive|piplup&me has 60 seconds left.
|inactive|divra7 has 60 seconds left.
|
|t:|1750791591
|start
|switch|p1a: Incineroar|Incineroar, L50, M|100/100
|switch|p1b: Sandwich|Miraidon, L50|100/100
|switch|p2a: Farigiraf|Farigiraf, L50, F|100/100
|switch|p2b: Miraidon|Miraidon, L50|100/100
|-fieldstart|move: Electric Terrain|[from] ability: Hadron Engine|[of] p2b: Miraidon
|-enditem|p2a: Farigiraf|Electric Seed
|-boost|p2a: Farigiraf|def|1|[from] item: Electric Seed
|-activate|p1b: Sandwich|ability: Hadron Engine
|-ability|p1a: Incineroar|Intimidate|boost
|-unboost|p2a: Farigiraf|atk|1
|-unboost|p2b: Miraidon|atk|1
|turn|1
|
|t:|1750791613
|-terastallize|p1b: Sandwich|Fairy
|move|p2b: Miraidon|Snarl|p1b: Sandwich|[spread] p1a,p1b
|-resisted|p1a: Incineroar
|-resisted|p1b: Sandwich
|-damage|p1a: Incineroar|85/100
|-damage|p1b: Sandwich|88/100
|-unboost|p1a: Incineroar|spa|1
|-unboost|p1b: Sandwich|spa|1
|move|p1b: Sandwich|Dazzling Gleam|p2b: Miraidon|[spread] p2a,p2b
|-supereffective|p2b: Miraidon
|-crit|p2b: Miraidon
|-damage|p2a: Farigiraf|60/100
|-damage|p2b: Miraidon|0 fnt
|faint|p2b: Miraidon
|move|p1a: Incineroar|Knock Off|p2a: Farigiraf
|-supereffective|p2a: Farigiraf
|-damage|p2a: Farigiraf|25/100
|move|p2a: Farigiraf|Trick|p1a: Incineroar
|-activate|p2a: Farigiraf|move: Trick|[of] p1a: Incineroar
|-enditem|p1a: Incineroar|Rocky Helmet|[silent]|[from] move: Trick
|-item|p2a: Farigiraf|Rocky Helmet|[from] move: Trick
|
|upkeep
|inactive|divra7 has 30 seconds left.
|
|t:|1750791638
|switch|p2b: Iron Bundle|Iron Bundle, L50|100/100
|-activate|p2b: Iron Bundle|ability: Quark Drive
|-start|p2b: Iron Bundle|quarkdrivespe
|turn|2
|inactive|divra7 has 30 seconds left.
|
|t:|1750791664
|move|p2b: Iron Bundle|Hydro Pump|p1a: Incineroar
|-supereffective|p1a: Incineroar
|-damage|p1a: Incineroar|0 fnt
|faint|p1a: Incineroar
|move|p1b: Sandwich|Dazzling Gleam|p2a: Farigiraf|[spread] p2a,p2b
|-crit|p2a: Farigiraf
|-damage|p2a: Farigiraf|0 fnt
|-damage|p2b: Iron Bundle|13/100
|faint|p2a: Farigiraf
|
|upkeep
|
|t:|1750791673
|switch|p1a: Lunala|Lunala, L50|100/100
|switch|p2a: Ursaluna|Ursaluna, L50, F|100/100
|-enditem|p1a: Lunala|Electric Seed
|-boost|p1a: Lunala|def|1|[from] item: Electric Seed
|turn|3
|
|t:|1750791692
|move|p2a: Ursaluna|Protect|p2a: Ursaluna
|-singleturn|p2a: Ursaluna|Protect
|move|p1a: Lunala|Wide Guard|p1a: Lunala
|-singleturn|p1a: Lunala|Wide Guard
|move|p2b: Iron Bundle|Freeze-Dry|p1b: Sandwich
|-crit|p1b: Sandwich
|-damage|p1b: Sandwich|41/100
|move|p1b: Sandwich|Dazzling Gleam|p2b: Iron Bundle|[spread] p2b
|-activate|p2a: Ursaluna|move: Protect
|-damage|p2b: Iron Bundle|0 fnt
|faint|p2b: Iron Bundle
|-end|p2b: Iron Bundle|Quark Drive|[silent]
|
|-status|p2a: Ursaluna|brn|[from] item: Flame Orb
|upkeep
|turn|4
|
|t:|1750791710
|move|p1b: Sandwich|Dazzling Gleam|p2a: Ursaluna
|-damage|p2a: Ursaluna|47/100 brn
|move|p1a: Lunala|Calm Mind|p1a: Lunala
|-boost|p1a: Lunala|spa|1
|-boost|p1a: Lunala|spd|1
|move|p2a: Ursaluna|Earthquake|p1b: Sandwich|[spread] p1a,p1b
|-damage|p1a: Lunala|83/100
|-damage|p1b: Sandwich|0 fnt
|faint|p1b: Sandwich
|
|-damage|p2a: Ursaluna|41/100 brn|[from] brn
|upkeep
|
|t:|1750791718
|switch|p1b: Pomni|Ogerpon-Cornerstone, L50, F|100/100
|turn|5
|
|t:|1750791724
|move|p1a: Lunala|Wide Guard|p1a: Lunala
|-singleturn|p1a: Lunala|Wide Guard
|move|p1b: Pomni|Horn Leech|p2a: Ursaluna
|-supereffective|p2a: Ursaluna
|-damage|p2a: Ursaluna|0 fnt
|faint|p2a: Ursaluna
|
|win|piplup&me
|raw|piplup&amp;me's rating: 1166 &rarr; <strong>1191</strong><br />(+25 for winning)
|raw|divra7's rating: 1165 &rarr; <strong>1140</strong><br />(-25 for losing)
|l|☆divra7
|player|p2|
|c|☆piplup&me|gg
