|j|☆pengSlayNooter
|j|☆momentaueita
|t:|1750829877
|gametype|doubles
|player|p1|pengSlayNooter|wallace|1362
|player|p2|momentaueita|flint|1397
|teamsize|p1|6
|teamsize|p2|6
|gen|9
|tier|[Gen 9] VGC 2025 Reg I
|rated|
|rule|Species Clause: Limit one of each Pokémon
|rule|Item Clause: Limit 1 of each item
|clearpoke
|poke|p1|Incineroar, L50, M|
|poke|p1|Urshifu-*, L50, F|
|poke|p1|Tornadus, L50, M|
|poke|p1|Calyrex-Shadow, L50|
|poke|p1|Zamazenta-*, L50|
|poke|p1|Clefairy, L50, F|
|poke|p2|Scraggy, L50, F|
|poke|p2|Calyrex-Ice, L50|
|poke|p2|Miraidon, L50|
|poke|p2|Iron Hands, L50|
|poke|p2|Farigiraf, L50, F|
|poke|p2|Iron Valiant, L50|
|teampreview|4
|inactive|Battle timer is ON: inactive players will automatically lose when time's up. (requested by pengSlayNooter)
|
|t:|1750829907
|start
|switch|p1a: Zamazenta|Zamazenta-Crowned, L50|100/100
|switch|p1b: Clefairy|Clefairy, L50, F, shiny|100/100
|switch|p2a: Miraidon|Miraidon, L50|100/100
|switch|p2b: Iron Valiant|Iron Valiant, L50, shiny|100/100
|-fieldstart|move: Electric Terrain|[from] ability: Hadron Engine|[of] p2a: Miraidon
|-activate|p2b: Iron Valiant|ability: Quark Drive
|-start|p2b: Iron Valiant|quarkdrivespe
|-ability|p1a: Zamazenta|Dauntless Shield|boost
|-boost|p1a: Zamazenta|def|1
|turn|1
|inactive|pengSlayNooter has 30 seconds left.
|
|t:|1750829937
|move|p1b: Clefairy|Follow Me|p1b: Clefairy
|-singleturn|p1b: Clefairy|move: Follow Me
|move|p2b: Iron Valiant|Moonblast|p1b: Clefairy
|-damage|p1b: Clefairy|59/100
|-unboost|p1b: Clefairy|spa|1
|move|p2a: Miraidon|Volt Switch|p1b: Clefairy
|-crit|p1b: Clefairy
|-damage|p1b: Clefairy|0 fnt
|faint|p1b: Clefairy
|
|t:|1750829949
|switch|p2a: Calyrex|Calyrex-Ice, L50|100/100|[from] Volt Switch
|-ability|p2a: Calyrex|As One
|-ability|p2a: Calyrex|Unnerve
|move|p1a: Zamazenta|Iron Defense|p1a: Zamazenta
|-boost|p1a: Zamazenta|def|2
|
|upkeep
|
|t:|1750829958
|switch|p1b: Incineroar|Incineroar, L50, M|100/100
|-ability|p1b: Incineroar|Intimidate|boost
|-fail|p2a: Calyrex|unboost|[from] item: Clear Amulet|[of] p2a: Calyrex
|-unboost|p2b: Iron Valiant|atk|1
|turn|2
|
|t:|1750829972
|switch|p2a: Farigiraf|Farigiraf, L50, F|100/100
|move|p1b: Incineroar|Fake Out||[still]
|cant|p2a: Farigiraf|ability: Armor Tail|Fake Out|[of] p1b: Incineroar
|move|p2b: Iron Valiant|Encore|p1a: Zamazenta
|-start|p1a: Zamazenta|Encore
|move|p1a: Zamazenta|Iron Defense|p1a: Zamazenta
|-boost|p1a: Zamazenta|def|2
|
|upkeep
|turn|3
|
|t:|1750829989
|switch|p2a: Miraidon|Miraidon, L50|100/100
|-activate|p2a: Miraidon|ability: Hadron Engine
|move|p2b: Iron Valiant|Moonblast|p1a: Zamazenta
|-damage|p1a: Zamazenta|76/100
|move|p1a: Zamazenta|Iron Defense|p1a: Zamazenta
|-boost|p1a: Zamazenta|def|1
|move|p1b: Incineroar|Knock Off|p2a: Miraidon
|-damage|p2a: Miraidon|62/100
|-enditem|p2a: Miraidon|Choice Specs|[from] move: Knock Off|[of] p1b: Incineroar
|
|upkeep
|turn|4
|
|t:|1750830007
|-terastallize|p1a: Zamazenta|Grass
|move|p2b: Iron Valiant|Moonblast|p1a: Zamazenta
|-damage|p1a: Zamazenta|52/100
|move|p2a: Miraidon|Electro Drift|p1a: Zamazenta
|-resisted|p1a: Zamazenta
|-damage|p1a: Zamazenta|28/100
|move|p1a: Zamazenta|Iron Defense|p1a: Zamazenta
|-boost|p1a: Zamazenta|def|0
|move|p1b: Incineroar|Parting Shot|p2a: Miraidon
|-unboost|p2a: Miraidon|atk|1
|-unboost|p2a: Miraidon|spa|1
|
|t:|1750830019
|switch|p1b: Calyrex|Calyrex-Shadow, L50|100/100|[from] Parting Shot
|-ability|p1b: Calyrex|As One
|-ability|p1b: Calyrex|Unnerve
|
|-end|p1a: Zamazenta|Encore
|upkeep
|turn|5
|
|t:|1750830035
|move|p1b: Calyrex|Protect|p1b: Calyrex
|-singleturn|p1b: Calyrex|Protect
|move|p2b: Iron Valiant|Icy Wind|p1b: Calyrex|[spread] p1a
|-activate|p1b: Calyrex|move: Protect
|-supereffective|p1a: Zamazenta
|-damage|p1a: Zamazenta|13/100
|-unboost|p1a: Zamazenta|spe|1
|move|p2a: Miraidon|Volt Switch|p1b: Calyrex
|-activate|p1b: Calyrex|move: Protect
|move|p1a: Zamazenta|Body Press|p2b: Iron Valiant
|-resisted|p2b: Iron Valiant
|-enditem|p2b: Iron Valiant|Focus Sash
|-damage|p2b: Iron Valiant|1/100
|
|-fieldend|move: Electric Terrain
|-end|p2b: Iron Valiant|Quark Drive
|upkeep
|turn|6
|inactive|pengSlayNooter has 30 seconds left.
|
|t:|1750830062
|move|p2b: Iron Valiant|Wide Guard|p2b: Iron Valiant
|-singleturn|p2b: Iron Valiant|Wide Guard
|move|p1a: Zamazenta|Wide Guard|p1a: Zamazenta
|-singleturn|p1a: Zamazenta|Wide Guard
|move|p1b: Calyrex|Astral Barrage|p2b: Iron Valiant|[spread] 
|-activate|p2a: Miraidon|move: Wide Guard
|-activate|p2b: Iron Valiant|move: Wide Guard
|move|p2a: Miraidon|Volt Switch|p1a: Zamazenta
|-resisted|p1a: Zamazenta
|-damage|p1a: Zamazenta|6/100
|
|t:|1750830083
|switch|p2a: Farigiraf|Farigiraf, L50, F|100/100|[from] Volt Switch
|
|upkeep
|turn|7
|inactive|momentaueita has 30 seconds left.
|
|t:|1750830115
|switch|p2a: Miraidon|Miraidon, L50|62/100
|-fieldstart|move: Electric Terrain|[from] ability: Hadron Engine|[of] p2a: Miraidon
|-activate|p2b: Iron Valiant|ability: Quark Drive
|-start|p2b: Iron Valiant|quarkdrivespe
|move|p2b: Iron Valiant|Moonblast|p1a: Zamazenta
|-damage|p1a: Zamazenta|0 fnt
|faint|p1a: Zamazenta
|move|p1b: Calyrex|Nasty Plot|p1b: Calyrex
|-boost|p1b: Calyrex|spa|2
|
|upkeep
|
|t:|1750830127
|switch|p1a: Incineroar|Incineroar, L50, M|100/100
|-ability|p1a: Incineroar|Intimidate|boost
|-unboost|p2a: Miraidon|atk|1
|-unboost|p2b: Iron Valiant|atk|1
|turn|8
|
|t:|1750830139
|move|p1a: Incineroar|Fake Out|p2b: Iron Valiant
|-damage|p2b: Iron Valiant|0 fnt
|faint|p2b: Iron Valiant
|-end|p2b: Iron Valiant|Quark Drive|[silent]
|move|p1b: Calyrex|Astral Barrage|p2a: Miraidon
|-damage|p2a: Miraidon|0 fnt
|faint|p2a: Miraidon
|-ability|p1b: Calyrex|Grim Neigh|boost
|-boost|p1b: Calyrex|spa|1
|-damage|p1b: Calyrex|91/100|[from] item: Life Orb
|
|upkeep
|
|t:|1750830143
|switch|p2a: Farigiraf|Farigiraf, L50, F|100/100
|switch|p2b: Calyrex|Calyrex-Ice, L50|100/100
|-ability|p2b: Calyrex|As One
|-ability|p2b: Calyrex|Unnerve
|turn|9
|
|t:|1750830167
|-terastallize|p2b: Calyrex|Grass
|move|p2a: Farigiraf|Protect|p2a: Farigiraf
|-singleturn|p2a: Farigiraf|Protect
|move|p1b: Calyrex|Astral Barrage|p2b: Calyrex|[spread] p2b
|-activate|p2a: Farigiraf|move: Protect
|-damage|p2b: Calyrex|0 fnt
|faint|p2b: Calyrex
|-ability|p1b: Calyrex|Grim Neigh|boost
|-boost|p1b: Calyrex|spa|1
|-damage|p1b: Calyrex|81/100|[from] item: Life Orb
|move|p1a: Incineroar|Knock Off|p2a: Farigiraf
|-activate|p2a: Farigiraf|move: Protect
|
|upkeep
|turn|10
|-message|momentaueita forfeited.
|
|win|pengSlayNooter
|raw|pengSlayNooter's rating: 1362 &rarr; <strong>1384</strong><br />(+22 for winning)
|raw|momentaueita's rating: 1397 &rarr; <strong>1375</strong><br />(-22 for losing)
|l|☆momentaueita
|player|p2|
