|j|☆It'sJustKen VGC
|j|☆Ludikrik
|t:|1750807633
|gametype|doubles
|player|p1|It'sJustKen VGC|caitlin|1668
|player|p2|Ludikrik|chili|1613
|teamsize|p1|6
|teamsize|p2|6
|gen|9
|tier|[Gen 9] VGC 2025 Reg I
|rated|
|rule|Species Clause: Limit one of each Pokémon
|rule|Item Clause: Limit 1 of each item
|clearpoke
|poke|p1|Incineroar, L50, M|
|poke|p1|Urshifu-*, L50, F|
|poke|p1|Amoonguss, L50, F|
|poke|p1|Calyrex-Shadow, L50|
|poke|p1|Tornadus, L50, M|
|poke|p1|Terapagos, L50, M|
|poke|p2|Groudon, L50|
|poke|p2|Lunala, L50|
|poke|p2|Raging Bolt, L50|
|poke|p2|Ogerpon-Hearthflame, L50, F|
|poke|p2|Incineroar, L50, F|
|poke|p2|Grimmsnarl, L50, M|
|teampreview|4
|inactive|Battle timer is ON: inactive players will automatically lose when time's up. (requested by It'sJustKen VGC)
Ludikrik has agreed to open team sheets.
|inactive|Ludikrik has 60 seconds left.
|
|t:|1750807676
|start
|switch|p1a: @Not Wolfe Glick|Incineroar, L50, M|100/100
|switch|p1b: Chicken Jockey|Calyrex-Shadow, L50|100/100
|switch|p2a: Moom|Lunala, L50|100/100
|switch|p2b: Très Skillé|Grimmsnarl, L50, M|100/100
|-ability|p1b: Chicken Jockey|As One
|-ability|p1b: Chicken Jockey|Unnerve
|-ability|p1a: @Not Wolfe Glick|Intimidate|boost
|-unboost|p2a: Moom|atk|1
|-unboost|p2b: Très Skillé|atk|1
|turn|1
|inactive|Ludikrik has 30 seconds left.
|
|t:|1750807701
|-terastallize|p1b: Chicken Jockey|Ghost
|-terastallize|p2a: Moom|Fairy
|move|p1a: @Not Wolfe Glick|Fake Out|p2a: Moom
|-damage|p2a: Moom|95/100
|move|p2b: Très Skillé|Thunder Wave|p1b: Chicken Jockey
|-status|p1b: Chicken Jockey|par
|cant|p2a: Moom|flinch
|cant|p1b: Chicken Jockey|par
|
|-heal|p2a: Moom|100/100|[from] item: Leftovers
|upkeep
|turn|2
|
|t:|1750807726
|switch|p1b: PTSD Mushroom|Amoonguss, L50, F|100/100
|move|p2b: Très Skillé|Reflect|p2b: Très Skillé
|-sidestart|p2: Ludikrik|Reflect
|move|p2a: Moom|Moongeist Beam|p1b: PTSD Mushroom
|-damage|p1b: PTSD Mushroom|55/100
|move|p1a: @Not Wolfe Glick|U-turn|p2a: Moom
|-resisted|p2a: Moom
|-damage|p2a: Moom|98/100
|
|t:|1750807731
|switch|p1a: Chicken Jockey|Calyrex-Shadow, L50, tera:Ghost|100/100 par|[from] U-turn
|-ability|p1a: Chicken Jockey|As One
|-ability|p1a: Chicken Jockey|Unnerve
|
|-heal|p2a: Moom|100/100|[from] item: Leftovers
|upkeep
|turn|3
|inactive|Ludikrik has 30 seconds left.
|
|t:|1750807759
|move|p2a: Moom|Protect|p2a: Moom
|-singleturn|p2a: Moom|Protect
|move|p1a: Chicken Jockey|Protect|p1a: Chicken Jockey
|-singleturn|p1a: Chicken Jockey|Protect
|move|p2b: Très Skillé|Light Screen|p2b: Très Skillé
|-sidestart|p2: Ludikrik|move: Light Screen
|move|p1b: PTSD Mushroom|Spore|p2b: Très Skillé
|-status|p2b: Très Skillé|slp|[from] move: Spore
|
|upkeep
|turn|4
|
|t:|1750807782
|switch|p1a: @Not Wolfe Glick|Incineroar, L50, M|100/100
|-ability|p1a: @Not Wolfe Glick|Intimidate|boost
|-unboost|p2a: Moom|atk|1
|-unboost|p2b: Très Skillé|atk|1
|move|p2a: Moom|Moongeist Beam|p1a: @Not Wolfe Glick
|-resisted|p1a: @Not Wolfe Glick
|-damage|p1a: @Not Wolfe Glick|81/100
|cant|p2b: Très Skillé|slp
|move|p1b: PTSD Mushroom|Spore|p2a: Moom
|-status|p2a: Moom|slp|[from] move: Spore
|
|upkeep
|turn|5
|inactive|It'sJustKen VGC has 30 seconds left.
|inactive|It'sJustKen VGC has 20 seconds left.
|
|t:|1750807821
|cant|p2a: Moom|slp
|cant|p2b: Très Skillé|slp
|move|p1a: @Not Wolfe Glick|Knock Off|p2a: Moom
|-resisted|p2a: Moom
|-damage|p2a: Moom|94/100 slp
|-enditem|p2a: Moom|Leftovers|[from] move: Knock Off|[of] p1a: @Not Wolfe Glick
|move|p1b: PTSD Mushroom|Sludge Bomb|p2a: Moom
|-supereffective|p2a: Moom
|-damage|p2a: Moom|72/100 slp
|
|upkeep
|turn|6
|
|t:|1750807833
|cant|p2a: Moom|slp
|cant|p2b: Très Skillé|slp
|move|p1a: @Not Wolfe Glick|Flare Blitz|p2a: Moom
|-damage|p2a: Moom|42/100 slp
|-damage|p1a: @Not Wolfe Glick|69/100|[from] Recoil
|move|p1b: PTSD Mushroom|Sludge Bomb|p2b: Très Skillé
|-supereffective|p2b: Très Skillé
|-damage|p2b: Très Skillé|70/100 slp
|
|upkeep
|turn|7
|
|t:|1750807842
|-curestatus|p2a: Moom|slp|[msg]
|move|p2a: Moom|Protect|p2a: Moom
|-singleturn|p2a: Moom|Protect
|-curestatus|p2b: Très Skillé|slp|[msg]
|move|p2b: Très Skillé|Thunder Wave|p1b: PTSD Mushroom
|-status|p1b: PTSD Mushroom|par
|move|p1a: @Not Wolfe Glick|Flare Blitz|p2b: Très Skillé
|-damage|p2b: Très Skillé|28/100
|-damage|p1a: @Not Wolfe Glick|54/100|[from] Recoil
|cant|p1b: PTSD Mushroom|par
|
|upkeep
|turn|8
|
|t:|1750807862
|switch|p2a: Goudron|Groudon, L50|100/100
|-weather|SunnyDay|[from] ability: Drought|[of] p2a: Goudron
|switch|p2b: Pont|Ogerpon-Hearthflame, L50, F|100/100
|-ability|p2b: Pont|Mold Breaker
|switch|p1b: Steven He|Urshifu-Rapid-Strike, L50, F|100/100
|move|p1a: @Not Wolfe Glick|U-turn|p2b: Pont
|-crit|p2b: Pont
|-damage|p2b: Pont|76/100
|inactive|It'sJustKen VGC has 30 seconds left.
|j| AxonAries
|inactive|It'sJustKen VGC has 20 seconds left.
|
|t:|1750807901
|switch|p1a: Chicken Jockey|Calyrex-Shadow, L50, tera:Ghost|100/100 par|[from] U-turn
|-ability|p1a: Chicken Jockey|As One
|-ability|p1a: Chicken Jockey|Unnerve
|
|-weather|SunnyDay|[upkeep]
|upkeep
|turn|9
|
|t:|1750807921
|move|p1a: Chicken Jockey|Protect|p1a: Chicken Jockey
|-singleturn|p1a: Chicken Jockey|Protect
|move|p1b: Steven He|U-turn|p2b: Pont
|-damage|p2b: Pont|61/100
|
|t:|1750807926
|switch|p1b: @Not Wolfe Glick|Incineroar, L50, M|54/100|[from] U-turn
|-ability|p1b: @Not Wolfe Glick|Intimidate|boost
|-fail|p2a: Goudron|unboost|[from] item: Clear Amulet|[of] p2a: Goudron
|-unboost|p2b: Pont|atk|1
|move|p2b: Pont|Horn Leech|p1b: @Not Wolfe Glick
|-resisted|p1b: @Not Wolfe Glick
|-damage|p1b: @Not Wolfe Glick|41/100
|-heal|p2b: Pont|68/100|[from] drain|[of] p1b: @Not Wolfe Glick
|move|p2a: Goudron|Precipice Blades|p1a: Chicken Jockey|[spread] p1b
|-activate|p1a: Chicken Jockey|move: Protect
|-supereffective|p1b: @Not Wolfe Glick
|-damage|p1b: @Not Wolfe Glick|0 fnt
|faint|p1b: @Not Wolfe Glick
|
|-weather|SunnyDay|[upkeep]
|-sideend|p2: Ludikrik|Reflect
|upkeep
|
|t:|1750807931
|switch|p1b: Steven He|Urshifu-Rapid-Strike, L50, F|100/100
|turn|10
|
|t:|1750807947
|move|p1b: Steven He|Close Combat|p2b: Pont
|-damage|p2b: Pont|14/100
|-unboost|p1b: Steven He|def|1
|-unboost|p1b: Steven He|spd|1
|move|p2b: Pont|Ivy Cudgel|p1a: Chicken Jockey|[anim] Ivy Cudgel Fire
|-damage|p1a: Chicken Jockey|43/100 par
|move|p2a: Goudron|Heat Crash|p1a: Chicken Jockey
|-damage|p1a: Chicken Jockey|0 fnt
|faint|p1a: Chicken Jockey
|
|-weather|SunnyDay|[upkeep]
|-sideend|p2: Ludikrik|move: Light Screen
|upkeep
|inactive|It'sJustKen VGC has 30 seconds left.
|
|t:|1750807981
|switch|p1a: PTSD Mushroom|Amoonguss, L50, F|88/100 par
|turn|11
|inactive|Ludikrik has 30 seconds left.
|
|t:|1750808010
|move|p1b: Steven He|Close Combat|p2b: Pont
|-damage|p2b: Pont|0 fnt
|-unboost|p1b: Steven He|def|1
|-unboost|p1b: Steven He|spd|1
|faint|p2b: Pont
|move|p2a: Goudron|Heat Crash|p1a: PTSD Mushroom
|-supereffective|p1a: PTSD Mushroom
|-damage|p1a: PTSD Mushroom|0 fnt
|faint|p1a: PTSD Mushroom
|
|-weather|SunnyDay|[upkeep]
|upkeep
|
|t:|1750808019
|switch|p2b: Très Skillé|Grimmsnarl, L50, M|28/100
|turn|12
|
|t:|1750808027
|move|p2b: Très Skillé|Thunder Wave|p1b: Steven He
|-status|p1b: Steven He|par
|move|p2a: Goudron|High Horsepower|p1b: Steven He
|-damage|p1b: Steven He|0 fnt
|faint|p1b: Steven He
|
|win|Ludikrik
|raw|It&apos;sJustKen VGC's rating: 1668 &rarr; <strong>1645</strong><br />(-23 for losing)
|raw|Ludikrik's rating: 1613 &rarr; <strong>1636</strong><br />(+23 for winning)
