|j|☆Lemon989
|j|☆Chespin0808
|t:|1750740369
|gametype|doubles
|player|p1|Lemon989|n|1339
|player|p2|Chespin0808|preschoolerf|1358
|teamsize|p1|6
|teamsize|p2|6
|gen|9
|tier|[Gen 9] VGC 2025 Reg I
|rated|
|rule|Species Clause: Limit one of each Pokémon
|rule|Item Clause: Limit 1 of each item
|clearpoke
|poke|p1|Kyurem-White, L50|
|poke|p1|Lunala, L50|
|poke|p1|Ninetales-Alola, L50, F|
|poke|p1|Tornadus, L50, M|
|poke|p1|Ursaluna, L50, M|
|poke|p1|Urshifu-*, L50, M|
|poke|p2|Calyrex-Shadow, L50|
|poke|p2|Zamazenta-*, L50|
|poke|p2|Grimmsnarl, L50, M|
|poke|p2|Landorus, L50, M|
|poke|p2|Rillaboom, L50, M|
|poke|p2|Ogerpon-Cornerstone, L50, F|
|teampreview|4
|
|t:|1750740402
|start
|switch|p1a: Kyurem|Kyurem-White, L50, shiny|100/100
|switch|p1b: Tornadus|Tornadus, L50, M|100/100
|switch|p2a: Calyrex|Calyrex-Shadow, L50|100/100
|switch|p2b: Grimmsnarl|Grimmsnarl, L50, M, shiny|100/100
|-ability|p2a: Calyrex|As One
|-ability|p2a: Calyrex|Unnerve
|-ability|p1a: Kyurem|Turboblaze
|turn|1
|
|t:|1750740430
|move|p2b: Grimmsnarl|Fake Out|p1a: Kyurem
|-damage|p1a: Kyurem|91/100
|move|p1b: Tornadus|Snowscape|p1b: Tornadus
|-weather|Snowscape
|move|p2a: Calyrex|Astral Barrage|p1a: Kyurem|[spread] p1a,p1b
|-crit|p1a: Kyurem
|-damage|p1a: Kyurem|55/100
|-damage|p1b: Tornadus|55/100
|cant|p1a: Kyurem|flinch
|
|-weather|Snowscape|[upkeep]
|upkeep
|turn|2
|
|t:|1750740457
|move|p2a: Calyrex|Protect|p2a: Calyrex
|-singleturn|p2a: Calyrex|Protect
|move|p2b: Grimmsnarl|Thunder Wave|p1a: Kyurem
|-status|p1a: Kyurem|par
|move|p1b: Tornadus|Bleakwind Storm|p2a: Calyrex|[spread] p2b
|-activate|p2a: Calyrex|move: Protect
|-damage|p2b: Grimmsnarl|66/100
|move|p1a: Kyurem|Blizzard|p2a: Calyrex|[spread] p2b
|-activate|p2a: Calyrex|move: Protect
|-damage|p2b: Grimmsnarl|9/100
|
|-weather|Snowscape|[upkeep]
|upkeep
|turn|3
|
|t:|1750740475
|move|p1b: Tornadus|Tailwind|p1b: Tornadus
|-sidestart|p1: Lemon989|move: Tailwind
|move|p2b: Grimmsnarl|Sucker Punch|p1a: Kyurem
|-damage|p1a: Kyurem|40/100 par
|move|p2a: Calyrex|Astral Barrage|p1b: Tornadus|[spread] p1a,p1b
|-crit|p1b: Tornadus
|-damage|p1a: Kyurem|14/100 par
|-damage|p1b: Tornadus|0 fnt
|faint|p1b: Tornadus
|-ability|p2a: Calyrex|Grim Neigh|boost
|-boost|p2a: Calyrex|spa|1
|move|p1a: Kyurem|Draco Meteor|p2a: Calyrex
|-damage|p2a: Calyrex|15/100
|-unboost|p1a: Kyurem|spa|2
|-enditem|p2a: Calyrex|Sitrus Berry|[eat]
|-heal|p2a: Calyrex|40/100|[from] item: Sitrus Berry
|
|-weather|Snowscape|[upkeep]
|upkeep
|
|t:|1750740495
|switch|p1b: Urshifu|Urshifu-Rapid-Strike, L50, M|100/100
|turn|4
|
|t:|1750740516
|-terastallize|p1b: Urshifu|Water
|move|p2b: Grimmsnarl|Thunder Wave|p1b: Urshifu
|-status|p1b: Urshifu|par
|cant|p1b: Urshifu|par
|move|p2a: Calyrex|Draining Kiss|p1b: Urshifu
|-damage|p1b: Urshifu|61/100 par
|-heal|p2a: Calyrex|66/100|[from] drain|[of] p1b: Urshifu
|move|p1a: Kyurem|Blizzard|p2a: Calyrex|[spread] p2a,p2b
|-damage|p2a: Calyrex|39/100
|-damage|p2b: Grimmsnarl|0 fnt
|faint|p2b: Grimmsnarl
|
|-weather|Snowscape|[upkeep]
|upkeep
|
|t:|1750740529
|switch|p2b: Ogerpon|Ogerpon-Cornerstone, L50, F|100/100
|turn|5
|
|t:|1750740543
|move|p1b: Urshifu|Surging Strikes|p2a: Calyrex
|-crit|p2a: Calyrex
|-damage|p2a: Calyrex|9/100
|-crit|p2a: Calyrex
|-damage|p2a: Calyrex|0 fnt
|faint|p2a: Calyrex
|-hitcount|p2: Calyrex|2
|move|p2b: Ogerpon|Ivy Cudgel|p1b: Urshifu|[anim] Ivy Cudgel Rock
|-damage|p1b: Urshifu|5/100 par
|cant|p1a: Kyurem|par
|
|-weather|none
|upkeep
|
|t:|1750740553
|switch|p2a: Zamazenta|Zamazenta-Crowned, L50|100/100
|-ability|p2a: Zamazenta|Dauntless Shield|boost
|-boost|p2a: Zamazenta|def|1
|turn|6
|
|t:|1750740583
|-terastallize|p2a: Zamazenta|Dragon
|move|p2a: Zamazenta|Wide Guard|p2a: Zamazenta
|-singleturn|p2a: Zamazenta|Wide Guard
|move|p1b: Urshifu|Surging Strikes|p2b: Ogerpon
|-crit|p2b: Ogerpon
|-damage|p2b: Ogerpon|67/100
|-crit|p2b: Ogerpon
|-damage|p2b: Ogerpon|34/100
|-crit|p2b: Ogerpon
|-damage|p2b: Ogerpon|0 fnt
|faint|p2b: Ogerpon
|-hitcount|p2: Ogerpon|3
|move|p1a: Kyurem|Fusion Flare|p2a: Zamazenta
|-resisted|p2a: Zamazenta
|-damage|p2a: Zamazenta|93/100
|
|-sideend|p1: Lemon989|move: Tailwind
|upkeep
|turn|7
|
|t:|1750740609
|move|p2a: Zamazenta|Body Press|p1a: Kyurem
|-supereffective|p1a: Kyurem
|-damage|p1a: Kyurem|0 fnt
|faint|p1a: Kyurem
|cant|p1b: Urshifu|par
|
|upkeep
|
|t:|1750740614
|switch|p1a: Lunala|Lunala, L50|100/100
|turn|8
|
|t:|1750740626
|move|p2a: Zamazenta|Heavy Slam|p1a: Lunala
|-damage|p1a: Lunala|82/100
|cant|p1b: Urshifu|par
|move|p1a: Lunala|Moongeist Beam|p2a: Zamazenta
|-damage|p2a: Zamazenta|57/100
|
|upkeep
|turn|9
|
|t:|1750740645
|move|p2a: Zamazenta|Heavy Slam|p1a: Lunala
|-crit|p1a: Lunala
|-damage|p1a: Lunala|30/100
|move|p1b: Urshifu|Surging Strikes|p2a: Zamazenta
|-resisted|p2a: Zamazenta
|-crit|p2a: Zamazenta
|-damage|p2a: Zamazenta|47/100
|-resisted|p2a: Zamazenta
|-crit|p2a: Zamazenta
|-damage|p2a: Zamazenta|39/100
|-resisted|p2a: Zamazenta
|-crit|p2a: Zamazenta
|-damage|p2a: Zamazenta|29/100
|-hitcount|p2a: Zamazenta|3
|move|p1a: Lunala|Moongeist Beam|p2a: Zamazenta
|-damage|p2a: Zamazenta|0 fnt
|faint|p2a: Zamazenta
|
|win|Lemon989
|raw|Lemon989's rating: 1339 &rarr; <strong>1360</strong><br />(+21 for winning)
|raw|Chespin0808's rating: 1358 &rarr; <strong>1337</strong><br />(-21 for losing)
|l|☆Lemon989
|player|p1|
|l|☆Chespin0808
|player|p2|
|j|☆Lemon989
|player|p1|Lemon989|n|
|l|☆Lemon989
|player|p1|
