|j|☆egidas
|j|☆blu3cr33p3r
|t:|1750802753
|gametype|doubles
|player|p1|egidas|1|1236
|player|p2|blu3cr33p3r|bruno|1243
|teamsize|p1|6
|teamsize|p2|6
|gen|9
|tier|[Gen 9] VGC 2025 Reg I
|rated|
|rule|Species Clause: Limit one of each Pokémon
|rule|Item Clause: Limit 1 of each item
|clearpoke
|poke|p1|Miraidon, L50|
|poke|p1|Gholdengo, L50|
|poke|p1|Farigiraf, L50, M|
|poke|p1|Murkrow, L50, F|
|poke|p1|Ogerpon-Hearthflame, L50, F|
|poke|p1|Iron Hands, L50|
|poke|p2|Lunala, L50|
|poke|p2|Ursaluna, L50, F|
|poke|p2|Urshifu-*, L50, M|
|poke|p2|Miraidon, L50|
|poke|p2|Grimmsnarl, L50, M|
|poke|p2|Incineroar, L50, F|
|teampreview|4
|inactive|Battle timer is ON: inactive players will automatically lose when time's up. (requested by egidas)
|
|t:|1750802805
|start
|switch|p1a: Miraidon|Miraidon, L50|100/100
|switch|p1b: Farigiraf|Farigiraf, L50, M|100/100
|switch|p2a: Miraidon|Miraidon, L50|100/100
|switch|p2b: Grimmsnarl|Grimmsnarl, L50, M|100/100
|-fieldstart|move: Electric Terrain|[from] ability: Hadron Engine|[of] p2a: Miraidon
|-activate|p1a: Miraidon|ability: Hadron Engine
|turn|1
|inactive|blu3cr33p3r has 30 seconds left.
|
|t:|1750802831
|-terastallize|p1a: Miraidon|Water
|move|p1b: Farigiraf|Helping Hand|p1a: Miraidon
|-singleturn|p1a: Miraidon|Helping Hand|[of] p1b: Farigiraf
|move|p2b: Grimmsnarl|Light Screen|p2b: Grimmsnarl
|-sidestart|p2: blu3cr33p3r|move: Light Screen
|move|p2a: Miraidon|Draco Meteor|p1a: Miraidon
|-damage|p1a: Miraidon|25/100
|-unboost|p2a: Miraidon|spa|2
|move|p1a: Miraidon|Dazzling Gleam|p2a: Miraidon|[spread] p2a,p2b
|-supereffective|p2a: Miraidon
|-supereffective|p2b: Grimmsnarl
|-damage|p2a: Miraidon|50/100
|-damage|p2b: Grimmsnarl|14/100
|
|upkeep
|turn|2
|inactive|blu3cr33p3r has 30 seconds left.
|inactive|blu3cr33p3r has 20 seconds left.
|inactive|blu3cr33p3r has 15 seconds left.
|inactive|blu3cr33p3r has 10 seconds left.
|
|t:|1750802877
|switch|p1a: Murkrow|Murkrow, L50, F|100/100
|move|p2b: Grimmsnarl|Reflect|p2b: Grimmsnarl
|-sidestart|p2: blu3cr33p3r|Reflect
|move|p2a: Miraidon|Electro Drift|p1a: Murkrow
|-supereffective|p1a: Murkrow
|-enditem|p1a: Murkrow|Focus Sash
|-damage|p1a: Murkrow|1/100
|move|p1b: Farigiraf|Psychic Fangs|p2a: Miraidon
|-sideend|p2: blu3cr33p3r|Reflect
|-sideend|p2: blu3cr33p3r|move: Light Screen
|-damage|p2a: Miraidon|26/100
|
|upkeep
|turn|3
|inactive|egidas has 30 seconds left.
|inactive|blu3cr33p3r has 30 seconds left.
|
|t:|1750802913
|switch|p2a: Ursaluna|Ursaluna, L50, F|100/100
|move|p1b: Farigiraf|Protect|p1b: Farigiraf
|-singleturn|p1b: Farigiraf|Protect
|move|p1a: Murkrow|Sucker Punch||[still]
|-fail|p1a: Murkrow
|move|p2b: Grimmsnarl|Light Screen|p2b: Grimmsnarl
|-sidestart|p2: blu3cr33p3r|move: Light Screen
|
|-status|p2a: Ursaluna|brn|[from] item: Flame Orb
|upkeep
|turn|4
|
|t:|1750802938
|switch|p1a: Ogerpon|Ogerpon-Hearthflame, L50, F|100/100
|-ability|p1a: Ogerpon|Mold Breaker
|move|p2b: Grimmsnarl|Spirit Break|p1a: Ogerpon
|-resisted|p1a: Ogerpon
|-crit|p1a: Ogerpon
|-damage|p1a: Ogerpon|75/100
|-unboost|p1a: Ogerpon|spa|1
|move|p1b: Farigiraf|Psychic Fangs|p2a: Ursaluna
|-sideend|p2: blu3cr33p3r|move: Light Screen
|-damage|p2a: Ursaluna|81/100 brn
|move|p2a: Ursaluna|Facade|p1b: Farigiraf
|-damage|p1b: Farigiraf|0 fnt
|faint|p1b: Farigiraf
|
|-damage|p2a: Ursaluna|75/100 brn|[from] brn
|upkeep
|
|t:|1750802945
|switch|p1b: Miraidon|Miraidon, L50, tera:Water|25/100
|-activate|p1b: Miraidon|ability: Hadron Engine
|turn|5
|inactive|blu3cr33p3r has 30 seconds left.
|inactive|egidas has 30 seconds left.
|
|t:|1750802979
|move|p2b: Grimmsnarl|Light Screen|p2b: Grimmsnarl
|-sidestart|p2: blu3cr33p3r|move: Light Screen
|move|p1b: Miraidon|Volt Switch|p2b: Grimmsnarl
|-damage|p2b: Grimmsnarl|0 fnt
|faint|p2b: Grimmsnarl
|
|t:|1750802985
|switch|p1b: Murkrow|Murkrow, L50, F|1/100|[from] Volt Switch
|move|p1a: Ogerpon|Ivy Cudgel|p2a: Ursaluna|[anim] Ivy Cudgel Fire
|-damage|p2a: Ursaluna|27/100 brn
|move|p2a: Ursaluna|Facade|p1b: Murkrow
|-damage|p1b: Murkrow|0 fnt
|faint|p1b: Murkrow
|
|-damage|p2a: Ursaluna|21/100 brn|[from] brn
|-fieldend|move: Electric Terrain
|upkeep
|
|t:|1750803001
|switch|p1b: Miraidon|Miraidon, L50, tera:Water|25/100
|switch|p2b: Miraidon|Miraidon, L50|26/100
|-fieldstart|move: Electric Terrain|[from] ability: Hadron Engine|[of] p2b: Miraidon
|-activate|p1b: Miraidon|ability: Hadron Engine
|turn|6
|
|t:|1750803016
|move|p2b: Miraidon|Electro Drift|p1b: Miraidon
|-supereffective|p1b: Miraidon
|-damage|p1b: Miraidon|0 fnt
|faint|p1b: Miraidon
|move|p1a: Ogerpon|Brick Break|p2b: Miraidon
|-sideend|p2: blu3cr33p3r|move: Light Screen
|-damage|p2b: Miraidon|1/100
|move|p2a: Ursaluna|Facade|p1a: Ogerpon
|-damage|p1a: Ogerpon|0 fnt
|faint|p1a: Ogerpon
|
|win|blu3cr33p3r
|raw|egidas's rating: 1236 &rarr; <strong>1212</strong><br />(-24 for losing)
|raw|blu3cr33p3r's rating: 1243 &rarr; <strong>1267</strong><br />(+24 for winning)
|l|☆egidas
|player|p1|
