|j|☆zixhen
|j|☆G.Shadow22
|t:|1750806668
|gametype|doubles
|player|p1|zixhen|n|1081
|player|p2|G.Shadow22|steven|1138
|teamsize|p1|6
|teamsize|p2|6
|gen|9
|tier|[Gen 9] VGC 2025 Reg I
|rated|
|rule|Species Clause: Limit one of each Pokémon
|rule|Item Clause: Limit 1 of each item
|clearpoke
|poke|p1|Mabosstiff, L50, M|
|poke|p1|Indeedee-F, L50, F|
|poke|p1|Flutter Mane, L50|
|poke|p1|Kingambit, L50, M|
|poke|p1|Gallade, L50, M|
|poke|p1|Mewtwo, L50|
|poke|p2|Urshifu-*, L50, F|
|poke|p2|Miraidon, L50|
|poke|p2|Iron Hands, L50|
|poke|p2|Flutter Mane, L50|
|poke|p2|Tornadus, L50, M|
|poke|p2|Chi-Yu, L50|
|teampreview|4
|l|☆G.Shadow22
|player|p2|
|j|☆G.Shadow22
|player|p2|G.Shadow22|steven|
|
|t:|1750806726
|start
|switch|p1a: Gallade|Gallade, L50, M|100/100
|switch|p1b: Indeedee|Indeedee-F, L50, F|100/100
|switch|p2a: Tornadus|Tornadus, L50, M|100/100
|switch|p2b: Urshifu|Urshifu-Rapid-Strike, L50, F|100/100
|-fieldstart|move: Psychic Terrain|[from] ability: Psychic Surge|[of] p1b: Indeedee
|turn|1
|
|t:|1750806766
|move|p1b: Indeedee|Follow Me|p1b: Indeedee
|-singleturn|p1b: Indeedee|move: Follow Me
|move|p2a: Tornadus|Bleakwind Storm|p1a: Gallade|[spread] p1b
|-miss|p2a: Tornadus|p1a: Gallade
|-damage|p1b: Indeedee|66/100
|move|p2b: Urshifu|Surging Strikes|p1b: Indeedee
|-crit|p1b: Indeedee
|-damage|p1b: Indeedee|34/100
|-crit|p1b: Indeedee
|-damage|p1b: Indeedee|2/100
|-crit|p1b: Indeedee
|-damage|p1b: Indeedee|0 fnt
|faint|p1b: Indeedee
|-hitcount|p1: Indeedee|3
|move|p1a: Gallade|Trick Room|p1a: Gallade
|-fieldstart|move: Trick Room|[of] p1a: Gallade
|
|upkeep
|
|t:|1750806785
|switch|p1b: Mabosstiff|Mabosstiff, L50, M|100/100
|-ability|p1b: Mabosstiff|Intimidate|boost
|-unboost|p2a: Tornadus|atk|1
|-unboost|p2b: Urshifu|atk|1
|turn|2
|
|t:|1750806813
|move|p1a: Gallade|Psycho Cut|p2b: Urshifu
|-supereffective|p2b: Urshifu
|-damage|p2b: Urshifu|0 fnt
|faint|p2b: Urshifu
|move|p1b: Mabosstiff|Thunder Fang|p2a: Tornadus
|-supereffective|p2a: Tornadus
|-damage|p2a: Tornadus|39/100
|move|p2a: Tornadus|Bleakwind Storm|p1b: Mabosstiff|[spread] p1a,p1b
|-supereffective|p1a: Gallade
|-damage|p1a: Gallade|51/100
|-damage|p1b: Mabosstiff|70/100
|-unboost|p1b: Mabosstiff|spe|1
|
|upkeep
|
|t:|1750806827
|switch|p2b: Iron Hands|Iron Hands, L50|100/100
|-enditem|p2b: Iron Hands|Booster Energy
|-activate|p2b: Iron Hands|ability: Quark Drive|[fromitem]
|-start|p2b: Iron Hands|quarkdriveatk
|turn|3
|
|t:|1750806848
|move|p1b: Mabosstiff|Thunder Fang|p2a: Tornadus
|-supereffective|p2a: Tornadus
|-damage|p2a: Tornadus|0 fnt
|faint|p2a: Tornadus
|move|p2b: Iron Hands|Drain Punch|p1b: Mabosstiff
|-supereffective|p1b: Mabosstiff
|-damage|p1b: Mabosstiff|0 fnt
|faint|p1b: Mabosstiff
|move|p1a: Gallade|Psycho Cut|p2b: Iron Hands
|-supereffective|p2b: Iron Hands
|-damage|p2b: Iron Hands|21/100
|
|upkeep
|
|t:|1750806860
|switch|p1b: Kingambit|Kingambit, L50, M|100/100
|switch|p2a: Chi-Yu|Chi-Yu, L50|100/100
|-ability|p2a: Chi-Yu|Beads of Ruin
|turn|4
|
|t:|1750806890
|move|p1b: Kingambit|Swords Dance|p1b: Kingambit
|-boost|p1b: Kingambit|atk|2
|move|p2b: Iron Hands|Drain Punch|p1b: Kingambit
|-supereffective|p1b: Kingambit
|-damage|p1b: Kingambit|0 fnt
|-heal|p2b: Iron Hands|66/100|[from] drain|[of] p1b: Kingambit
|faint|p1b: Kingambit
|move|p1a: Gallade|Sacred Sword|p2a: Chi-Yu
|-supereffective|p2a: Chi-Yu
|-damage|p2a: Chi-Yu|0 fnt
|faint|p2a: Chi-Yu
|
|upkeep
|turn|5
|
|t:|1750806909
|move|p1a: Gallade|Protect|p1a: Gallade
|-singleturn|p1a: Gallade|Protect
|move|p2b: Iron Hands|Wild Charge|p1a: Gallade
|-activate|p1a: Gallade|move: Protect
|
|-fieldend|move: Trick Room
|upkeep
|turn|6
|
|t:|1750806922
|-terastallize|p1a: Gallade|Psychic
|move|p1a: Gallade|Psycho Cut|p2b: Iron Hands
|-supereffective|p2b: Iron Hands
|-damage|p2b: Iron Hands|0 fnt
|faint|p2b: Iron Hands
|-end|p2b: Iron Hands|Quark Drive|[silent]
|
|win|zixhen
|raw|zixhen's rating: 1081 &rarr; <strong>1113</strong><br />(+32 for winning)
|raw|G.Shadow22's rating: 1138 &rarr; <strong>1109</strong><br />(-29 for losing)
|l|☆G.Shadow22
|player|p2|
|l|☆zixhen
|player|p1|
