|j|☆turtle100000000
|j|☆jirufell
|t:|1750860913
|gametype|doubles
|player|p1|turtle100000000|roxanne|
|player|p2|jirufell|acetrainerf|
|teamsize|p1|6
|teamsize|p2|6
|gen|9
|tier|[Gen 9] VGC 2025 Reg I
|rated|Tournament battle
|rule|Species Clause: Limit one of each Pokémon
|rule|Item Clause: Limit 1 of each item
|raw|<div class="infobox"><details class="readmore" open><summary><strong>2 custom rules:</strong></summary> Force Open Team Sheets, !Open Team Sheets</details></div>
|clearpoke
|poke|p1|Koraidon, L50|
|poke|p1|Walking Wake, L50|
|poke|p1|Brute Bonnet, L50|
|poke|p1|Calyrex-Shadow, L50|
|poke|p1|Incineroar, L50, F|
|poke|p1|Weezing-Galar, L50, F|
|poke|p2|Miraidon, L50|
|poke|p2|Zamazenta-*, L50|
|poke|p2|Farigiraf, L50, M|
|poke|p2|Iron Hands, L50|
|poke|p2|Chien-Pao, L50|
|poke|p2|Whimsicott, L50, M|
|teampreview|4
|showteam|p1|Koraidon||LifeOrb|OrichalcumPulse|CloseCombat,FlareBlitz,FlameCharge,Protect||||||50|,,,,,Fire]Walking Wake||ChoiceSpecs|Protosynthesis|HydroSteam,DracoMeteor,DragonPulse,TeraBlast||||||50|,,,,,Fire]Brute Bonnet||CovertCloak|Protosynthesis|SuckerPunch,Spore,RagePowder,SeedBomb||||||50|,,,,,Water]Calyrex-Shadow||FocusSash|AsOneSpectrier|Psychic,AstralBarrage,Encore,Protect||||||50|,,,,,Dark]Incineroar||RockyHelmet|Intimidate|FakeOut,KnockOff,Protect,PartingShot|||F|||50|,,,,,Water]Weezing-Galar||SafetyGoggles|NeutralizingGas|Protect,Taunt,WillOWisp,StrangeSteam|||F|||50|,,,,,Dark
|showteam|p2|Miraidon||ChoiceSpecs|HadronEngine|DazzlingGleam,ElectroDrift,DracoMeteor,VoltSwitch||||||50|,,,,,Fairy]Zamazenta-Crowned||RustedShield|DauntlessShield|BodyPress,HeavySlam,WideGuard,Protect||||||50|,,,,,Dragon]Farigiraf||ElectricSeed|ArmorTail|FoulPlay,HelpingHand,Psychic,TrickRoom|||M|||50|,,,,,Water]Iron Hands||AssaultVest|QuarkDrive|FakeOut,VoltSwitch,WildCharge,DrainPunch||||||50|,,,,,Water]Chien-Pao||FocusSash|SwordofRuin|SuckerPunch,Crunch,IcicleCrash,Protect||||||50|,,,,,Stellar]Whimsicott||CovertCloak|Prankster|Moonblast,Tailwind,LightScreen,Encore|||M|||50|,,,,,Fire
|c|☆turtle100000000|glhf
|j| nethy0000
|c|☆jirufell|u2
|l| nethy0000
|j| DesertGardener
|j| gappee
|
|t:|1750860997
|start
|switch|p1a: Koraidon|Koraidon, L50|100/100
|switch|p1b: Brute Bonnet|Brute Bonnet, L50|100/100
|switch|p2a: Farigiraf|Farigiraf, L50, M|100/100
|switch|p2b: Miraidon|Miraidon, L50|100/100
|-weather|SunnyDay|[from] ability: Orichalcum Pulse|[of] p1a: Koraidon
|-activate|p1b: Brute Bonnet|ability: Protosynthesis
|-start|p1b: Brute Bonnet|protosynthesisdef
|-activate|p1a: Koraidon|Orichalcum Pulse|[source]
|-fieldstart|move: Electric Terrain|[from] ability: Hadron Engine|[of] p2b: Miraidon
|-enditem|p2a: Farigiraf|Electric Seed
|-boost|p2a: Farigiraf|def|1|[from] item: Electric Seed
|turn|1
|l| gappee
|
|t:|1750861024
|move|p1b: Brute Bonnet|Rage Powder|p1b: Brute Bonnet
|-singleturn|p1b: Brute Bonnet|move: Rage Powder
|move|p1a: Koraidon|Close Combat|p2a: Farigiraf
|-damage|p2a: Farigiraf|43/100
|-unboost|p1a: Koraidon|def|1
|-unboost|p1a: Koraidon|spd|1
|-damage|p1a: Koraidon|91/100|[from] item: Life Orb
|move|p2b: Miraidon|Volt Switch|p1b: Brute Bonnet
|-resisted|p1b: Brute Bonnet
|-damage|p1b: Brute Bonnet|65/100
|
|t:|1750861029
|switch|p2b: Iron Hands|Iron Hands, L50|100/100|[from] Volt Switch
|-activate|p2b: Iron Hands|ability: Quark Drive
|-start|p2b: Iron Hands|quarkdriveatk
|move|p2a: Farigiraf|Trick Room|p2a: Farigiraf
|-fieldstart|move: Trick Room|[of] p2a: Farigiraf
|
|-weather|SunnyDay|[upkeep]
|upkeep
|turn|2
|j| tomas208 y aro
|j| ShirtlessRayRizzo
|
|t:|1750861053
|-end|p1b: Brute Bonnet|Protosynthesis|[silent]
|switch|p1b: Calyrex|Calyrex-Shadow, L50|100/100
|-ability|p1b: Calyrex|As One
|-ability|p1b: Calyrex|Unnerve
|move|p2a: Farigiraf|Helping Hand|p2b: Iron Hands
|-singleturn|p2b: Iron Hands|Helping Hand|[of] p2a: Farigiraf
|move|p1a: Koraidon|Protect|p1a: Koraidon
|-singleturn|p1a: Koraidon|Protect
|move|p2b: Iron Hands|Drain Punch|p1a: Koraidon
|-activate|p1a: Koraidon|move: Protect
|
|-weather|SunnyDay|[upkeep]
|upkeep
|turn|3
|
|t:|1750861074
|switch|p1a: Walking Wake|Walking Wake, L50|100/100
|-activate|p1a: Walking Wake|ability: Protosynthesis
|-start|p1a: Walking Wake|protosynthesisspe
|move|p2b: Iron Hands|Drain Punch|p1a: Walking Wake
|-damage|p1a: Walking Wake|42/100
|move|p2a: Farigiraf|Foul Play|p1b: Calyrex
|-supereffective|p1b: Calyrex
|-damage|p1b: Calyrex|30/100
|move|p1b: Calyrex|Astral Barrage|p2b: Iron Hands|[spread] p2b
|-immune|p2a: Farigiraf
|-damage|p2b: Iron Hands|68/100
|
|-weather|SunnyDay|[upkeep]
|upkeep
|turn|4
|
|t:|1750861093
|move|p1b: Calyrex|Protect|p1b: Calyrex
|-singleturn|p1b: Calyrex|Protect
|move|p2b: Iron Hands|Drain Punch|p1a: Walking Wake
|-damage|p1a: Walking Wake|0 fnt
|-heal|p2b: Iron Hands|84/100|[from] drain|[of] p1a: Walking Wake
|faint|p1a: Walking Wake
|-end|p1a: Walking Wake|Protosynthesis|[silent]
|move|p2a: Farigiraf|Foul Play|p1b: Calyrex
|-activate|p1b: Calyrex|move: Protect
|
|-weather|SunnyDay|[upkeep]
|upkeep
|n| Indigo Flask|shirtlessrayrizzo
|
|t:|1750861104
|switch|p1a: Brute Bonnet|Brute Bonnet, L50|65/100
|-activate|p1a: Brute Bonnet|ability: Protosynthesis
|-start|p1a: Brute Bonnet|protosynthesisdef
|turn|5
|
|t:|1750861137
|switch|p2a: Chien-Pao|Chien-Pao, L50|100/100
|-ability|p2a: Chien-Pao|Sword of Ruin
|switch|p1b: Koraidon|Koraidon, L50|91/100
|-activate|p1b: Koraidon|ability: Orichalcum Pulse
|-terastallize|p1a: Brute Bonnet|Water
|move|p1a: Brute Bonnet|Spore|p2b: Iron Hands
|-activate|p2b: Iron Hands|move: Electric Terrain
|move|p2b: Iron Hands|Volt Switch|p1b: Koraidon
|-resisted|p1b: Koraidon
|-damage|p1b: Koraidon|82/100
|j| Ducktile
|
|t:|1750861157
|-end|p2b: Iron Hands|Quark Drive|[silent]
|switch|p2b: Miraidon|Miraidon, L50|100/100|[from] Volt Switch
|-activate|p2b: Miraidon|ability: Hadron Engine
|
|-weather|none
|-end|p1a: Brute Bonnet|Protosynthesis
|-fieldend|move: Trick Room
|-fieldend|move: Electric Terrain
|upkeep
|turn|6
|l| DesertGardener
|
|t:|1750861185
|-terastallize|p2b: Miraidon|Fairy
|move|p2a: Chien-Pao|Protect|p2a: Chien-Pao
|-singleturn|p2a: Chien-Pao|Protect
|move|p1a: Brute Bonnet|Rage Powder|p1a: Brute Bonnet
|-singleturn|p1a: Brute Bonnet|move: Rage Powder
|move|p1b: Koraidon|Flame Charge|p2a: Chien-Pao
|-activate|p2a: Chien-Pao|move: Protect
|move|p2b: Miraidon|Volt Switch|p1a: Brute Bonnet
|-supereffective|p1a: Brute Bonnet
|-damage|p1a: Brute Bonnet|0 fnt
|faint|p1a: Brute Bonnet
|-end|p1a: Brute Bonnet|Protosynthesis|[silent]
|
|t:|1750861199
|switch|p2b: Iron Hands|Iron Hands, L50|84/100|[from] Volt Switch
|
|upkeep
|c|☆turtle100000000|threw with the dumb tera
|
|t:|1750861205
|switch|p1a: Calyrex|Calyrex-Shadow, L50|30/100
|-ability|p1a: Calyrex|As One
|-ability|p1a: Calyrex|Unnerve
|turn|7
|l| tomas208 y aro
|
|t:|1750861216
|move|p1b: Koraidon|Protect|p1b: Koraidon
|-singleturn|p1b: Koraidon|Protect
|move|p2b: Iron Hands|Fake Out|p1b: Koraidon
|-activate|p1b: Koraidon|move: Protect
|move|p1a: Calyrex|Encore|p2a: Chien-Pao
|-start|p2a: Chien-Pao|Encore
|move|p2a: Chien-Pao|Protect||[still]
|-fail|p2a: Chien-Pao
|
|upkeep
|turn|8
|
|t:|1750861235
|switch|p2a: Miraidon|Miraidon, L50, tera:Fairy|100/100
|-fieldstart|move: Electric Terrain|[from] ability: Hadron Engine|[of] p2a: Miraidon
|-activate|p2b: Iron Hands|ability: Quark Drive
|-start|p2b: Iron Hands|quarkdriveatk
|move|p1a: Calyrex|Encore|p2b: Iron Hands
|-start|p2b: Iron Hands|Encore
|move|p1b: Koraidon|Flame Charge|p2a: Miraidon
|-damage|p2a: Miraidon|79/100
|-boost|p1b: Koraidon|spe|1
|-damage|p1b: Koraidon|73/100|[from] item: Life Orb
|move|p2b: Iron Hands|Fake Out||[still]
|-hint|Fake Out only works on your first turn out.
|-fail|p2b: Iron Hands
|
|upkeep
|turn|9
|j| tomas208 y aro
|
|t:|1750861262
|-end|p2b: Iron Hands|Quark Drive|[silent]
|switch|p2b: Farigiraf|Farigiraf, L50, M|43/100
|move|p1b: Koraidon|Flare Blitz|p2a: Miraidon
|-damage|p2a: Miraidon|32/100
|-damage|p1b: Koraidon|55/100|[from] Recoil
|-damage|p1b: Koraidon|45/100|[from] item: Life Orb
|move|p1a: Calyrex|Astral Barrage|p2b: Farigiraf|[spread] p2a
|-immune|p2b: Farigiraf
|-damage|p2a: Miraidon|0 fnt
|faint|p2a: Miraidon
|-ability|p1a: Calyrex|Grim Neigh|boost
|-boost|p1a: Calyrex|spa|1
|
|upkeep
|
|t:|1750861279
|switch|p2a: Chien-Pao|Chien-Pao, L50|100/100
|-ability|p2a: Chien-Pao|Sword of Ruin
|turn|10
|
|t:|1750861298
|move|p1b: Koraidon|Protect|p1b: Koraidon
|-singleturn|p1b: Koraidon|Protect
|move|p1a: Calyrex|Protect|p1a: Calyrex
|-singleturn|p1a: Calyrex|Protect
|move|p2a: Chien-Pao|Sucker Punch||[still]
|-fail|p2a: Chien-Pao
|move|p2b: Farigiraf|Psychic|p1b: Koraidon
|-activate|p1b: Koraidon|move: Protect
|
|upkeep
|turn|11
|
|t:|1750861328
|move|p1a: Calyrex|Protect|p1a: Calyrex
|-singleturn|p1a: Calyrex|Protect
|move|p1b: Koraidon|Close Combat|p2b: Farigiraf
|-damage|p2b: Farigiraf|0 fnt
|-unboost|p1b: Koraidon|def|1
|-unboost|p1b: Koraidon|spd|1
|faint|p2b: Farigiraf
|-damage|p1b: Koraidon|36/100|[from] item: Life Orb
|move|p2a: Chien-Pao|Crunch|p1a: Calyrex
|-activate|p1a: Calyrex|move: Protect
|
|upkeep
|
|t:|1750861332
|switch|p2b: Iron Hands|Iron Hands, L50|84/100
|-activate|p2b: Iron Hands|ability: Quark Drive
|-start|p2b: Iron Hands|quarkdriveatk
|turn|12
|
|t:|1750861349
|move|p1b: Koraidon|Protect|p1b: Koraidon
|-singleturn|p1b: Koraidon|Protect
|move|p2b: Iron Hands|Fake Out|p1b: Koraidon
|-activate|p1b: Koraidon|move: Protect
|move|p1a: Calyrex|Astral Barrage|p2a: Chien-Pao|[spread] p2a,p2b
|-resisted|p2a: Chien-Pao
|-damage|p2a: Chien-Pao|28/100
|-damage|p2b: Iron Hands|35/100
|move|p2a: Chien-Pao|Crunch|p1a: Calyrex
|-supereffective|p1a: Calyrex
|-damage|p1a: Calyrex|0 fnt
|faint|p1a: Calyrex
|
|-fieldend|move: Electric Terrain
|-end|p2b: Iron Hands|Quark Drive
|upkeep
|turn|13
|
|t:|1750861375
|move|p2a: Chien-Pao|Sucker Punch|p1b: Koraidon
|-resisted|p1b: Koraidon
|-damage|p1b: Koraidon|0 fnt
|faint|p1b: Koraidon
|
|win|jirufell
|n|☆turtle100000000|turtle100000000
|n|☆jirufell|jirufell
|n| Indigo Flask|indigoflask
|n| Ducktile|ducktile
|n| tomas208 y aro|tomas208yaro
