|j|☆TCBro89
|j|☆tomcheung22
|t:|1750867459
|gametype|doubles
|player|p1|TCBro89|red|
|player|p2|tomcheung22|lady|
|teamsize|p1|6
|teamsize|p2|6
|gen|9
|tier|[Gen 9] VGC 2025 Reg I
|rated|Tournament battle
|rule|Species Clause: Limit one of each Pokémon
|rule|Item Clause: Limit 1 of each item
|raw|<div class="infobox"><details class="readmore" open><summary><strong>2 custom rules:</strong></summary> Force Open Team Sheets, !Open Team Sheets</details></div>
|clearpoke
|poke|p1|Miraidon, L50|
|poke|p1|Iron Bundle, L50|
|poke|p1|Groudon, L50|
|poke|p1|Whimsicott, L50, F|
|poke|p1|Raging Bolt, L50|
|poke|p1|Farigiraf, L50, F|
|poke|p2|Koraidon, L50|
|poke|p2|Miraidon, L50|
|poke|p2|Flutter Mane, L50|
|poke|p2|Incineroar, L50, M|
|poke|p2|Gothitelle, L50, M|
|poke|p2|Scream Tail, L50|
|teampreview|4
|showteam|p1|Miraidon||ChoiceSpecs|HadronEngine|ElectroDrift,VoltSwitch,DracoMeteor,DazzlingGleam||||||50|,,,,,Fairy]Iron Bundle||FocusSash|QuarkDrive|IceBeam,IcyWind,Taunt,Protect||||||50|,,,,,Ice]Groudon||ClearAmulet|Drought|PrecipiceBlades,HeatCrash,BulkUp,Protect||||||50|,,,,,Fire]Whimsicott||CovertCloak|Prankster|Moonblast,Tailwind,Encore,Protect|||F|||50|,,,,,Water]Raging Bolt||IronBall|Protosynthesis|Thunderclap,RisingVoltage,DracoMeteor,Protect||||||50|,,,,,Electric]Farigiraf||RoomService|ArmorTail|FoulPlay,HelpingHand,TrickRoom,Protect|||F|||50|,,,,,Dark
|showteam|p2|Koraidon||LifeOrb|OrichalcumPulse|FlareBlitz,CloseCombat,FlameCharge,Protect||||||50|,,,,,Fire]Miraidon||ChoiceScarf|HadronEngine|ElectroDrift,DracoMeteor,VoltSwitch,Overheat||||||50|,,,,,Electric]Flutter Mane||FocusSash|Protosynthesis|Moonblast,ShadowBall,IcyWind,Protect||||||50|,,,,,Normal]Incineroar||SafetyGoggles|Intimidate|KnockOff,PartingShot,FakeOut,Protect|||M|||50|,,,,,Bug]Gothitelle||Leftovers|ShadowTag|Psychic,FakeOut,HelpingHand,Protect|||M|||50|,,,,,Water]Scream Tail||BoosterEnergy|Protosynthesis|PerishSong,Encore,Disable,Protect||||||50|,,,,,Dark
|inactive|Battle timer is ON: inactive players will automatically lose when time's up. (requested by TCBro89)
|inactive|tomcheung22 has 60 seconds left.
|
|t:|1750867517
|start
|switch|p1a: Miraidon|Miraidon, L50|100/100
|switch|p1b: Raging Bolt|Raging Bolt, L50|100/100
|switch|p2a: Flutter Mane|Flutter Mane, L50|100/100
|switch|p2b: Koraidon|Koraidon, L50|100/100
|-fieldstart|move: Electric Terrain|[from] ability: Hadron Engine|[of] p1a: Miraidon
|-weather|SunnyDay|[from] ability: Orichalcum Pulse|[of] p2b: Koraidon
|-activate|p2a: Flutter Mane|ability: Protosynthesis
|-start|p2a: Flutter Mane|protosynthesisspe
|-activate|p1b: Raging Bolt|ability: Protosynthesis
|-start|p1b: Raging Bolt|protosynthesisspa
|-activate|p2b: Koraidon|Orichalcum Pulse|[source]
|turn|1
|inactive|TCBro89 has 30 seconds left.
|inactive|TCBro89 has 20 seconds left.
|
|t:|1750867556
|-terastallize|p1a: Miraidon|Fairy
|move|p1b: Raging Bolt|Protect|p1b: Raging Bolt
|-singleturn|p1b: Raging Bolt|Protect
|move|p2a: Flutter Mane|Icy Wind|p1b: Raging Bolt|[spread] p1a
|-activate|p1b: Raging Bolt|move: Protect
|-damage|p1a: Miraidon|88/100
|-unboost|p1a: Miraidon|spe|1
|move|p2b: Koraidon|Close Combat|p1b: Raging Bolt
|-activate|p1b: Raging Bolt|move: Protect
|move|p1a: Miraidon|Draco Meteor|p2b: Koraidon
|-supereffective|p2b: Koraidon
|-damage|p2b: Koraidon|0 fnt
|-unboost|p1a: Miraidon|spa|2
|faint|p2b: Koraidon
|
|-weather|SunnyDay|[upkeep]
|upkeep
|
|t:|1750867569
|switch|p2b: Gothitelle|Gothitelle, L50, M|100/100
|turn|2
|
|t:|1750867593
|move|p2b: Gothitelle|Helping Hand|p2a: Flutter Mane
|-singleturn|p2a: Flutter Mane|Helping Hand|[of] p2b: Gothitelle
|move|p2a: Flutter Mane|Moonblast|p1b: Raging Bolt
|-supereffective|p1b: Raging Bolt
|-damage|p1b: Raging Bolt|0 fnt
|faint|p1b: Raging Bolt
|-end|p1b: Raging Bolt|Protosynthesis|[silent]
|move|p1a: Miraidon|Draco Meteor|p2b: Gothitelle
|-damage|p2b: Gothitelle|47/100
|-unboost|p1a: Miraidon|spa|2
|
|-weather|SunnyDay|[upkeep]
|-heal|p2b: Gothitelle|54/100|[from] item: Leftovers
|upkeep
|
|t:|1750867613
|switch|p1b: Groudon|Groudon, L50|100/100
|turn|3
|
|t:|1750867625
|move|p2b: Gothitelle|Protect|p2b: Gothitelle
|-singleturn|p2b: Gothitelle|Protect
|move|p2a: Flutter Mane|Moonblast|p1b: Groudon
|-damage|p1b: Groudon|55/100
|move|p1a: Miraidon|Draco Meteor|p2b: Gothitelle
|-activate|p2b: Gothitelle|move: Protect
|move|p1b: Groudon|Precipice Blades|p2a: Flutter Mane|[spread] 
|-activate|p2b: Gothitelle|move: Protect
|-miss|p1b: Groudon|p2a: Flutter Mane
|
|-weather|SunnyDay|[upkeep]
|-heal|p2b: Gothitelle|60/100|[from] item: Leftovers
|upkeep
|turn|4
|
|t:|1750867647
|move|p2b: Gothitelle|Helping Hand|p2a: Flutter Mane
|-singleturn|p2a: Flutter Mane|Helping Hand|[of] p2b: Gothitelle
|move|p2a: Flutter Mane|Moonblast|p1b: Groudon
|-damage|p1b: Groudon|0 fnt
|faint|p1b: Groudon
|move|p1a: Miraidon|Draco Meteor|p2b: Gothitelle
|-damage|p2b: Gothitelle|29/100
|-unboost|p1a: Miraidon|spa|2
|
|-weather|SunnyDay|[upkeep]
|-heal|p2b: Gothitelle|35/100|[from] item: Leftovers
|upkeep
|
|t:|1750867658
|switch|p1b: Iron Bundle|Iron Bundle, L50|100/100
|-activate|p1b: Iron Bundle|ability: Quark Drive
|-start|p1b: Iron Bundle|quarkdrivespe
|turn|5
|
|t:|1750867666
|switch|p2b: Scream Tail|Scream Tail, L50|100/100
|-activate|p2b: Scream Tail|ability: Protosynthesis
|-start|p2b: Scream Tail|protosynthesisspe
|move|p1b: Iron Bundle|Ice Beam|p2a: Flutter Mane
|-damage|p2a: Flutter Mane|54/100
|move|p2a: Flutter Mane|Moonblast|p1b: Iron Bundle
|-enditem|p1b: Iron Bundle|Focus Sash
|-damage|p1b: Iron Bundle|1/100
|move|p1a: Miraidon|Draco Meteor|p2b: Scream Tail
|-immune|p2b: Scream Tail
|
|-weather|none
|-end|p2a: Flutter Mane|Protosynthesis
|-end|p2b: Scream Tail|Protosynthesis
|-fieldend|move: Electric Terrain
|-end|p1b: Iron Bundle|Quark Drive
|upkeep
|-enditem|p2b: Scream Tail|Booster Energy
|-activate|p2b: Scream Tail|ability: Protosynthesis|[fromitem]
|-start|p2b: Scream Tail|protosynthesisspe
|turn|6
|-message|TCBro89 forfeited.
|
|win|tomcheung22
|n|☆TCBro89|tcbro89
|n|☆tomcheung22|tomcheung22
|l|☆TCBro89
|player|p1|
