|j|☆Bodoque31
|j|☆spooki225
|t:|1750741539
|gametype|doubles
|player|p1|Bodoque31|skyla|1283
|player|p2|spooki225|argenta|1210
|teamsize|p1|6
|teamsize|p2|6
|gen|9
|tier|[Gen 9] VGC 2025 Reg I
|rated|
|rule|Species Clause: Limit one of each Pokémon
|rule|Item Clause: Limit 1 of each item
|clearpoke
|poke|p1|Miraidon, L50|
|poke|p1|Zamazenta-*, L50|
|poke|p1|Riolu, L50, M|
|poke|p1|Chi-Yu, L50|
|poke|p1|Rillaboom, L50, M|
|poke|p1|Ditto, L50|
|poke|p2|Farigiraf, L50, M|
|poke|p2|Terapagos, L50, M|
|poke|p2|Incineroar, L50, F|
|poke|p2|Lunala, L50|
|poke|p2|Weezing-Galar, L50, F|
|poke|p2|Urshifu-*, L50, M|
|teampreview|4
|inactive|Battle timer is ON: inactive players will automatically lose when time's up. (requested by Bodoque31)
Bodoque31 rejected open team sheets.
|
|t:|1750741563
|start
|switch|p1a: Lucas|Riolu, L50, M, shiny|100/100
|switch|p1b: Dante|Zamazenta-Crowned, L50, shiny|100/100
|switch|p2a: Lunala|Lunala, L50|100/100
|switch|p2b: Farigiraf|Farigiraf, L50, M|100/100
|-ability|p1b: Dante|Dauntless Shield|boost
|-boost|p1b: Dante|def|1
|turn|1
|
|t:|1750741581
|move|p1a: Lucas|Coaching|p1b: Dante
|-boost|p1b: Dante|atk|1
|-boost|p1b: Dante|def|1
|move|p1b: Dante|Body Press|p2b: Farigiraf
|-damage|p2b: Farigiraf|29/100
|move|p2a: Lunala|Meteor Beam||[still]
|-prepare|p2a: Lunala|Meteor Beam
|-boost|p2a: Lunala|spa|1
|-enditem|p2a: Lunala|Power Herb
|-anim|p2a: Lunala|Meteor Beam|p1a: Lucas
|-resisted|p1a: Lucas
|-crit|p1a: Lucas
|-damage|p1a: Lucas|33/100
|move|p2b: Farigiraf|Trick Room|p2b: Farigiraf
|-fieldstart|move: Trick Room|[of] p2b: Farigiraf
|
|upkeep
|turn|2
|inactive|spooki225 has 30 seconds left.
|
|t:|1750741613
|move|p2b: Farigiraf|Helping Hand|p2a: Lunala
|-singleturn|p2a: Lunala|Helping Hand|[of] p2b: Farigiraf
|move|p1a: Lucas|Coaching|p1b: Dante
|-boost|p1b: Dante|atk|1
|-boost|p1b: Dante|def|1
|move|p2a: Lunala|Moongeist Beam|p1b: Dante
|-damage|p1b: Dante|3/100
|move|p1b: Dante|Body Press|p2b: Farigiraf
|-damage|p2b: Farigiraf|0 fnt
|faint|p2b: Farigiraf
|
|upkeep
|
|t:|1750741629
|switch|p2b: Incineroar|Incineroar, L50, F|100/100
|-ability|p2b: Incineroar|Intimidate|boost
|-unboost|p1a: Lucas|atk|1
|-unboost|p1b: Dante|atk|1
|turn|3
|
|t:|1750741640
|move|p1a: Lucas|Quick Guard|p1a: Lucas
|-singleturn|p1a: Lucas|Quick Guard
|move|p1b: Dante|Protect|p1b: Dante
|-singleturn|p1b: Dante|Protect
|move|p2b: Incineroar|Fake Out|p1b: Dante
|-activate|p1b: Dante|move: Quick Guard
|move|p2a: Lunala|Meteor Beam||[still]
|-prepare|p2a: Lunala|Meteor Beam
|-boost|p2a: Lunala|spa|1
|
|upkeep
|turn|4
|
|t:|1750741656
|move|p1a: Lucas|Coaching|p1b: Dante
|-boost|p1b: Dante|atk|1
|-boost|p1b: Dante|def|1
|move|p2b: Incineroar|Knock Off|p1b: Dante
|-resisted|p1b: Dante
|-damage|p1b: Dante|0 fnt
|faint|p1b: Dante
|move|p2a: Lunala|Meteor Beam|p1a: Lucas|[from] lockedmove
|-resisted|p1a: Lucas
|-damage|p1a: Lucas|0 fnt
|faint|p1a: Lucas
|
|upkeep
|
|t:|1750741659
|switch|p1a: Sandwich|Miraidon, L50|100/100
|switch|p1b: Maestra Picsis|Chi-Yu, L50|100/100
|-fieldstart|move: Electric Terrain|[from] ability: Hadron Engine|[of] p1a: Sandwich
|-ability|p1b: Maestra Picsis|Beads of Ruin
|turn|5
|
|t:|1750741681
|move|p2b: Incineroar|Knock Off|p1a: Sandwich
|-damage|p1a: Sandwich|63/100
|-enditem|p1a: Sandwich|Choice Specs|[from] move: Knock Off|[of] p2b: Incineroar
|move|p2a: Lunala|Moongeist Beam|p1a: Sandwich
|-damage|p1a: Sandwich|0 fnt
|faint|p1a: Sandwich
|move|p1b: Maestra Picsis|Snarl|p2b: Incineroar|[spread] p2a,p2b
|-supereffective|p2a: Lunala
|-resisted|p2b: Incineroar
|-damage|p2a: Lunala|61/100
|-damage|p2b: Incineroar|87/100
|-unboost|p2a: Lunala|spa|1
|-unboost|p2b: Incineroar|spa|1
|
|-fieldend|move: Trick Room
|upkeep
|turn|6
|
|t:|1750741700
|move|p1b: Maestra Picsis|Snarl|p2b: Incineroar|[spread] p2a,p2b
|-supereffective|p2a: Lunala
|-resisted|p2b: Incineroar
|-damage|p2a: Lunala|0 fnt
|-damage|p2b: Incineroar|73/100
|-unboost|p2b: Incineroar|spa|1
|faint|p2a: Lunala
|move|p2b: Incineroar|Knock Off|p1b: Maestra Picsis
|-resisted|p1b: Maestra Picsis
|-damage|p1b: Maestra Picsis|70/100
|-enditem|p1b: Maestra Picsis|Choice Scarf|[from] move: Knock Off|[of] p2b: Incineroar
|
|upkeep
|
|t:|1750741710
|switch|p2a: Terapagos|Terapagos, L50, M|100/100
|-activate|p2a: Terapagos|ability: Tera Shift
|detailschange|p2a: Terapagos|Terapagos-Terastal, L50, M
|-heal|p2a: Terapagos|100/100|[silent]
|turn|7
|
|t:|1750741726
|-terastallize|p2a: Terapagos|Stellar
|detailschange|p2a: Terapagos|Terapagos-Stellar, L50, M, tera:Stellar
|-heal|p2a: Terapagos|100/100|[silent]
|-ability|p2a: Terapagos|Teraform Zero
|-fieldend|move: Electric Terrain
|move|p1b: Maestra Picsis|Snarl|p2a: Terapagos|[spread] p2a,p2b
|-resisted|p2b: Incineroar
|-damage|p2a: Terapagos|81/100
|-damage|p2b: Incineroar|59/100
|-unboost|p2a: Terapagos|spa|1
|-unboost|p2b: Incineroar|spa|1
|move|p2a: Terapagos|Tera Starstorm|p1b: Maestra Picsis
|-damage|p1b: Maestra Picsis|9/100
|move|p2b: Incineroar|Knock Off|p1b: Maestra Picsis
|-resisted|p1b: Maestra Picsis
|-damage|p1b: Maestra Picsis|0 fnt
|faint|p1b: Maestra Picsis
|
|win|spooki225
|raw|Bodoque31's rating: 1283 &rarr; <strong>1253</strong><br />(-30 for losing)
|raw|spooki225's rating: 1210 &rarr; <strong>1240</strong><br />(+30 for winning)
|l|☆Bodoque31
|player|p1|
