|j|☆TheHillMann
|j|☆gundi8
|t:|1750861518
|gametype|doubles
|player|p1|TheHillMann|rood|1539
|player|p2|gundi8|ethan-gen2|1541
|teamsize|p1|6
|teamsize|p2|6
|gen|9
|tier|[Gen 9] VGC 2025 Reg I
|rated|
|rule|Species Clause: Limit one of each Pokémon
|rule|Item Clause: Limit 1 of each item
|clearpoke
|poke|p1|Groudon, L50|
|poke|p1|Calyrex-Ice, L50|
|poke|p1|Jumpluff, L50, F|
|poke|p1|Raging Bolt, L50|
|poke|p1|Chi-Yu, L50|
|poke|p1|Raichu, L50, F|
|poke|p2|Miraidon, L50|
|poke|p2|Zamazenta-*, L50|
|poke|p2|Volcarona, L50, M|
|poke|p2|Chien-Pao, L50|
|poke|p2|Rillaboom, L50, M|
|poke|p2|Ogerpon, L50, F|
|teampreview|4
|inactive|Battle timer is ON: inactive players will automatically lose when time's up. (requested by gundi8)
|
|t:|1750861545
|start
|switch|p1a: Calyrex|Calyrex-Ice, L50|100/100
|switch|p1b: Raichu|Raichu, L50, F|100/100
|switch|p2a: Miraidon|Miraidon, L50|100/100
|switch|p2b: Zamazenta|Zamazenta-Crowned, L50|100/100
|-ability|p1a: Calyrex|As One
|-ability|p1a: Calyrex|Unnerve
|-fieldstart|move: Electric Terrain|[from] ability: Hadron Engine|[of] p2a: Miraidon
|-ability|p2b: Zamazenta|Dauntless Shield|boost
|-boost|p2b: Zamazenta|def|1
|turn|1
|
|t:|1750861558
|move|p2b: Zamazenta|Wide Guard|p2b: Zamazenta
|-singleturn|p2b: Zamazenta|Wide Guard
|move|p1b: Raichu|Fake Out|p2a: Miraidon
|-damage|p2a: Miraidon|93/100
|cant|p2a: Miraidon|flinch
|move|p1a: Calyrex|Trick Room|p1a: Calyrex
|-fieldstart|move: Trick Room|[of] p1a: Calyrex
|
|upkeep
|turn|2
|
|t:|1750861572
|move|p2b: Zamazenta|Wide Guard|p2b: Zamazenta
|-singleturn|p2b: Zamazenta|Wide Guard
|move|p1a: Calyrex|Leech Seed|p2b: Zamazenta
|-start|p2b: Zamazenta|move: Leech Seed
|move|p1b: Raichu|Volt Switch|p2a: Miraidon
|-resisted|p2a: Miraidon
|-damage|p2a: Miraidon|85/100
|
|t:|1750861579
|switch|p1b: Groudon|Groudon, L50|100/100|[from] Volt Switch
|-weather|SunnyDay|[from] ability: Drought|[of] p1b: Groudon
|move|p2a: Miraidon|Snarl|p1b: Groudon|[spread] p1a,p1b
|-supereffective|p1a: Calyrex
|-damage|p1a: Calyrex|73/100
|-damage|p1b: Groudon|88/100
|-unboost|p1a: Calyrex|spa|1
|-unboost|p1b: Groudon|spa|1
|
|-weather|SunnyDay|[upkeep]
|-damage|p2b: Zamazenta|88/100|[from] Leech Seed|[of] p1a: Calyrex
|-heal|p1a: Calyrex|84/100|[silent]
|upkeep
|turn|3
|
|t:|1750861596
|-terastallize|p2b: Zamazenta|Water
|move|p2b: Zamazenta|Wide Guard|p2b: Zamazenta
|-singleturn|p2b: Zamazenta|Wide Guard
|move|p1a: Calyrex|Leech Seed|p2a: Miraidon
|-start|p2a: Miraidon|move: Leech Seed
|move|p1b: Groudon|High Horsepower|p2a: Miraidon
|-supereffective|p2a: Miraidon
|-damage|p2a: Miraidon|0 fnt
|faint|p2a: Miraidon
|
|-weather|SunnyDay|[upkeep]
|-damage|p2b: Zamazenta|76/100|[from] Leech Seed|[of] p1a: Calyrex
|-heal|p1a: Calyrex|95/100|[silent]
|upkeep
|
|t:|1750861602
|switch|p2a: Chien-Pao|Chien-Pao, L50|100/100
|-ability|p2a: Chien-Pao|Sword of Ruin
|turn|4
|inactive|gundi8 has 30 seconds left.
|
|t:|1750861630
|move|p1a: Calyrex|Leech Seed|p2a: Chien-Pao
|-start|p2a: Chien-Pao|move: Leech Seed
|move|p1b: Groudon|Heat Crash|p2a: Chien-Pao
|-supereffective|p2a: Chien-Pao
|-enditem|p2a: Chien-Pao|Focus Sash
|-damage|p2a: Chien-Pao|1/100
|move|p2b: Zamazenta|Body Press|p1a: Calyrex
|-damage|p1a: Calyrex|52/100
|move|p2a: Chien-Pao|Icicle Crash|p1b: Groudon
|-supereffective|p1b: Groudon
|-crit|p1b: Groudon
|-damage|p1b: Groudon|0 fnt
|faint|p1b: Groudon
|
|-weather|SunnyDay|[upkeep]
|-damage|p2b: Zamazenta|64/100|[from] Leech Seed|[of] p1a: Calyrex
|-heal|p1a: Calyrex|63/100|[silent]
|-damage|p2a: Chien-Pao|0 fnt|[from] Leech Seed|[of] p1a: Calyrex
|-heal|p1a: Calyrex|63/100|[silent]
|faint|p2a: Chien-Pao
|upkeep
|
|t:|1750861646
|switch|p1b: Raging Bolt|Raging Bolt, L50|100/100
|switch|p2a: Ogerpon|Ogerpon, L50, F|100/100
|-activate|p1b: Raging Bolt|ability: Protosynthesis
|-start|p1b: Raging Bolt|protosynthesisspa
|turn|5
|l|☆gundi8
|inactive|gundi8 disconnected and has a minute to reconnect!
|player|p2|
|j|☆gundi8
|inactive|gundi8 reconnected and has 55 seconds left.
|player|p2|gundi8|ethan-gen2|
|
|t:|1750861667
|-end|p1b: Raging Bolt|Protosynthesis|[silent]
|switch|p1b: Raichu|Raichu, L50, F|100/100
|move|p2a: Ogerpon|Spiky Shield|p2a: Ogerpon
|-singleturn|p2a: Ogerpon|move: Protect
|move|p2b: Zamazenta|Protect|p2b: Zamazenta
|-singleturn|p2b: Zamazenta|Protect
|move|p1a: Calyrex|Glacial Lance|p2a: Ogerpon|[spread] 
|-activate|p2a: Ogerpon|move: Protect
|-activate|p2b: Zamazenta|move: Protect
|
|-weather|SunnyDay|[upkeep]
|-damage|p2b: Zamazenta|51/100|[from] Leech Seed|[of] p1a: Calyrex
|-heal|p1a: Calyrex|74/100|[silent]
|-fieldend|move: Trick Room
|-fieldend|move: Electric Terrain
|upkeep
|turn|6
|
|t:|1750861689
|move|p2b: Zamazenta|Wide Guard|p2b: Zamazenta
|-singleturn|p2b: Zamazenta|Wide Guard
|move|p1b: Raichu|Fake Out|p2a: Ogerpon
|-damage|p2a: Ogerpon|91/100
|move|p2a: Ogerpon|Taunt|p1a: Calyrex
|-start|p1a: Calyrex|move: Taunt
|cant|p1a: Calyrex|move: Taunt|Trick Room
|
|-weather|none
|-damage|p2b: Zamazenta|39/100|[from] Leech Seed|[of] p1a: Calyrex
|-heal|p1a: Calyrex|85/100|[silent]
|upkeep
|turn|7
|
|t:|1750861709
|move|p2b: Zamazenta|Body Press|p1a: Calyrex
|-damage|p1a: Calyrex|51/100
|move|p1b: Raichu|Volt Switch|p2b: Zamazenta
|-supereffective|p2b: Zamazenta
|-crit|p2b: Zamazenta
|-damage|p2b: Zamazenta|0 fnt
|faint|p2b: Zamazenta
|
|t:|1750861714
|switch|p1b: Raging Bolt|Raging Bolt, L50|100/100|[from] Volt Switch
|move|p2a: Ogerpon|Ivy Cudgel|p1b: Raging Bolt
|-resisted|p1b: Raging Bolt
|-damage|p1b: Raging Bolt|79/100
|move|p1a: Calyrex|Glacial Lance|p2a: Ogerpon
|-supereffective|p2a: Ogerpon
|-damage|p2a: Ogerpon|0 fnt
|faint|p2a: Ogerpon
|
|win|TheHillMann
|raw|TheHillMann's rating: 1539 &rarr; <strong>1559</strong><br />(+20 for winning)
|raw|gundi8's rating: 1541 &rarr; <strong>1521</strong><br />(-20 for losing)
|l|☆gundi8
|player|p2|
|l|☆TheHillMann
|player|p1|
