|j|☆juanessamal
|j|☆parrotboy
|t:|1750720333
|gametype|doubles
|player|p1|juanessamal|2|1510
|player|p2|parrotboy|hiker-gen4|1463
|teamsize|p1|6
|teamsize|p2|6
|gen|9
|tier|[Gen 9] VGC 2025 Reg I
|rated|
|rule|Species Clause: Limit one of each Pokémon
|rule|Item Clause: Limit 1 of each item
|clearpoke
|poke|p1|Calyrex-Shadow, L50|
|poke|p1|Whimsicott, L50, M|
|poke|p1|Miraidon, L50|
|poke|p1|Armarouge, L50, F|
|poke|p1|Scream Tail, L50|
|poke|p1|Indeedee-F, L50, F|
|poke|p2|Wartortle, L50, M|
|poke|p2|Calyrex-Shadow, L50|
|poke|p2|Koraidon, L50|
|poke|p2|Chi-Yu, L50|
|poke|p2|Flutter Mane, L50|
|poke|p2|Clodsire, L50, M|
|teampreview|4
|inactive|Battle timer is ON: inactive players will automatically lose when time's up. (requested by parrotboy)
|inactive|juanessamal has 60 seconds left.
|
|t:|1750720375
|start
|switch|p1a: Whimsicott|Whimsicott, L50, M|100/100
|switch|p1b: Miraidon|Miraidon, L50|100/100
|switch|p2a: Flutter Mane|Flutter Mane, L50|100/100
|switch|p2b: Chi-Yu|Chi-Yu, L50|100/100
|-ability|p2b: Chi-Yu|Beads of Ruin
|-fieldstart|move: Electric Terrain|[from] ability: Hadron Engine|[of] p1b: Miraidon
|turn|1
|
|t:|1750720383
|-end|p2a: Flutter Mane|Protosynthesis|[silent]
|switch|p2a: Clodsire|Clodsire, L50, M|100/100
|-terastallize|p1b: Miraidon|Fairy
|move|p1a: Whimsicott|Tailwind|p1a: Whimsicott
|-sidestart|p1: juanessamal|move: Tailwind
|move|p1b: Miraidon|Dazzling Gleam|p2b: Chi-Yu|[spread] p2a,p2b
|-resisted|p2a: Clodsire
|-damage|p2a: Clodsire|72/100
|-damage|p2b: Chi-Yu|25/100
|move|p2b: Chi-Yu|Heat Wave|p1b: Miraidon|[spread] p1a,p1b
|-supereffective|p1a: Whimsicott
|-crit|p1a: Whimsicott
|-damage|p1a: Whimsicott|0 fnt
|-damage|p1b: Miraidon|57/100
|faint|p1a: Whimsicott
|
|-heal|p2a: Clodsire|78/100|[from] item: Leftovers
|upkeep
|
|t:|1750720396
|switch|p1a: Calyrex|Calyrex-Shadow, L50|100/100
|-ability|p1a: Calyrex|As One
|-ability|p1a: Calyrex|Unnerve
|turn|2
|
|t:|1750720402
|move|p2a: Clodsire|Protect|p2a: Clodsire
|-singleturn|p2a: Clodsire|Protect
|move|p1a: Calyrex|Astral Barrage|p2a: Clodsire|[spread] p2b
|-activate|p2a: Clodsire|move: Protect
|-resisted|p2b: Chi-Yu
|-damage|p2b: Chi-Yu|0 fnt
|faint|p2b: Chi-Yu
|-ability|p1a: Calyrex|Grim Neigh|boost
|-boost|p1a: Calyrex|spa|1
|-damage|p1a: Calyrex|91/100|[from] item: Life Orb
|move|p1b: Miraidon|Dazzling Gleam|p2a: Clodsire
|-activate|p2a: Clodsire|move: Protect
|
|-heal|p2a: Clodsire|84/100|[from] item: Leftovers
|upkeep
|
|t:|1750720418
|switch|p2b: Flutter Mane|Flutter Mane, L50|100/100
|turn|3
|
|t:|1750720427
|-terastallize|p2b: Flutter Mane|Normal
|move|p1a: Calyrex|Astral Barrage|p2b: Flutter Mane|[spread] p2a
|-immune|p2b: Flutter Mane
|-damage|p2a: Clodsire|4/100
|-damage|p1a: Calyrex|81/100|[from] item: Life Orb
|move|p1b: Miraidon|Dazzling Gleam|p2b: Flutter Mane|[spread] p2a,p2b
|-resisted|p2a: Clodsire
|-damage|p2a: Clodsire|0 fnt
|-damage|p2b: Flutter Mane|32/100
|faint|p2a: Clodsire
|move|p2b: Flutter Mane|Moonblast|p1a: Calyrex
|-damage|p1a: Calyrex|28/100
|
|upkeep
|
|t:|1750720437
|switch|p2a: Calyrex|Calyrex-Shadow, L50|100/100
|-ability|p2a: Calyrex|As One
|-ability|p2a: Calyrex|Unnerve
|turn|4
|inactive|juanessamal has 30 seconds left.
|inactive|juanessamal has 20 seconds left.
|inactive|juanessamal has 15 seconds left.
|
|t:|1750720478
|switch|p1b: Scream Tail|Scream Tail, L50|100/100
|-enditem|p1b: Scream Tail|Booster Energy
|-activate|p1b: Scream Tail|ability: Protosynthesis|[fromitem]
|-start|p1b: Scream Tail|protosynthesisspe
|move|p2a: Calyrex|Protect|p2a: Calyrex
|-singleturn|p2a: Calyrex|Protect
|move|p2b: Flutter Mane|Protect|p2b: Flutter Mane
|-singleturn|p2b: Flutter Mane|Protect
|move|p1a: Calyrex|Draining Kiss|p2b: Flutter Mane
|-activate|p2b: Flutter Mane|move: Protect
|
|-sideend|p1: juanessamal|move: Tailwind
|upkeep
|turn|5
|
|t:|1750720499
|move|p1b: Scream Tail|Encore|p2a: Calyrex
|-start|p2a: Calyrex|Encore
|move|p2a: Calyrex|Protect|p2a: Calyrex
|-singleturn|p2a: Calyrex|Protect
|move|p1a: Calyrex|Draining Kiss|p2b: Flutter Mane
|-damage|p2b: Flutter Mane|0 fnt
|-heal|p1a: Calyrex|46/100|[from] drain|[of] p2b: Flutter Mane
|faint|p2b: Flutter Mane
|-end|p2b: Flutter Mane|Protosynthesis|[silent]
|-ability|p1a: Calyrex|Grim Neigh|boost
|-boost|p1a: Calyrex|spa|1
|-damage|p1a: Calyrex|36/100|[from] item: Life Orb
|
|-fieldend|move: Electric Terrain
|upkeep
|turn|6
|-message|parrotboy forfeited.
|
|win|juanessamal
|raw|juanessamal's rating: 1510 &rarr; <strong>1527</strong><br />(+17 for winning)
|raw|parrotboy's rating: 1463 &rarr; <strong>1446</strong><br />(-17 for losing)
|l|☆parrotboy
|player|p2|
|l|☆juanessamal
|player|p1|
