|j|☆silver750250
|j|☆Kehorie
|html|<table width="100%"><tr><td align="left">silver750250</td><td align="right">Kehorie</tr><tr><td align="left"><i class="fa fa-circle-o"></i> <i class="fa fa-circle-o"></i> </td><td align="right"><i class="fa fa-circle-o"></i> <i class="fa fa-circle"></i> </tr></table>
|uhtml|bestof|<h2><strong>Game 2</strong> of <a href="/game-bestof3-gen9vgc2025regi-2391340956">a best-of-3</a></h2>
|t:|1750839802
|gametype|doubles
|player|p1|silver750250|calem|
|player|p2|Kehorie|caitlin|
|teamsize|p1|6
|teamsize|p2|6
|gen|9
|tier|[Gen 9] VGC 2025 Reg I
|rated|Tournament battle
|rule|Species Clause: Limit one of each Pokémon
|rule|Item Clause: Limit 1 of each item
|raw|<div class="infobox"><details class="readmore" open><summary><strong>3 custom rules:</strong></summary> Force Open Team Sheets, !Open Team Sheets, Best of = 3</details></div>
|clearpoke
|poke|p1|Miraidon, L50|
|poke|p1|Zamazenta-*, L50|
|poke|p1|Incineroar, L50, M|
|poke|p1|Chien-Pao, L50|
|poke|p1|Talonflame, L50, M|
|poke|p1|Iron Bundle, L50|
|poke|p2|Lunala, L50|
|poke|p2|Ogerpon-Hearthflame, L50, F|
|poke|p2|Groudon, L50|
|poke|p2|Iron Valiant, L50|
|poke|p2|Flutter Mane, L50|
|poke|p2|Indeedee-F, L50, F|
|teampreview|4
|showteam|p1|Miraidon||ChoiceSpecs|HadronEngine|DazzlingGleam,DracoMeteor,ElectroDrift,VoltSwitch||||||50|,,,,,Fairy]Zamazenta-Crowned||RustedShield|DauntlessShield|BodyPress,HeavySlam,WideGuard,Protect||||||50|,,,,,Ghost]Incineroar||CovertCloak|Intimidate|FakeOut,KnockOff,PartingShot,Protect|||M|||50|,,,,,Ghost]Chien-Pao||FocusSash|SwordofRuin|SacredSword,IcicleCrash,Protect,SuckerPunch||||||50|,,,,,Stellar]Talonflame||SitrusBerry|GaleWings|FlareBlitz,UpperHand,Protect,Tailwind|||M|||50|,,,,,Grass]Iron Bundle||LifeOrb|QuarkDrive|IcyWind,Encore,HydroPump,HelpingHand||||||50|,,,,,Ghost
|showteam|p2|Lunala||PowerHerb|ShadowShield|MoongeistBeam,ExpandingForce,MeteorBeam,TrickRoom||||||50|,,,,,Water]Ogerpon-Hearthflame||HearthflameMask|MoldBreaker|IvyCudgel,WoodHammer,FollowMe,SpikyShield|||F|||50|,,,,,Fire]Groudon||AssaultVest|Drought|PrecipiceBlades,HighHorsepower,HeatCrash,Crunch||||||50|,,,,,Fire]Iron Valiant||BoosterEnergy|QuarkDrive|SpiritBreak,WideGuard,Coaching,Encore||||||50|,,,,,Ghost]Flutter Mane||ChoiceSpecs|Protosynthesis|Moonblast,DazzlingGleam,ShadowBall,IcyWind||||||50|,,,,,Fairy]Indeedee-F||RockyHelmet|PsychicSurge|AlluringVoice,FollowMe,HelpingHand,TrickRoom|||F|||50|,,,,,Fairy
|
|t:|1750839862
|start
|switch|p1a: Miraidon|Miraidon, L50|100/100
|switch|p1b: Iron Bundle|Iron Bundle, L50|100/100
|switch|p2a: Zelenia|Iron Valiant, L50|100/100
|switch|p2b: Zalera|Flutter Mane, L50, shiny|100/100
|-fieldstart|move: Electric Terrain|[from] ability: Hadron Engine|[of] p1a: Miraidon
|-activate|p1b: Iron Bundle|ability: Quark Drive
|-start|p1b: Iron Bundle|quarkdrivespe
|-activate|p2a: Zelenia|ability: Quark Drive
|-start|p2a: Zelenia|quarkdrivespe
|turn|1
|
|t:|1750839895
|-end|p2b: Zalera|Protosynthesis|[silent]
|switch|p2b: Ifrit|Groudon, L50, shiny|100/100
|-weather|SunnyDay|[from] ability: Drought|[of] p2b: Ifrit
|-terastallize|p1a: Miraidon|Fairy
|move|p1b: Iron Bundle|Icy Wind|p2a: Zelenia|[spread] p2a,p2b
|-supereffective|p2b: Ifrit
|-damage|p2a: Zelenia|69/100
|-damage|p2b: Ifrit|71/100
|-unboost|p2a: Zelenia|spe|1
|-unboost|p2b: Ifrit|spe|1
|-damage|p1b: Iron Bundle|91/100|[from] item: Life Orb
|move|p1a: Miraidon|Electro Drift|p2b: Ifrit
|-immune|p2b: Ifrit
|move|p2a: Zelenia|Spirit Break|p1a: Miraidon
|-damage|p1a: Miraidon|66/100
|-unboost|p1a: Miraidon|spa|1
|
|-weather|SunnyDay|[upkeep]
|upkeep
|turn|2
|
|t:|1750839928
|-end|p2a: Zelenia|Quark Drive|[silent]
|switch|p2a: Gilgamesh|Ogerpon-Hearthflame, L50, F|100/100
|-ability|p2a: Gilgamesh|Mold Breaker
|-terastallize|p2b: Ifrit|Fire
|move|p1b: Iron Bundle|Icy Wind|p2b: Ifrit|[spread] p2a,p2b
|-resisted|p2b: Ifrit
|-damage|p2a: Gilgamesh|73/100
|-damage|p2b: Ifrit|63/100
|-unboost|p2a: Gilgamesh|spe|1
|-unboost|p2b: Ifrit|spe|1
|-damage|p1b: Iron Bundle|81/100|[from] item: Life Orb
|move|p1a: Miraidon|Electro Drift|p2a: Gilgamesh
|-resisted|p2a: Gilgamesh
|-damage|p2a: Gilgamesh|19/100
|move|p2b: Ifrit|Heat Crash|p1b: Iron Bundle
|-damage|p1b: Iron Bundle|0 fnt
|faint|p1b: Iron Bundle
|-end|p1b: Iron Bundle|Quark Drive|[silent]
|
|-weather|SunnyDay|[upkeep]
|upkeep
|
|t:|1750839950
|switch|p1b: Chien-Pao|Chien-Pao, L50|100/100
|-ability|p1b: Chien-Pao|Sword of Ruin
|turn|3
|
|t:|1750839977
|move|p2a: Gilgamesh|Follow Me|p2a: Gilgamesh
|-singleturn|p2a: Gilgamesh|move: Follow Me
|move|p1a: Miraidon|Electro Drift|p2a: Gilgamesh
|-resisted|p2a: Gilgamesh
|-crit|p2a: Gilgamesh
|-damage|p2a: Gilgamesh|0 fnt
|faint|p2a: Gilgamesh
|move|p1b: Chien-Pao|Sacred Sword|p2b: Ifrit
|-damage|p2b: Ifrit|37/100
|move|p2b: Ifrit|Precipice Blades|p1a: Miraidon|[spread] p1a,p1b
|-damage|p1a: Miraidon|0 fnt
|-damage|p1b: Chien-Pao|27/100
|faint|p1a: Miraidon
|
|-weather|SunnyDay|[upkeep]
|upkeep
|
|t:|1750840001
|switch|p1a: Zamazenta|Zamazenta-Crowned, L50|100/100
|switch|p2a: Zalera|Flutter Mane, L50, shiny|100/100
|-ability|p1a: Zamazenta|Dauntless Shield|boost
|-boost|p1a: Zamazenta|def|1
|-activate|p2a: Zalera|ability: Protosynthesis
|-start|p2a: Zalera|protosynthesisspe
|turn|4
|
|t:|1750840023
|move|p1a: Zamazenta|Wide Guard|p1a: Zamazenta
|-singleturn|p1a: Zamazenta|Wide Guard
|move|p1b: Chien-Pao|Sucker Punch|p2a: Zalera
|-damage|p2a: Zalera|6/100
|move|p2a: Zalera|Moonblast|p1a: Zamazenta
|-damage|p1a: Zamazenta|50/100
|move|p2b: Ifrit|High Horsepower|p1a: Zamazenta|[miss]
|-miss|p2b: Ifrit|p1a: Zamazenta
|
|-weather|SunnyDay|[upkeep]
|upkeep
|turn|5
|
|t:|1750840037
|move|p1b: Chien-Pao|Sucker Punch|p2a: Zalera
|-damage|p2a: Zalera|0 fnt
|faint|p2a: Zalera
|-end|p2a: Zalera|Protosynthesis|[silent]
|move|p1a: Zamazenta|Body Press|p2b: Ifrit
|-damage|p2b: Ifrit|0 fnt
|faint|p2b: Ifrit
|
|-weather|none
|-fieldend|move: Electric Terrain
|upkeep
|
|t:|1750840043
|switch|p2a: Zelenia|Iron Valiant, L50|69/100
|-enditem|p2a: Zelenia|Booster Energy
|-activate|p2a: Zelenia|ability: Quark Drive|[fromitem]
|-start|p2a: Zelenia|quarkdrivespe
|turn|6
|
|t:|1750840055
|move|p2a: Zelenia|Spirit Break|p1a: Zamazenta
|-damage|p1a: Zamazenta|30/100
|-unboost|p1a: Zamazenta|spa|1
|move|p1b: Chien-Pao|Icicle Crash|p2a: Zelenia
|-damage|p2a: Zelenia|10/100
|move|p1a: Zamazenta|Heavy Slam|p2a: Zelenia
|-supereffective|p2a: Zelenia
|-damage|p2a: Zelenia|0 fnt
|faint|p2a: Zelenia
|-end|p2a: Zelenia|Quark Drive|[silent]
|
|win|silver750250
||Kehorie is ready for game 3.
||silver750250 is ready for game 3.
|uhtml|next|Next: <a href="/battle-gen9vgc2025regi-2391343346"><strong>Game 3 of 3</strong></a>
