|j|☆Ayyofred
|j|☆zhz2021
|t:|1750740176
|gametype|doubles
|player|p1|Ayyofred|juggler|1460
|player|p2|zhz2021|marley|1526
|teamsize|p1|6
|teamsize|p2|6
|gen|9
|tier|[Gen 9] VGC 2025 Reg I
|rated|
|rule|Species Clause: Limit one of each Pokémon
|rule|Item Clause: Limit 1 of each item
|clearpoke
|poke|p1|Kyogre, L50|
|poke|p1|Pelipper, L50, M|
|poke|p1|Zacian-*, L50|
|poke|p1|Raging Bolt, L50|
|poke|p1|Amoonguss, L50, F|
|poke|p1|Farigiraf, L50, M|
|poke|p2|Murkrow, L50, M|
|poke|p2|Scream Tail, L50|
|poke|p2|Miraidon, L50|
|poke|p2|Annihilape, L50, M|
|poke|p2|Calyrex-Ice, L50|
|poke|p2|Araquanid, L50, M|
|teampreview|4
|inactive|Battle timer is ON: inactive players will automatically lose when time's up. (requested by zhz2021)
|
|t:|1750740228
|start
|switch|p1a: Kyogre|Kyogre, L50|100/100
|switch|p1b: Amoonguss|Amoonguss, L50, F|100/100
|switch|p2a: Murkrow|Murkrow, L50, M|100/100
|switch|p2b: Miraidon|Miraidon, L50|100/100
|-weather|RainDance|[from] ability: Drizzle|[of] p1a: Kyogre
|-fieldstart|move: Electric Terrain|[from] ability: Hadron Engine|[of] p2b: Miraidon
|turn|1
|
|t:|1750740252
|move|p1b: Amoonguss|Rage Powder|p1b: Amoonguss
|-singleturn|p1b: Amoonguss|move: Rage Powder
|move|p2a: Murkrow|Tailwind|p2a: Murkrow
|-sidestart|p2: zhz2021|move: Tailwind
|move|p2b: Miraidon|Draco Meteor|p1b: Amoonguss
|-damage|p1b: Amoonguss|1/100
|-unboost|p2b: Miraidon|spa|2
|-enditem|p1b: Amoonguss|Sitrus Berry|[eat]
|-heal|p1b: Amoonguss|26/100|[from] item: Sitrus Berry
|-damage|p2b: Miraidon|91/100|[from] item: Life Orb
|move|p1a: Kyogre|Ice Beam|p2b: Miraidon
|-supereffective|p2b: Miraidon
|-crit|p2b: Miraidon
|-damage|p2b: Miraidon|24/100
|
|-weather|RainDance|[upkeep]
|upkeep
|turn|2
|inactive|Ayyofred has 30 seconds left.
|
|t:|1750740278
|move|p1b: Amoonguss|Rage Powder|p1b: Amoonguss
|-singleturn|p1b: Amoonguss|move: Rage Powder
|move|p2a: Murkrow|Haze|p2a: Murkrow
|-clearallboost
|move|p2b: Miraidon|Electro Drift|p1b: Amoonguss
|-resisted|p1b: Amoonguss
|-damage|p1b: Amoonguss|0 fnt
|faint|p1b: Amoonguss
|-damage|p2b: Miraidon|15/100|[from] item: Life Orb
|move|p1a: Kyogre|Ice Beam|p2a: Murkrow
|-supereffective|p2a: Murkrow
|-damage|p2a: Murkrow|12/100
|
|-weather|RainDance|[upkeep]
|upkeep
|
|t:|1750740299
|switch|p1b: Farigiraf|Farigiraf, L50, M|100/100
|turn|3
|
|t:|1750740316
|-terastallize|p1a: Kyogre|Grass
|move|p1b: Farigiraf|Protect|p1b: Farigiraf
|-singleturn|p1b: Farigiraf|Protect
|move|p2b: Miraidon|Electro Drift|p1a: Kyogre
|-resisted|p1a: Kyogre
|-damage|p1a: Kyogre|59/100
|-damage|p2b: Miraidon|5/100|[from] item: Life Orb
|move|p2a: Murkrow|Foul Play|p1b: Farigiraf
|-activate|p1b: Farigiraf|move: Protect
|move|p1a: Kyogre|Ice Beam|p2b: Miraidon
|-supereffective|p2b: Miraidon
|-damage|p2b: Miraidon|0 fnt
|faint|p2b: Miraidon
|
|-weather|RainDance|[upkeep]
|upkeep
|
|t:|1750740329
|switch|p2b: Calyrex|Calyrex-Ice, L50|100/100
|-ability|p2b: Calyrex|As One
|-ability|p2b: Calyrex|Unnerve
|turn|4
|
|t:|1750740347
|switch|p1a: Zacian|Zacian-Crowned, L50|100/100
|-ability|p1a: Zacian|Intrepid Sword|boost
|-boost|p1a: Zacian|atk|1
|move|p2a: Murkrow|Foul Play|p1b: Farigiraf
|-supereffective|p1b: Farigiraf
|-damage|p1b: Farigiraf|63/100
|-damage|p2a: Murkrow|0 fnt|[from] item: Rocky Helmet|[of] p1b: Farigiraf
|faint|p2a: Murkrow
|move|p2b: Calyrex|Glacial Lance|p1b: Farigiraf|[spread] p1a,p1b
|-resisted|p1a: Zacian
|-damage|p1a: Zacian|73/100
|-damage|p1b: Farigiraf|21/100
|move|p1b: Farigiraf|Shadow Ball|p2b: Calyrex
|-supereffective|p2b: Calyrex
|-damage|p2b: Calyrex|75/100
|
|-weather|RainDance|[upkeep]
|-sideend|p2: zhz2021|move: Tailwind
|upkeep
|
|t:|1750740349
|switch|p2a: Araquanid|Araquanid, L50, M|100/100
|-enditem|p2a: Araquanid|Electric Seed
|-boost|p2a: Araquanid|def|1|[from] item: Electric Seed
|turn|5
|inactive|Ayyofred has 30 seconds left.
|
|t:|1750740378
|-terastallize|p2b: Calyrex|Ground
|move|p1b: Farigiraf|Helping Hand|p1a: Zacian
|-singleturn|p1a: Zacian|Helping Hand|[of] p1b: Farigiraf
|move|p1a: Zacian|Behemoth Blade|p2b: Calyrex
|-damage|p2b: Calyrex|0 fnt
|faint|p2b: Calyrex
|move|p2a: Araquanid|Liquidation|p1b: Farigiraf
|-damage|p1b: Farigiraf|0 fnt
|-damage|p2a: Araquanid|84/100|[from] item: Rocky Helmet|[of] p1b: Farigiraf
|faint|p1b: Farigiraf
|
|-weather|none
|-fieldend|move: Electric Terrain
|upkeep
|
|t:|1750740390
|switch|p1b: Kyogre|Kyogre, L50, tera:Grass|59/100
|-weather|RainDance|[from] ability: Drizzle|[of] p1b: Kyogre
|turn|6
|
|t:|1750740415
|move|p1b: Kyogre|Thunder|p2a: Araquanid
|-supereffective|p2a: Araquanid
|-crit|p2a: Araquanid
|-damage|p2a: Araquanid|10/100
|move|p1a: Zacian|Behemoth Blade|p2a: Araquanid
|-resisted|p2a: Araquanid
|-damage|p2a: Araquanid|0 fnt
|faint|p2a: Araquanid
|
|win|Ayyofred
|raw|Ayyofred's rating: 1460 &rarr; <strong>1485</strong><br />(+25 for winning)
|raw|zhz2021's rating: 1543 &rarr; <strong>1518</strong><br />(-25 for losing)
|l|☆Ayyofred
|player|p1|
|l|☆zhz2021
|player|p2|
