|j|☆IncineroarH8ter
|j|☆Doctor Warfo
|t:|1750749765
|gametype|doubles
|player|p1|IncineroarH8ter|unknown|1432
|player|p2|Doctor Warfo|giovanni-gen1rb|1334
|teamsize|p1|6
|teamsize|p2|6
|gen|9
|tier|[Gen 9] VGC 2025 Reg I
|rated|
|rule|Species Clause: Limit one of each Pokémon
|rule|Item Clause: Limit 1 of each item
|clearpoke
|poke|p1|Lunala, L50|
|poke|p1|Annihilape, L50, F|
|poke|p1|Calyrex-Ice, L50|
|poke|p1|Grimmsnarl, L50, M|
|poke|p1|Indeedee-F, L50, F|
|poke|p1|Urshifu-*, L50, M|
|poke|p2|Tatsugiri, L50, M|
|poke|p2|Miraidon, L50|
|poke|p2|Flamigo, L50, M|
|poke|p2|Kyogre, L50|
|poke|p2|Flutter Mane, L50|
|poke|p2|Dondozo, L50, M|
|teampreview|4
|inactive|Battle timer is ON: inactive players will automatically lose when time's up. (requested by Doctor Warfo)
Doctor Warfo rejected open team sheets.
|
|t:|1750749795
|start
|switch|p1a: Annihilape|Annihilape, L50, F|100/100
|switch|p1b: Grimmsnarl|Grimmsnarl, L50, M|100/100
|switch|p2a: Flutter Mane|Flutter Mane, L50|100/100
|switch|p2b: Tatsugiri|Tatsugiri, L50, M|100/100
|-enditem|p2a: Flutter Mane|Booster Energy
|-activate|p2a: Flutter Mane|ability: Protosynthesis|[fromitem]
|-start|p2a: Flutter Mane|protosynthesisspe
|turn|1
|
|t:|1750749813
|move|p1a: Annihilape|Protect|p1a: Annihilape
|-singleturn|p1a: Annihilape|Protect
|move|p1b: Grimmsnarl|Light Screen|p1b: Grimmsnarl
|-sidestart|p1: IncineroarH8ter|move: Light Screen
|move|p2a: Flutter Mane|Perish Song|p2a: Flutter Mane
|-start|p1a: Annihilape|perish3|[silent]
|-start|p1b: Grimmsnarl|perish3|[silent]
|-start|p2a: Flutter Mane|perish3|[silent]
|-start|p2b: Tatsugiri|perish3|[silent]
|-fieldactivate|move: Perish Song
|move|p2b: Tatsugiri|Taunt|p1b: Grimmsnarl
|-start|p1b: Grimmsnarl|move: Taunt
|
|-start|p2a: Flutter Mane|perish3
|-start|p1a: Annihilape|perish3
|-start|p2b: Tatsugiri|perish3
|-start|p1b: Grimmsnarl|perish3
|upkeep
|turn|2
|
|t:|1750749831
|switch|p1a: Calyrex|Calyrex-Ice, L50|100/100
|-ability|p1a: Calyrex|As One
|-ability|p1a: Calyrex|Unnerve
|switch|p1b: Indeedee|Indeedee-F, L50, F|100/100
|-fieldstart|move: Psychic Terrain|[from] ability: Psychic Surge|[of] p1b: Indeedee
|-enditem|p1b: Indeedee|Psychic Seed
|-boost|p1b: Indeedee|spd|1|[from] item: Psychic Seed
|move|p2a: Flutter Mane|Dazzling Gleam|p1b: Indeedee|[spread] p1a,p1b
|-damage|p1a: Calyrex|86/100
|-damage|p1b: Indeedee|88/100
|move|p2b: Tatsugiri|Draco Meteor|p1a: Calyrex
|-damage|p1a: Calyrex|64/100
|-unboost|p2b: Tatsugiri|spa|2
|
|-start|p2a: Flutter Mane|perish2
|-start|p2b: Tatsugiri|perish2
|upkeep
|turn|3
|
|t:|1750749850
|move|p2a: Flutter Mane|Taunt|p1b: Indeedee
|-start|p1b: Indeedee|move: Taunt
|cant|p1b: Indeedee|move: Taunt|Heal Pulse
|move|p2b: Tatsugiri|Taunt|p1a: Calyrex
|-start|p1a: Calyrex|move: Taunt
|cant|p1a: Calyrex|move: Taunt|Swords Dance
|
|-start|p2a: Flutter Mane|perish1
|-start|p2b: Tatsugiri|perish1
|upkeep
|turn|4
|
|t:|1750749869
|-end|p2a: Flutter Mane|Protosynthesis|[silent]
|switch|p2a: Dondozo|Dondozo, L50, M|100/100
|-activate|p2b: Tatsugiri|ability: Commander|[of] p2a: Dondozo
|-boost|p2a: Dondozo|atk|2
|-boost|p2a: Dondozo|spa|2
|-boost|p2a: Dondozo|spe|2
|-boost|p2a: Dondozo|def|2
|-boost|p2a: Dondozo|spd|2
|move|p1b: Indeedee|Psychic|p2a: Dondozo
|-damage|p2a: Dondozo|82/100
|move|p1a: Calyrex|High Horsepower|p2a: Dondozo
|-damage|p2a: Dondozo|68/100
|
|-heal|p2a: Dondozo|74/100|[from] item: Leftovers
|-start|p2b: Tatsugiri|perish0
|faint|p2b: Tatsugiri
|upkeep
|
|t:|1750749884
|switch|p2b: Flamigo|Flamigo, L50, M|100/100
|-copyboost|p2b: Flamigo|p2a: Dondozo|[from] ability: Costar
|turn|5
|
|t:|1750749902
|-terastallize|p1a: Calyrex|Water
|move|p2b: Flamigo|Brave Bird|p1b: Indeedee
|-damage|p1b: Indeedee|0 fnt
|faint|p1b: Indeedee
|-damage|p2b: Flamigo|73/100|[from] Recoil
|move|p2a: Dondozo|Order Up|p1a: Calyrex
|-damage|p1a: Calyrex|31/100
|-boost|p2a: Dondozo|atk|1
|move|p1a: Calyrex|Glacial Lance|p2a: Dondozo|[spread] p2a,p2b
|-resisted|p2a: Dondozo
|-crit|p2a: Dondozo
|-supereffective|p2b: Flamigo
|-damage|p2a: Dondozo|46/100
|-damage|p2b: Flamigo|10/100
|
|-heal|p2a: Dondozo|52/100|[from] item: Leftovers
|-end|p1a: Calyrex|move: Taunt
|upkeep
|
|t:|1750749915
|switch|p1b: Annihilape|Annihilape, L50, F|100/100
|turn|6
|
|t:|1750749930
|move|p2a: Dondozo|Protect|p2a: Dondozo
|-singleturn|p2a: Dondozo|Protect
|move|p1a: Calyrex|Protect|p1a: Calyrex
|-singleturn|p1a: Calyrex|Protect
|move|p2b: Flamigo|Brave Bird|p1b: Annihilape
|-supereffective|p1b: Annihilape
|-damage|p1b: Annihilape|0 fnt
|faint|p1b: Annihilape
|-damage|p2b: Flamigo|0 fnt|[from] Recoil
|faint|p2b: Flamigo
|
|-heal|p2a: Dondozo|58/100|[from] item: Leftovers
|-fieldend|move: Psychic Terrain
|upkeep
|
|t:|1750749940
|switch|p1b: Grimmsnarl|Grimmsnarl, L50, M|100/100
|switch|p2b: Flutter Mane|Flutter Mane, L50|100/100
|turn|7
|
|t:|1750749949
|move|p2b: Flutter Mane|Taunt|p1b: Grimmsnarl
|-start|p1b: Grimmsnarl|move: Taunt
|move|p2a: Dondozo|Order Up|p1a: Calyrex
|-damage|p1a: Calyrex|0 fnt
|faint|p1a: Calyrex
|-boost|p2a: Dondozo|atk|1
|move|p1b: Grimmsnarl|Crunch|p2a: Dondozo
|-damage|p2a: Dondozo|45/100
|
|-heal|p2a: Dondozo|51/100|[from] item: Leftovers
|upkeep
|turn|8
|-message|IncineroarH8ter forfeited.
|
|win|Doctor Warfo
|raw|IncineroarH8ter's rating: 1432 &rarr; <strong>1407</strong><br />(-25 for losing)
|raw|Doctor Warfo's rating: 1334 &rarr; <strong>1359</strong><br />(+25 for winning)
|l|☆IncineroarH8ter
|player|p1|
