|j|☆Calamella
|j|☆Testingstuffuser4
|t:|1750861778
|gametype|doubles
|player|p1|Calamella|265|1507
|player|p2|Testingstuffuser4|1|1520
|teamsize|p1|6
|teamsize|p2|6
|gen|9
|tier|[Gen 9] VGC 2025 Reg I
|rated|
|rule|Species Clause: Limit one of each Pokémon
|rule|Item Clause: Limit 1 of each item
|clearpoke
|poke|p1|Miraidon, L50|
|poke|p1|Calyrex-Ice, L50|
|poke|p1|Pelipper, L50, F|
|poke|p1|Landorus, L50, M|
|poke|p1|Incineroar, L50, F|
|poke|p1|Farigiraf, L50, F|
|poke|p2|Urshifu-*, L50, F|
|poke|p2|Calyrex-Ice, L50|
|poke|p2|Weezing-Galar, L50, F|
|poke|p2|Roaring Moon, L50|
|poke|p2|Ogerpon-Hearthflame, L50, F|
|poke|p2|Lunala, L50|
|teampreview|4
|inactive|Battle timer is ON: inactive players will automatically lose when time's up. (requested by Testingstuffuser4)
|
|t:|1750861825
|start
|switch|p1a: Miraidon|Miraidon, L50|100/100
|switch|p1b: Landorus|Landorus, L50, M|100/100
|switch|p2a: Calyrex|Calyrex-Ice, L50|100/100
|switch|p2b: Ogerpon|Ogerpon-Hearthflame, L50, F|100/100
|-ability|p2a: Calyrex|As One
|-ability|p2a: Calyrex|Unnerve
|-fieldstart|move: Electric Terrain|[from] ability: Hadron Engine|[of] p1a: Miraidon
|-ability|p2b: Ogerpon|Mold Breaker
|turn|1
|
|t:|1750861839
|-terastallize|p1b: Landorus|Poison
|move|p2b: Ogerpon|Follow Me|p2b: Ogerpon
|-singleturn|p2b: Ogerpon|move: Follow Me
|move|p1a: Miraidon|Volt Switch|p2b: Ogerpon
|-resisted|p2b: Ogerpon
|-damage|p2b: Ogerpon|62/100
|
|t:|1750861845
|switch|p1a: Incineroar|Incineroar, L50, F|100/100|[from] Volt Switch
|-ability|p1a: Incineroar|Intimidate|boost
|-unboost|p2a: Calyrex|atk|1
|-unboost|p2b: Ogerpon|atk|1
|move|p1b: Landorus|Sandsear Storm|p2a: Calyrex|[spread] p2a,p2b
|-damage|p2a: Calyrex|55/100
|-damage|p2b: Ogerpon|0 fnt
|faint|p2b: Ogerpon
|move|p2a: Calyrex|Glacial Lance|p1b: Landorus|[spread] p1a,p1b
|-resisted|p1a: Incineroar
|-damage|p1a: Incineroar|83/100
|-damage|p1b: Landorus|48/100
|-damage|p2a: Calyrex|45/100|[from] item: Life Orb
|
|upkeep
|
|t:|1750861859
|switch|p2b: Lunala|Lunala, L50|100/100
|turn|2
|
|t:|1750861876
|switch|p2a: Weezing|Weezing-Galar, L50, F|100/100
|-fieldstart|move: Misty Terrain|[from] ability: Misty Surge|[of] p2a: Weezing
|-terastallize|p2b: Lunala|Fairy
|move|p1b: Landorus|Sandsear Storm|p2b: Lunala|[spread] p2a
|-miss|p1b: Landorus|p2b: Lunala
|-supereffective|p2a: Weezing
|-damage|p2a: Weezing|0 fnt
|faint|p2a: Weezing
|move|p1a: Incineroar|Knock Off|p2b: Lunala
|-resisted|p2b: Lunala
|-damage|p2b: Lunala|92/100
|-enditem|p2b: Lunala|Leftovers|[from] move: Knock Off|[of] p1a: Incineroar
|move|p2b: Lunala|Trick Room|p2b: Lunala
|-fieldstart|move: Trick Room|[of] p2b: Lunala
|
|upkeep
|
|t:|1750861886
|switch|p2a: Calyrex|Calyrex-Ice, L50|45/100
|-ability|p2a: Calyrex|As One
|-ability|p2a: Calyrex|Unnerve
|turn|3
|
|t:|1750861900
|move|p1b: Landorus|Protect|p1b: Landorus
|-singleturn|p1b: Landorus|Protect
|move|p2a: Calyrex|Imprison|p2a: Calyrex
|-start|p2a: Calyrex|move: Imprison
|move|p1a: Incineroar|Flare Blitz|p2a: Calyrex
|-supereffective|p2a: Calyrex
|-damage|p2a: Calyrex|0 fnt
|faint|p2a: Calyrex
|-damage|p1a: Incineroar|67/100|[from] Recoil
|move|p2b: Lunala|Moongeist Beam|p1b: Landorus
|-activate|p1b: Landorus|move: Protect
|
|upkeep
|turn|4
|
|t:|1750861918
|move|p1a: Incineroar|U-turn|p2b: Lunala
|-resisted|p2b: Lunala
|-damage|p2b: Lunala|84/100
|
|t:|1750861923
|switch|p1a: Calyrex|Calyrex-Ice, L50|100/100|[from] U-turn
|-ability|p1a: Calyrex|As One
|-ability|p1a: Calyrex|Unnerve
|move|p2b: Lunala|Moongeist Beam|p1b: Landorus
|-damage|p1b: Landorus|0 fnt
|faint|p1b: Landorus
|
|upkeep
|
|t:|1750861935
|switch|p1b: Incineroar|Incineroar, L50, F|67/100
|-ability|p1b: Incineroar|Intimidate|boost
|-unboost|p2b: Lunala|atk|1
|turn|5
|-message|Testingstuffuser4 forfeited.
|
|win|Calamella
|raw|Calamella's rating: 1507 &rarr; <strong>1528</strong><br />(+21 for winning)
|raw|Testingstuffuser4's rating: 1520 &rarr; <strong>1499</strong><br />(-21 for losing)
|l|☆Testingstuffuser4
|player|p2|
