|j|☆SolVGC14
|j|☆peachykeane
|t:|1750879399
|gametype|doubles
|player|p1|SolVGC14|hilbert|1527
|player|p2|peachykeane|cowgirl|1438
|teamsize|p1|6
|teamsize|p2|6
|gen|9
|tier|[Gen 9] VGC 2025 Reg I
|rated|
|rule|Species Clause: Limit one of each Pokémon
|rule|Item Clause: Limit 1 of each item
|clearpoke
|poke|p1|Iron Bundle, L50|
|poke|p1|Miraidon, L50|
|poke|p1|Incineroar, L50, M|
|poke|p1|Zacian-*, L50|
|poke|p1|Araquanid, L50, F|
|poke|p1|Zoroark-Hisui, L50, M|
|poke|p2|Zamazenta-*, L50|
|poke|p2|Calyrex-Shadow, L50|
|poke|p2|Tornadus, L50, M|
|poke|p2|Rillaboom, L50, F|
|poke|p2|Smeargle, L50, M|
|poke|p2|Raging Bolt, L50|
|teampreview|4
|inactive|Battle timer is ON: inactive players will automatically lose when time's up. (requested by SolVGC14)
|
|t:|1750879437
|start
|switch|p1a: Iron Bundle|Iron Bundle, L50|100/100
|switch|p1b: Zacian|Zacian-Crowned, L50|100/100
|switch|p2a: Tornadus|Tornadus, L50, M|100/100
|switch|p2b: Smeargle|Smeargle, L50, M|100/100
|-ability|p1b: Zacian|Intrepid Sword|boost
|-boost|p1b: Zacian|atk|1
|turn|1
|inactive|peachykeane has 30 seconds left.
|
|t:|1750879467
|move|p1b: Zacian|Protect|p1b: Zacian
|-singleturn|p1b: Zacian|Protect
|move|p1a: Iron Bundle|Icy Wind|p2a: Tornadus|[spread] p2a,p2b
|-supereffective|p2a: Tornadus
|-damage|p2a: Tornadus|72/100
|-damage|p2b: Smeargle|66/100
|-unboost|p2a: Tornadus|spe|1
|-unboost|p2b: Smeargle|spe|1
|move|p2b: Smeargle|Spore|p1a: Iron Bundle
|-status|p1a: Iron Bundle|slp|[from] move: Spore
|move|p2a: Tornadus|Bleakwind Storm|p1a: Iron Bundle|[spread] p1a
|-activate|p1b: Zacian|move: Protect
|-damage|p1a: Iron Bundle|17/100 slp
|replace|p1a: Zoroark|Zoroark-Hisui, L50, M
|-end|p1a: Zoroark|Illusion
|
|-ability|p2b: Smeargle|Moody|boost
|-boost|p2b: Smeargle|def|2
|-unboost|p2b: Smeargle|spa|1
|upkeep
|turn|2
|
|t:|1750879490
|cant|p1a: Zoroark|slp
|move|p1b: Zacian|Behemoth Blade|p2b: Smeargle
|-damage|p2b: Smeargle|0 fnt
|faint|p2b: Smeargle
|move|p2a: Tornadus|Bleakwind Storm|p1a: Zoroark|[spread] p1a,p1b
|-resisted|p1b: Zacian
|-damage|p1a: Zoroark|0 fnt
|-damage|p1b: Zacian|81/100
|faint|p1a: Zoroark
|
|upkeep
|
|t:|1750879499
|switch|p1a: Iron Bundle|Iron Bundle, L50|100/100
|switch|p2b: Calyrex|Calyrex-Shadow, L50|100/100
|-ability|p2b: Calyrex|As One
|-ability|p2b: Calyrex|Unnerve
|turn|3
|
|t:|1750879513
|move|p1a: Iron Bundle|Protect|p1a: Iron Bundle
|-singleturn|p1a: Iron Bundle|Protect
|move|p2a: Tornadus|Tailwind|p2a: Tornadus
|-sidestart|p2: peachykeane|move: Tailwind
|move|p2b: Calyrex|Astral Barrage|p1a: Iron Bundle|[spread] p1b
|-activate|p1a: Iron Bundle|move: Protect
|-damage|p1b: Zacian|20/100
|-damage|p2b: Calyrex|91/100|[from] item: Life Orb
|move|p1b: Zacian|Behemoth Blade|p2b: Calyrex
|-damage|p2b: Calyrex|3/100
|
|upkeep
|turn|4
|inactive|SolVGC14 has 30 seconds left.
|inactive|peachykeane has 30 seconds left.
|inactive|SolVGC14 has 20 seconds left.
|inactive|SolVGC14 has 15 seconds left.
|inactive|SolVGC14 has 10 seconds left.
|inactive|SolVGC14 has 5 seconds left.
|
|t:|1750879567
|switch|p1b: Miraidon|Miraidon, L50|100/100
|-fieldstart|move: Electric Terrain|[from] ability: Hadron Engine|[of] p1b: Miraidon
|-activate|p1a: Iron Bundle|ability: Quark Drive
|-start|p1a: Iron Bundle|quarkdrivespe
|move|p2b: Calyrex|Protect|p2b: Calyrex
|-singleturn|p2b: Calyrex|Protect
|move|p1a: Iron Bundle|Protect||[still]
|-fail|p1a: Iron Bundle
|move|p2a: Tornadus|Bleakwind Storm|p1a: Iron Bundle|[spread] p1a,p1b
|-resisted|p1b: Miraidon
|-damage|p1a: Iron Bundle|10/100
|-damage|p1b: Miraidon|89/100
|
|upkeep
|turn|5
|
|t:|1750879582
|switch|p2a: Rillaboom|Rillaboom, L50, F|100/100
|-fieldstart|move: Grassy Terrain|[from] ability: Grassy Surge|[of] p2a: Rillaboom
|-end|p1a: Iron Bundle|Quark Drive
|move|p1a: Iron Bundle|Protect|p1a: Iron Bundle
|-singleturn|p1a: Iron Bundle|Protect
|move|p2b: Calyrex|Astral Barrage|p1a: Iron Bundle|[spread] p1b
|-activate|p1a: Iron Bundle|move: Protect
|-damage|p1b: Miraidon|55/100
|-damage|p2b: Calyrex|0 fnt|[from] item: Life Orb
|faint|p2b: Calyrex
|move|p1b: Miraidon|Snarl|p2a: Rillaboom
|-damage|p2a: Rillaboom|85/100
|-unboost|p2a: Rillaboom|spa|1
|
|-heal|p2a: Rillaboom|91/100|[from] Grassy Terrain
|-heal|p1a: Iron Bundle|17/100|[from] Grassy Terrain
|-heal|p1b: Miraidon|61/100|[from] Grassy Terrain
|upkeep
|
|t:|1750879589
|switch|p2b: Tornadus|Tornadus, L50, M|72/100
|turn|6
|inactive|peachykeane has 30 seconds left.
|
|t:|1750879616
|-end|p1a: Iron Bundle|Quark Drive|[silent]
|switch|p1a: Zacian|Zacian-Crowned, L50|20/100
|-terastallize|p2b: Tornadus|Dragon
|move|p2b: Tornadus|Bleakwind Storm|p1b: Miraidon|[spread] p1a
|-miss|p2b: Tornadus|p1b: Miraidon
|-resisted|p1a: Zacian
|-damage|p1a: Zacian|2/100
|move|p2a: Rillaboom|Wood Hammer|p1a: Zacian
|-resisted|p1a: Zacian
|-damage|p1a: Zacian|0 fnt
|faint|p1a: Zacian
|-damage|p2a: Rillaboom|90/100|[from] Recoil
|move|p1b: Miraidon|Volt Switch|p2b: Tornadus
|-resisted|p2b: Tornadus
|-damage|p2b: Tornadus|52/100
|
|t:|1750879633
|switch|p1b: Iron Bundle|Iron Bundle, L50|17/100|[from] Volt Switch
|
|-heal|p2b: Tornadus|58/100|[from] Grassy Terrain
|-heal|p2a: Rillaboom|96/100|[from] Grassy Terrain
|-heal|p1b: Iron Bundle|23/100|[from] Grassy Terrain
|-sideend|p2: peachykeane|move: Tailwind
|upkeep
|
|t:|1750879637
|switch|p1a: Miraidon|Miraidon, L50|61/100
|-fieldstart|move: Electric Terrain|[from] ability: Hadron Engine|[of] p1a: Miraidon
|-activate|p1b: Iron Bundle|ability: Quark Drive
|-start|p1b: Iron Bundle|quarkdrivespe
|turn|7
|
|t:|1750879649
|move|p2b: Tornadus|Protect|p2b: Tornadus
|-singleturn|p2b: Tornadus|Protect
|move|p1b: Iron Bundle|Freeze-Dry|p2b: Tornadus
|-activate|p2b: Tornadus|move: Protect
|move|p1a: Miraidon|Draco Meteor|p2a: Rillaboom
|-damage|p2a: Rillaboom|31/100
|-unboost|p1a: Miraidon|spa|2
|move|p2a: Rillaboom|Wood Hammer|p1b: Iron Bundle
|-supereffective|p1b: Iron Bundle
|-damage|p1b: Iron Bundle|0 fnt
|faint|p1b: Iron Bundle
|-end|p1b: Iron Bundle|Quark Drive|[silent]
|-damage|p2a: Rillaboom|26/100|[from] Recoil
|
|upkeep
|turn|8
|
|t:|1750879668
|move|p1a: Miraidon|Draco Meteor|p2b: Tornadus
|-supereffective|p2b: Tornadus
|-damage|p2b: Tornadus|0 fnt
|-unboost|p1a: Miraidon|spa|2
|faint|p2b: Tornadus
|move|p2a: Rillaboom|Wood Hammer|p1a: Miraidon
|-resisted|p1a: Miraidon
|-damage|p1a: Miraidon|37/100
|-damage|p2a: Rillaboom|18/100|[from] Recoil
|
|upkeep
|turn|9
|
|t:|1750879674
|move|p1a: Miraidon|Draco Meteor|p2a: Rillaboom
|-damage|p2a: Rillaboom|0 fnt
|-unboost|p1a: Miraidon|spa|2
|faint|p2a: Rillaboom
|
|win|SolVGC14
|raw|SolVGC14's rating: 1527 &rarr; <strong>1542</strong><br />(+15 for winning)
|raw|peachykeane's rating: 1438 &rarr; <strong>1423</strong><br />(-15 for losing)
|l|☆peachykeane
|player|p2|
|l|☆SolVGC14
|player|p1|
