|j|☆jhimbo2100
|j|☆headonbody
|t:|1750826307
|gametype|doubles
|player|p1|jhimbo2100|1|1194
|player|p2|headonbody|scientist-gen4dp|1177
|teamsize|p1|6
|teamsize|p2|6
|gen|9
|tier|[Gen 9] VGC 2025 Reg I
|rated|
|rule|Species Clause: Limit one of each Pokémon
|rule|Item Clause: Limit 1 of each item
|clearpoke
|poke|p1|Kyogre, L50|
|poke|p1|Basculegion, L50, M|
|poke|p1|Lugia, L50|
|poke|p1|Whimsicott, L50, M|
|poke|p1|Incineroar, L50, F|
|poke|p1|Urshifu-*, L50, F|
|poke|p2|Pawmot, L50, F|
|poke|p2|Calyrex-Shadow, L50|
|poke|p2|Koraidon, L50|
|poke|p2|Incineroar, L50, M|
|poke|p2|Iron Valiant, L50|
|poke|p2|Flutter Mane, L50|
|teampreview|4
|inactive|Battle timer is ON: inactive players will automatically lose when time's up. (requested by headonbody)
headonbody has agreed to open team sheets.
jhimbo2100 has agreed to open team sheets.
|showteam|p1|Kyogre||AssaultVest|Drizzle|WaterSpout,IceBeam,Thunder,HydroPump||||||50|,,,,,Grass]Basculegion||LifeOrb|SwiftSwim|LastRespects,WaveCrash,AquaJet,Protect|||M|||50|,,,,,Water]Lugia||Leftovers|Multiscale|DragonPulse,Hurricane,CalmMind,Recover||||||50|,,,,,Dragon]Whimsicott||CovertCloak|Prankster|Tailwind,Taunt,Moonblast,Protect|||M|||50|,,,,,Grass]Incineroar||SafetyGoggles|Intimidate|FakeOut,PartingShot,KnockOff,WillOWisp|||F|||50|,,,,,Fire]Urshifu||ChoiceBand|UnseenFist|WickedBlow,SuckerPunch,Uturn,PoisonJab|||F|||50|,,,,,Poison
|showteam|p2|Pawmot||FocusSash|VoltAbsorb|Nuzzle,Protect,FakeOut,RevivalBlessing|||F|||50|,,,,,Steel]Calyrex-Shadow||ChoiceScarf|AsOneSpectrier|PollenPuff,Psyshock,AstralBarrage,ShadowBall||||||50|,,,,,Ghost]Koraidon||LifeOrb|OrichalcumPulse|Bulldoze,FlareBlitz,CloseCombat,Protect||||||50|,,,,,Fire]Incineroar||EjectButton|Intimidate|Protect,DarkestLariat,FakeOut,FlareBlitz|||M|||50|,,,,,Ghost]Iron Valiant||BoosterEnergy|QuarkDrive|DazzlingGleam,AuraSphere,WideGuard,Imprison||||||50|,,,,,Fairy]Flutter Mane||ChoiceSpecs|Protosynthesis|EnergyBall,MysticalFire,ShadowBall,DazzlingGleam||||||50|,,,,,Ghost
|
|t:|1750826346
|start
|switch|p1a: Urshifu|Urshifu, L50, F|100/100
|switch|p1b: Whimsicott|Whimsicott, L50, M|100/100
|switch|p2a: Calyrex|Calyrex-Shadow, L50|100/100
|switch|p2b: Iron Valiant|Iron Valiant, L50|100/100
|-ability|p2a: Calyrex|As One
|-ability|p2a: Calyrex|Unnerve
|-enditem|p2b: Iron Valiant|Booster Energy
|-activate|p2b: Iron Valiant|ability: Quark Drive|[fromitem]
|-start|p2b: Iron Valiant|quarkdrivespa
|turn|1
|inactive|headonbody has 30 seconds left.
|inactive|jhimbo2100 has 30 seconds left.
|inactive|headonbody has 20 seconds left.
|inactive|headonbody has 15 seconds left.
|
|t:|1750826390
|switch|p2a: Koraidon|Koraidon, L50|100/100
|-weather|SunnyDay|[from] ability: Orichalcum Pulse|[of] p2a: Koraidon
|-activate|p2a: Koraidon|Orichalcum Pulse|[source]
|-terastallize|p2b: Iron Valiant|Fairy
|-terastallize|p1a: Urshifu|Poison
|move|p1b: Whimsicott|Tailwind|p1b: Whimsicott
|-sidestart|p1: jhimbo2100|move: Tailwind
|move|p1a: Urshifu|Wicked Blow|p2a: Koraidon
|-resisted|p2a: Koraidon
|-crit|p2a: Koraidon
|-damage|p2a: Koraidon|62/100
|move|p2b: Iron Valiant|Dazzling Gleam|p1b: Whimsicott|[spread] p1a,p1b
|-resisted|p1a: Urshifu
|-damage|p1a: Urshifu|60/100
|-damage|p1b: Whimsicott|18/100
|
|-weather|SunnyDay|[upkeep]
|upkeep
|turn|2
|inactive|jhimbo2100 has 30 seconds left.
|inactive|headonbody has 30 seconds left.
|inactive|headonbody has 20 seconds left.
|
|t:|1750826425
|switch|p1a: Kyogre|Kyogre, L50|100/100
|-weather|RainDance|[from] ability: Drizzle|[of] p1a: Kyogre
|move|p2b: Iron Valiant|Wide Guard|p2b: Iron Valiant
|-singleturn|p2b: Iron Valiant|Wide Guard
|move|p1b: Whimsicott|Taunt|p2b: Iron Valiant
|-start|p2b: Iron Valiant|move: Taunt
|move|p2a: Koraidon|Bulldoze|p1a: Kyogre|[spread] p1a,p1b
|-activate|p2b: Iron Valiant|move: Wide Guard
|-resisted|p1b: Whimsicott
|-damage|p1a: Kyogre|82/100
|-damage|p1b: Whimsicott|5/100
|-unboost|p1a: Kyogre|spe|1
|-damage|p2a: Koraidon|52/100|[from] item: Life Orb
|
|-weather|RainDance|[upkeep]
|upkeep
|turn|3
|inactive|jhimbo2100 has 30 seconds left.
|inactive|jhimbo2100 has 20 seconds left.
|
|t:|1750826461
|move|p1b: Whimsicott|Moonblast|p2a: Koraidon
|-supereffective|p2a: Koraidon
|-damage|p2a: Koraidon|0 fnt
|faint|p2a: Koraidon
|move|p2b: Iron Valiant|Aura Sphere|p1a: Kyogre
|-damage|p1a: Kyogre|56/100
|move|p1a: Kyogre|Hydro Pump|p2b: Iron Valiant
|-damage|p2b: Iron Valiant|0 fnt
|faint|p2b: Iron Valiant
|-end|p2b: Iron Valiant|Quark Drive|[silent]
|
|-weather|RainDance|[upkeep]
|upkeep
|
|t:|1750826473
|switch|p2a: Pawmot|Pawmot, L50, F|100/100
|switch|p2b: Calyrex|Calyrex-Shadow, L50|100/100
|-ability|p2b: Calyrex|As One
|-ability|p2b: Calyrex|Unnerve
|turn|4
|
|t:|1750826497
|move|p1b: Whimsicott|Protect|p1b: Whimsicott
|-singleturn|p1b: Whimsicott|Protect
|move|p2a: Pawmot|Fake Out|p1b: Whimsicott
|-activate|p1b: Whimsicott|move: Protect
|move|p2b: Calyrex|Astral Barrage|p1a: Kyogre|[spread] p1a
|-activate|p1b: Whimsicott|move: Protect
|-damage|p1a: Kyogre|28/100
|move|p1a: Kyogre|Hydro Pump|p2b: Calyrex|[miss]
|-miss|p1a: Kyogre|p2b: Calyrex
|
|-weather|RainDance|[upkeep]
|-sideend|p1: jhimbo2100|move: Tailwind
|upkeep
|turn|5
|
|t:|1750826520
|move|p2a: Pawmot|Protect|p2a: Pawmot
|-singleturn|p2a: Pawmot|Protect
|move|p1b: Whimsicott|Taunt|p2a: Pawmot
|-activate|p2a: Pawmot|move: Protect
|move|p2b: Calyrex|Astral Barrage|p1b: Whimsicott|[spread] p1a,p1b
|-damage|p1a: Kyogre|1/100
|-damage|p1b: Whimsicott|0 fnt
|faint|p1b: Whimsicott
|-ability|p2b: Calyrex|Grim Neigh|boost
|-boost|p2b: Calyrex|spa|1
|move|p1a: Kyogre|Ice Beam|p2b: Calyrex
|-damage|p2b: Calyrex|66/100
|
|-weather|RainDance|[upkeep]
|upkeep
|
|t:|1750826523
|switch|p1b: Basculegion|Basculegion, L50, M|100/100
|turn|6
|
|t:|1750826543
|move|p2b: Calyrex|Astral Barrage|p1b: Basculegion|[spread] p1a,p1b
|-supereffective|p1b: Basculegion
|-damage|p1a: Kyogre|0 fnt
|-damage|p1b: Basculegion|0 fnt
|faint|p1a: Kyogre
|faint|p1b: Basculegion
|-ability|p2b: Calyrex|Grim Neigh|boost
|-boost|p2b: Calyrex|spa|2
|move|p2a: Pawmot|Revival Blessing|p2a: Pawmot
|-message|jhimbo2100 forfeited.
|
|win|headonbody
|raw|jhimbo2100's rating: 1194 &rarr; <strong>1168</strong><br />(-26 for losing)
|raw|headonbody's rating: 1177 &rarr; <strong>1203</strong><br />(+26 for winning)
|l|☆jhimbo2100
|player|p1|
|l|☆headonbody
|player|p2|
