|j|☆Sickboypro
|j|☆chad flenderman
|t:|1750817904
|gametype|doubles
|player|p1|Sickboypro|cress|1134
|player|p2|chad flenderman|piers-masters|1215
|teamsize|p1|6
|teamsize|p2|6
|gen|9
|tier|[Gen 9] VGC 2025 Reg I
|rated|
|rule|Species Clause: Limit one of each Pokémon
|rule|Item Clause: Limit 1 of each item
|clearpoke
|poke|p1|Koraidon, L50|
|poke|p1|Miraidon, L50|
|poke|p1|Pikachu-Sinnoh, L50, M|
|poke|p1|Heatran, L50, M|
|poke|p1|Grimmsnarl, L50, M|
|poke|p1|Incineroar, L50, F|
|poke|p2|Tatsugiri, L50, M|
|poke|p2|Dondozo, L50, F|
|poke|p2|Latios, L50, M|
|poke|p2|Gouging Fire, L50|
|poke|p2|Calyrex-Ice, L50|
|poke|p2|Miraidon, L50|
|teampreview|4
|inactive|Battle timer is ON: inactive players will automatically lose when time's up. (requested by chad flenderman)
|
|t:|1750817929
|start
|switch|p1a: Miraidon|Miraidon, L50|100/100
|switch|p1b: Grimmsnarl|Grimmsnarl, L50, M|100/100
|switch|p2a: Dondozo|Dondozo, L50, F|100/100
|switch|p2b: Latios|Latios, L50, M|100/100
|-fieldstart|move: Electric Terrain|[from] ability: Hadron Engine|[of] p1a: Miraidon
|turn|1
|inactive|chad flenderman has 30 seconds left.
|
|t:|1750817955
|move|p2a: Dondozo|Protect|p2a: Dondozo
|-singleturn|p2a: Dondozo|Protect
|move|p1b: Grimmsnarl|Light Screen|p1b: Grimmsnarl
|-sidestart|p1: Sickboypro|move: Light Screen
|move|p1a: Miraidon|Dazzling Gleam|p2b: Latios|[spread] p2b
|-activate|p2a: Dondozo|move: Protect
|-supereffective|p2b: Latios
|-damage|p2b: Latios|45/100
|move|p2b: Latios|Tailwind|p2b: Latios
|-sidestart|p2: chad flenderman|move: Tailwind
|
|upkeep
|turn|2
|
|t:|1750817971
|move|p1b: Grimmsnarl|Thunder Wave|p2a: Dondozo
|-status|p2a: Dondozo|par
|move|p2b: Latios|Simple Beam|p2a: Dondozo
|-endability|p2a: Dondozo|Oblivious|[from] move: Simple Beam
|-ability|p2a: Dondozo|Simple|[from] move: Simple Beam
|move|p1a: Miraidon|Dazzling Gleam|p2a: Dondozo|[spread] p2a,p2b
|-crit|p2a: Dondozo
|-supereffective|p2b: Latios
|-damage|p2a: Dondozo|62/100 par
|-damage|p2b: Latios|0 fnt
|faint|p2b: Latios
|move|p2a: Dondozo|Earthquake|p1b: Grimmsnarl|[spread] p1a,p1b
|-supereffective|p1a: Miraidon
|-damage|p1a: Miraidon|52/100
|-damage|p1b: Grimmsnarl|72/100
|
|-heal|p2a: Dondozo|69/100 par|[from] item: Leftovers
|upkeep
|
|t:|1750817974
|switch|p2b: Tatsugiri|Tatsugiri, L50, M|100/100
|-activate|p2b: Tatsugiri|ability: Commander|[of] p2a: Dondozo
|-boost|p2a: Dondozo|atk|4
|-boost|p2a: Dondozo|spa|4
|-boost|p2a: Dondozo|spe|4
|-boost|p2a: Dondozo|def|4
|-boost|p2a: Dondozo|spd|4
|turn|3
|
|t:|1750817996
|move|p1b: Grimmsnarl|Reflect|p1b: Grimmsnarl
|-sidestart|p1: Sickboypro|Reflect
|move|p1a: Miraidon|Electro Drift|p2a: Dondozo
|-supereffective|p2a: Dondozo
|-damage|p2a: Dondozo|0 fnt
|faint|p2a: Dondozo
|
|upkeep
|
|t:|1750818001
|switch|p2a: Calyrex|Calyrex-Ice, L50|100/100
|-ability|p2a: Calyrex|As One
|-ability|p2a: Calyrex|Unnerve
|turn|4
|c|☆chad flenderman|zut alora
|c|☆Sickboypro|wut
|c|☆chad flenderman|alors*
|inactive|chad flenderman has 30 seconds left.
|inactive|chad flenderman has 20 seconds left.
|c|☆chad flenderman|francois
|inactive|chad flenderman has 15 seconds left.
|inactive|chad flenderman has 10 seconds left.
|
|t:|1750818047
|move|p1b: Grimmsnarl|Thunder Wave|p2a: Calyrex
|-status|p2a: Calyrex|par
|move|p2b: Tatsugiri|Draco Meteor|p1a: Miraidon
|-supereffective|p1a: Miraidon
|-damage|p1a: Miraidon|0 fnt
|-unboost|p2b: Tatsugiri|spa|2
|faint|p1a: Miraidon
|-damage|p2b: Tatsugiri|91/100|[from] item: Life Orb
|move|p2a: Calyrex|Glacial Lance|p1b: Grimmsnarl
|-crit|p1b: Grimmsnarl
|-damage|p1b: Grimmsnarl|0 fnt
|faint|p1b: Grimmsnarl
|-ability|p2a: Calyrex|Chilling Neigh|boost
|-boost|p2a: Calyrex|atk|1
|
|-sideend|p2: chad flenderman|move: Tailwind
|upkeep
|
|t:|1750818062
|switch|p1a: Koraidon|Koraidon, L50|100/100
|switch|p1b: Pikachu|Pikachu-Sinnoh, L50, M|100/100
|-weather|SunnyDay|[from] ability: Orichalcum Pulse|[of] p1a: Koraidon
|-activate|p1a: Koraidon|Orichalcum Pulse|[source]
|turn|5
|
|t:|1750818080
|move|p1b: Pikachu|Fake Out|p2b: Tatsugiri
|-damage|p2b: Tatsugiri|70/100
|move|p1a: Koraidon|Close Combat|p2a: Calyrex
|-damage|p2a: Calyrex|30/100 par
|-unboost|p1a: Koraidon|def|1
|-unboost|p1a: Koraidon|spd|1
|-damage|p1a: Koraidon|91/100|[from] item: Life Orb
|cant|p2b: Tatsugiri|flinch
|move|p2a: Calyrex|Trick Room|p2a: Calyrex
|-fieldstart|move: Trick Room|[of] p2a: Calyrex
|
|-weather|SunnyDay|[upkeep]
|-fieldend|move: Electric Terrain
|upkeep
|turn|6
|
|t:|1750818103
|-terastallize|p1a: Koraidon|Fire
|move|p2a: Calyrex|Glacial Lance|p1b: Pikachu|[spread] p1a,p1b
|-resisted|p1a: Koraidon
|-damage|p1a: Koraidon|53/100
|-damage|p1b: Pikachu|0 fnt
|faint|p1b: Pikachu
|-ability|p2a: Calyrex|Chilling Neigh|boost
|-boost|p2a: Calyrex|atk|1
|move|p2b: Tatsugiri|Draco Meteor|p1a: Koraidon
|-damage|p1a: Koraidon|11/100
|-unboost|p2b: Tatsugiri|spa|2
|-damage|p2b: Tatsugiri|60/100|[from] item: Life Orb
|move|p1a: Koraidon|Dragon Claw|p2b: Tatsugiri
|-supereffective|p2b: Tatsugiri
|-damage|p2b: Tatsugiri|0 fnt
|faint|p2b: Tatsugiri
|-damage|p1a: Koraidon|2/100|[from] item: Life Orb
|
|-weather|SunnyDay|[upkeep]
|upkeep
|turn|7
|
|t:|1750818120
|move|p2a: Calyrex|Glacial Lance|p1a: Koraidon
|-resisted|p1a: Koraidon
|-damage|p1a: Koraidon|0 fnt
|faint|p1a: Koraidon
|
|win|chad flenderman
|raw|Sickboypro's rating: 1134 &rarr; <strong>1115</strong><br />(-19 for losing)
|raw|chad flenderman's rating: 1215 &rarr; <strong>1234</strong><br />(+19 for winning)
|c|☆chad flenderman|gg
|l|☆Sickboypro
|player|p1|
|l|☆chad flenderman
|player|p2|
