|j|☆Zappbolt
|j|☆It'sJustKen VGC
|t:|1750729750
|gametype|doubles
|player|p1|Zappbolt|2|1493
|player|p2|It'sJustKen VGC|player-go|1561
|teamsize|p1|6
|teamsize|p2|6
|gen|9
|tier|[Gen 9] VGC 2025 Reg I
|rated|
|rule|Species Clause: Limit one of each Pokémon
|rule|Item Clause: Limit 1 of each item
|clearpoke
|poke|p1|Calyrex-Ice, L50|
|poke|p1|Kyogre, L50|
|poke|p1|Rillaboom, L50, M|
|poke|p1|Urshifu-*, L50, M|
|poke|p1|Incineroar, L50, F|
|poke|p1|Raging Bolt, L50|
|poke|p2|Incineroar, L50, F|
|poke|p2|Urshifu-*, L50, F|
|poke|p2|Amoonguss, L50, F|
|poke|p2|Calyrex-Shadow, L50|
|poke|p2|Tornadus, L50, M|
|poke|p2|Terapagos, L50, M|
|teampreview|4
|inactive|Battle timer is ON: inactive players will automatically lose when time's up. (requested by Zappbolt)
|inactive|It'sJustKen VGC also wants the timer to be on.
|
|t:|1750729771
|start
|switch|p1a: Incineroar|Incineroar, L50, F|100/100
|switch|p1b: Calyrex|Calyrex-Ice, L50|100/100
|switch|p2a: @Not Wolfe Glick|Incineroar, L50, F|100/100
|switch|p2b: Chicken Jockey|Calyrex-Shadow, L50|100/100
|-ability|p2b: Chicken Jockey|As One
|-ability|p2b: Chicken Jockey|Unnerve
|-ability|p1b: Calyrex|As One
|-ability|p1b: Calyrex|Unnerve
|-ability|p2a: @Not Wolfe Glick|Intimidate|boost
|-unboost|p1a: Incineroar|atk|1
|-unboost|p1b: Calyrex|atk|1
|-ability|p1a: Incineroar|Intimidate|boost
|-unboost|p2a: @Not Wolfe Glick|atk|1
|-unboost|p2b: Chicken Jockey|atk|1
|turn|1
|inactive|It'sJustKen VGC has 30 seconds left.
|inactive|It'sJustKen VGC has 20 seconds left.
|inactive|It'sJustKen VGC has 15 seconds left.
|
|t:|1750729812
|-terastallize|p2b: Chicken Jockey|Ghost
|-terastallize|p1b: Calyrex|Fairy
|move|p2a: @Not Wolfe Glick|Fake Out|p1a: Incineroar
|-damage|p1a: Incineroar|92/100
|move|p2b: Chicken Jockey|Astral Barrage|p1a: Incineroar|[spread] p1a,p1b
|-resisted|p1a: Incineroar
|-damage|p1a: Incineroar|45/100
|-damage|p1b: Calyrex|33/100
|-damage|p2b: Chicken Jockey|91/100|[from] item: Life Orb
|cant|p1a: Incineroar|flinch
|move|p1b: Calyrex|Trick Room|p1b: Calyrex
|-fieldstart|move: Trick Room|[of] p1b: Calyrex
|
|-heal|p1b: Calyrex|39/100|[from] item: Leftovers
|upkeep
|turn|2
|
|t:|1750729835
|move|p1b: Calyrex|Protect|p1b: Calyrex
|-singleturn|p1b: Calyrex|Protect
|move|p2b: Chicken Jockey|Protect|p2b: Chicken Jockey
|-singleturn|p2b: Chicken Jockey|Protect
|move|p1a: Incineroar|Knock Off|p2b: Chicken Jockey
|-activate|p2b: Chicken Jockey|move: Protect
|move|p2a: @Not Wolfe Glick|U-turn|p1a: Incineroar
|-damage|p1a: Incineroar|33/100
|inactive|It'sJustKen VGC has 30 seconds left.
|
|t:|1750729862
|switch|p2a: PTSD Mushroom|Amoonguss, L50, F|100/100|[from] U-turn
|
|-heal|p1b: Calyrex|45/100|[from] item: Leftovers
|upkeep
|turn|3
|
|t:|1750729873
|switch|p1b: Kyogre|Kyogre, L50|100/100
|-weather|RainDance|[from] ability: Drizzle|[of] p1b: Kyogre
|move|p2a: PTSD Mushroom|Spore|p1b: Kyogre
|-status|p1b: Kyogre|slp|[from] move: Spore
|move|p1a: Incineroar|Knock Off|p2b: Chicken Jockey
|-supereffective|p2b: Chicken Jockey
|-damage|p2b: Chicken Jockey|27/100
|-enditem|p2b: Chicken Jockey|Life Orb|[from] move: Knock Off|[of] p1a: Incineroar
|move|p2b: Chicken Jockey|Astral Barrage|p1b: Kyogre|[spread] p1a,p1b
|-resisted|p1a: Incineroar
|-damage|p1a: Incineroar|0 fnt
|-damage|p1b: Kyogre|48/100 slp
|faint|p1a: Incineroar
|-ability|p2b: Chicken Jockey|Grim Neigh|boost
|-boost|p2b: Chicken Jockey|spa|1
|
|-weather|RainDance|[upkeep]
|upkeep
|
|t:|1750729889
|switch|p1a: Calyrex|Calyrex-Ice, L50, tera:Fairy|45/100
|-ability|p1a: Calyrex|As One
|-ability|p1a: Calyrex|Unnerve
|turn|4
|
|t:|1750729904
|move|p2a: PTSD Mushroom|Spore|p1a: Calyrex
|-status|p1a: Calyrex|slp|[from] move: Spore
|cant|p1a: Calyrex|slp
|cant|p1b: Kyogre|slp
|move|p2b: Chicken Jockey|Astral Barrage|p1a: Calyrex|[spread] p1a,p1b
|-damage|p1a: Calyrex|0 fnt
|-damage|p1b: Kyogre|0 fnt
|faint|p1a: Calyrex
|faint|p1b: Kyogre
|-ability|p2b: Chicken Jockey|Grim Neigh|boost
|-boost|p2b: Chicken Jockey|spa|2
|
|-weather|RainDance|[upkeep]
|upkeep
|c|☆Zappbolt|gg
|
|t:|1750729918
|switch|p1a: Urshifu|Urshifu-Rapid-Strike, L50, M|100/100
|turn|5
|inactive|It'sJustKen VGC has 30 seconds left.
|inactive|It'sJustKen VGC has 20 seconds left.
|inactive|It'sJustKen VGC has 15 seconds left.
|inactive|It'sJustKen VGC has 10 seconds left.
|
|t:|1750729965
|move|p2a: PTSD Mushroom|Rage Powder|p2a: PTSD Mushroom
|-singleturn|p2a: PTSD Mushroom|move: Rage Powder
|move|p1a: Urshifu|Surging Strikes|p2a: PTSD Mushroom
|-resisted|p2a: PTSD Mushroom
|-crit|p2a: PTSD Mushroom
|-damage|p2a: PTSD Mushroom|88/100
|-resisted|p2a: PTSD Mushroom
|-crit|p2a: PTSD Mushroom
|-damage|p2a: PTSD Mushroom|74/100
|-resisted|p2a: PTSD Mushroom
|-crit|p2a: PTSD Mushroom
|-damage|p2a: PTSD Mushroom|62/100
|-hitcount|p2a: PTSD Mushroom|3
|move|p2b: Chicken Jockey|Astral Barrage|p1a: Urshifu
|-damage|p1a: Urshifu|0 fnt
|faint|p1a: Urshifu
|
|win|It'sJustKen VGC
|raw|Zappbolt's rating: 1493 &rarr; <strong>1477</strong><br />(-16 for losing)
|raw|It&apos;sJustKen VGC's rating: 1561 &rarr; <strong>1577</strong><br />(+16 for winning)
