|j|☆Yugi wit da hoodie
|j|☆Sheldrom
|html|<table width="100%"><tr><td align="left">Yugi wit da hoodie</td><td align="right">Sheldrom</tr><tr><td align="left"><i class="fa fa-circle"></i> <i class="fa fa-circle-o"></i> </td><td align="right"><i class="fa fa-circle-o"></i> <i class="fa fa-circle"></i> </tr></table>
|uhtml|bestof|<h2><strong>Game 3</strong> of <a href="/game-bestof3-gen9vgc2025regi-2391158380">a best-of-3</a></h2>
|t:|1750810982
|gametype|doubles
|player|p1|Yugi wit da hoodie|265|
|player|p2|Sheldrom|caitlin|
|teamsize|p1|6
|teamsize|p2|6
|gen|9
|tier|[Gen 9] VGC 2025 Reg I
|rule|Species Clause: Limit one of each Pokémon
|rule|Item Clause: Limit 1 of each item
|raw|<div class="infobox"><details class="readmore" open><summary><strong>1 custom rule:</strong></summary> Best of = 3</details></div>
|clearpoke
|poke|p1|Terapagos, L50, M|
|poke|p1|Ogerpon-Cornerstone, L50, F|
|poke|p1|Regidrago, L50|
|poke|p1|Tinkaton, L50, F|
|poke|p1|Hitmontop, L50, M|
|poke|p1|Salazzle, L50, F|
|poke|p2|Calyrex-Ice, L50|
|poke|p2|Sylveon, L50, F|
|poke|p2|Dondozo, L50, F|
|poke|p2|Tatsugiri, L50, F|
|poke|p2|Porygon2, L50|
|poke|p2|Toedscruel, L50, M|
|teampreview|4
|j| WindyEng
|j| CocoRush
|j| MaxwellH
Sheldrom rejected open team sheets.
|j| dolphinsfan254
|j| sadwithpower
|c| dolphinsfan254|Game 3 hooray!!
|
|t:|1750811099
|start
|switch|p1a: Smaug|Regidrago, L50|100/100
|switch|p1b: Hitmontop|Hitmontop, L50, M|100/100
|switch|p2a: Horse|Calyrex-Ice, L50|100/100
|switch|p2b: Duck|Porygon2, L50, shiny|100/100
|-ability|p2a: Horse|As One
|-ability|p2a: Horse|Unnerve
|-ability|p1b: Hitmontop|Intimidate|boost
|-unboost|p2a: Horse|atk|1
|-unboost|p2b: Duck|atk|1
|-ability|p2b: Duck|Download|boost
|-boost|p2b: Duck|spa|1
|turn|1
|
|t:|1750811234
|move|p1b: Hitmontop|Helping Hand|p1a: Smaug
|-singleturn|p1a: Smaug|Helping Hand|[of] p1b: Hitmontop
|move|p1a: Smaug|Dragon Energy|p2a: Horse|[spread] p2a,p2b
|-damage|p2a: Horse|0 fnt
|-damage|p2b: Duck|13/100
|faint|p2a: Horse
|-damage|p1a: Smaug|91/100|[from] item: Life Orb
|move|p2b: Duck|Recover|p2b: Duck
|-heal|p2b: Duck|63/100
|
|upkeep
|c| dolphinsfan254|Oh man
|c|☆Yugi wit da hoodie|Regidrago finally gets his chance to shine
|
|t:|1750811276
|switch|p2a: Big Fish|Dondozo, L50, F, shiny|100/100
|turn|2
|
|t:|1750811368
|switch|p1b: Wiki-Tiki|Ogerpon-Cornerstone, L50, F|100/100
|move|p1a: Smaug|Protect|p1a: Smaug
|-singleturn|p1a: Smaug|Protect
|move|p2a: Big Fish|Wave Crash|p1a: Smaug
|-activate|p1a: Smaug|move: Protect
|move|p2b: Duck|Foul Play|p1b: Wiki-Tiki
|-damage|p1b: Wiki-Tiki|57/100
|
|upkeep
|turn|3
|
|t:|1750811388
|switch|p2b: Little Fish|Tatsugiri, L50, F, shiny|100/100
|-activate|p2b: Little Fish|ability: Commander|[of] p2a: Big Fish
|-boost|p2a: Big Fish|atk|2
|-boost|p2a: Big Fish|spa|2
|-boost|p2a: Big Fish|spe|2
|-boost|p2a: Big Fish|def|2
|-boost|p2a: Big Fish|spd|2
|-terastallize|p2a: Big Fish|Grass
|move|p1b: Wiki-Tiki|Follow Me|p1b: Wiki-Tiki
|-singleturn|p1b: Wiki-Tiki|move: Follow Me
|move|p2a: Big Fish|Earthquake|p1a: Smaug|[spread] p1a,p1b
|-miss|p2a: Big Fish|p2b: Little Fish
|-damage|p1a: Smaug|45/100
|-damage|p1b: Wiki-Tiki|0 fnt
|faint|p1b: Wiki-Tiki
|move|p1a: Smaug|Dragon Energy|p2b: Little Fish|[spread] p2a
|-miss|p1a: Smaug|p2b: Little Fish
|-damage|p2a: Big Fish|75/100
|-damage|p1a: Smaug|35/100|[from] item: Life Orb
|
|upkeep
|
|t:|1750811406
|switch|p1b: Hitmontop|Hitmontop, L50, M|100/100
|-ability|p1b: Hitmontop|Intimidate|boost
|-fail|p2a: Big Fish|unboost|Attack|[from] ability: Oblivious|[of] p2a: Big Fish
|-unboost|p2b: Little Fish|atk|1
|turn|4
|
|t:|1750811435
|move|p1b: Hitmontop|Fake Out|p2a: Big Fish
|-damage|p2a: Big Fish|71/100
|cant|p2a: Big Fish|flinch
|move|p1a: Smaug|Draco Meteor|p2a: Big Fish
|-damage|p2a: Big Fish|0 fnt
|-unboost|p1a: Smaug|spa|2
|faint|p2a: Big Fish
|-damage|p1a: Smaug|25/100|[from] item: Life Orb
|
|upkeep
|c|☆Sheldrom|Ggs!
|c| WindyEng|god damn regidrago
|
|t:|1750811448
|switch|p2a: Duck|Porygon2, L50, shiny|63/100
|-ability|p2a: Duck|Download|boost
|-boost|p2a: Duck|spa|1
|turn|5
|c| WindyEng|I take back everything bad I said about regidrago at the beginning of this match
|
|t:|1750811469
|move|p2b: Little Fish|Muddy Water|p1a: Smaug|[spread] p1a,p1b
|-resisted|p1a: Smaug
|-damage|p1a: Smaug|7/100
|-damage|p1b: Hitmontop|68/100
|move|p1a: Smaug|Draco Meteor|p2b: Little Fish
|-supereffective|p2b: Little Fish
|-enditem|p2b: Little Fish|Focus Sash
|-damage|p2b: Little Fish|1/100
|-unboost|p1a: Smaug|spa|2
|-damage|p1a: Smaug|0 fnt|[from] item: Life Orb
|faint|p1a: Smaug
|move|p1b: Hitmontop|Close Combat|p2a: Duck
|-supereffective|p2a: Duck
|-damage|p2a: Duck|10/100
|-unboost|p1b: Hitmontop|def|1
|-unboost|p1b: Hitmontop|spd|1
|move|p2a: Duck|Tera Blast|p1b: Hitmontop
|-damage|p1b: Hitmontop|1/100
|
|upkeep
|c| WindyEng|lol
|
|t:|1750811489
|switch|p1a: Crush|Terapagos, L50, M|100/100
|-activate|p1a: Crush|ability: Tera Shift
|detailschange|p1a: Crush|Terapagos-Terastal, L50, M
|-heal|p1a: Crush|100/100|[silent]
|turn|6
|c|☆Yugi wit da hoodie|gg
|
|t:|1750811507
|-terastallize|p1a: Crush|Stellar
|detailschange|p1a: Crush|Terapagos-Stellar, L50, M, tera:Stellar
|-heal|p1a: Crush|100/100|[silent]
|move|p1b: Hitmontop|Wide Guard|p1b: Hitmontop
|-singleturn|p1b: Hitmontop|Wide Guard
|move|p2b: Little Fish|Muddy Water|p1b: Hitmontop|[spread] 
|-activate|p1a: Crush|move: Wide Guard
|-activate|p1b: Hitmontop|move: Wide Guard
|move|p1a: Crush|Tera Starstorm|p2b: Little Fish|[spread] p2a,p2b
|-damage|p2a: Duck|0 fnt
|-damage|p2b: Little Fish|0 fnt
|faint|p2a: Duck
|faint|p2b: Little Fish
|
|win|Yugi wit da hoodie
