|j|☆ziabaypah
|j|☆CadaverLuke
|t:|1750803138
|gametype|doubles
|player|p1|ziabaypah|2|1095
|player|p2|CadaverLuke|266|1108
|teamsize|p1|6
|teamsize|p2|6
|gen|9
|tier|[Gen 9] VGC 2025 Reg I
|rated|
|rule|Species Clause: Limit one of each Pokémon
|rule|Item Clause: Limit 1 of each item
|clearpoke
|poke|p1|Lunala, L50|
|poke|p1|Zoroark-Hisui, L50, F|
|poke|p1|Zamazenta-*, L50|
|poke|p1|Chien-Pao, L50|
|poke|p1|Whimsicott, L50, F|
|poke|p1|Landorus, L50, M|
|poke|p2|Cetitan, L50, F|
|poke|p2|Ninetales-Alola, L50, M|
|poke|p2|Indeedee-F, L50, F|
|poke|p2|Abomasnow, L50, F|
|poke|p2|Sableye, L50, M|
|poke|p2|Calyrex-Shadow, L50|
|teampreview|4
|
|t:|1750803157
|start
|switch|p1a: Lunala|Lunala, L50|100/100
|switch|p1b: Chien-Pao|Chien-Pao, L50|100/100
|switch|p2a: Sableye|Sableye, L50, M|100/100
|switch|p2b: Calyrex|Calyrex-Shadow, L50|100/100
|-ability|p2b: Calyrex|As One
|-ability|p2b: Calyrex|Unnerve
|-ability|p1b: Chien-Pao|Sword of Ruin
|turn|1
|
|t:|1750803177
|-terastallize|p2b: Calyrex|Ghost
|move|p2a: Sableye|Feint|p1a: Lunala
|-immune|p1a: Lunala
|move|p1a: Lunala|Bitter Malice|p2b: Calyrex
|-supereffective|p2b: Calyrex
|-damage|p2b: Calyrex|21/100
|-unboost|p2b: Calyrex|atk|1
|move|p1b: Chien-Pao|Taunt|p2a: Sableye
|-start|p2a: Sableye|move: Taunt
|move|p2b: Calyrex|Astral Barrage|p1b: Chien-Pao|[spread] p1b
|-immune|p1a: Lunala
|-resisted|p1b: Chien-Pao
|-damage|p1b: Chien-Pao|7/100
|
|upkeep
|turn|2
|c|☆CadaverLuke|what just happened lol
|c|☆CadaverLuke|why did that do nothing
|c|☆ziabaypah|Who knows
|c|☆CadaverLuke|oh
|c|☆CadaverLuke|smart
|c|☆CadaverLuke|its the fake one
|c|☆ziabaypah|I LOVE ZOROARK
|c|☆CadaverLuke|gg lol didnt even see it
|c|☆ziabaypah|Game is far from over
|
|t:|1750803245
|move|p1b: Chien-Pao|Protect|p1b: Chien-Pao
|-singleturn|p1b: Chien-Pao|Protect
|move|p2a: Sableye|Feint|p1b: Chien-Pao
|-activate|p1b: Chien-Pao|move: Feint
|-damage|p1b: Chien-Pao|0 fnt
|faint|p1b: Chien-Pao
|move|p1a: Lunala|Bitter Malice|p2b: Calyrex
|-supereffective|p2b: Calyrex
|-damage|p2b: Calyrex|0 fnt
|faint|p2b: Calyrex
|
|upkeep
|
|t:|1750803265
|switch|p1b: Lunala|Lunala, L50|100/100
|switch|p2b: Ninetales|Ninetales-Alola, L50, M|100/100
|turn|3
|
|t:|1750803278
|switch|p1a: Zamazenta|Zamazenta-Crowned, L50, shiny|100/100
|-ability|p1a: Zamazenta|Dauntless Shield|boost
|-boost|p1a: Zamazenta|def|1
|switch|p2a: Cetitan|Cetitan, L50, F|100/100
|move|p2b: Ninetales|Aurora Veil||[still]
|-fail|p2b: Ninetales
|move|p1b: Lunala|Meteor Beam||[still]
|-prepare|p1b: Lunala|Meteor Beam
|-boost|p1b: Lunala|spa|1
|-enditem|p1b: Lunala|Power Herb
|-anim|p1b: Lunala|Meteor Beam|p2b: Ninetales
|-supereffective|p2b: Ninetales
|-enditem|p2b: Ninetales|Focus Sash
|-damage|p2b: Ninetales|1/100
|
|upkeep
|turn|4
|c|☆ziabaypah|Do you have the wrong ability on ninetales?
|
|t:|1750803307
|move|p2b: Ninetales|Helping Hand|p2a: Cetitan
|-singleturn|p2a: Cetitan|Helping Hand|[of] p2b: Ninetales
|move|p1a: Zamazenta|Body Press|p2a: Cetitan
|-supereffective|p2a: Cetitan
|-damage|p2a: Cetitan|0 fnt
|faint|p2a: Cetitan
|move|p1b: Lunala|Moongeist Beam|p2b: Ninetales
|-damage|p2b: Ninetales|0 fnt
|faint|p2b: Ninetales
|
|upkeep
|c|☆CadaverLuke|i'll ff. gg
|c|☆ziabaypah|nono
|
|t:|1750803332
|switch|p2a: Sableye|Sableye, L50, M|100/100
|turn|5
|c|☆ziabaypah|You're chill, I'll forfeit
|-message|ziabaypah forfeited.
|
|win|CadaverLuke
|raw|ziabaypah's rating: 1095 &rarr; <strong>1072</strong><br />(-23 for losing)
|raw|CadaverLuke's rating: 1108 &rarr; <strong>1132</strong><br />(+24 for winning)
|l|☆ziabaypah
|player|p1|
|c|☆CadaverLuke|damn
|l|☆CadaverLuke
|player|p2|
