|j|☆Esh009
|j|☆Maaaaple
|t:|1750779355
|gametype|doubles
|player|p1|Esh009|bruno|1212
|player|p2|Maaaaple|170|1262
|teamsize|p1|6
|teamsize|p2|6
|gen|9
|tier|[Gen 9] VGC 2025 Reg I
|rated|
|rule|Species Clause: Limit one of each Pokémon
|rule|Item Clause: Limit 1 of each item
|clearpoke
|poke|p1|Calyrex-Shadow, L50|
|poke|p1|Terapagos, L50, M|
|poke|p1|Rillaboom, L50, M|
|poke|p1|Incineroar, L50, M|
|poke|p1|Urshifu-*, L50, M|
|poke|p1|Ogerpon-Cornerstone, L50, F|
|poke|p2|Whimsicott, L50, F|
|poke|p2|Calyrex-Shadow, L50|
|poke|p2|Miraidon, L50|
|poke|p2|Incineroar, L50, M|
|poke|p2|Iron Hands, L50|
|poke|p2|Chi-Yu, L50|
|teampreview|4
|
|t:|1750779385
|start
|switch|p1a: Incineroar|Incineroar, L50, M|100/100
|switch|p1b: Terapagos|Terapagos, L50, M|100/100
|switch|p2a: Miraidon|Miraidon, L50|100/100
|switch|p2b: Incineroar|Incineroar, L50, M|100/100
|-activate|p1b: Terapagos|ability: Tera Shift
|detailschange|p1b: Terapagos|Terapagos-Terastal, L50, M
|-heal|p1b: Terapagos|100/100|[silent]
|-fieldstart|move: Electric Terrain|[from] ability: Hadron Engine|[of] p2a: Miraidon
|-ability|p2b: Incineroar|Intimidate|boost
|-unboost|p1a: Incineroar|atk|1
|-unboost|p1b: Terapagos|atk|1
|-ability|p1a: Incineroar|Intimidate|boost
|-unboost|p2a: Miraidon|atk|1
|-unboost|p2b: Incineroar|atk|1
|turn|1
|
|t:|1750779409
|move|p2b: Incineroar|Fake Out|p1a: Incineroar
|-damage|p1a: Incineroar|94/100
|-damage|p2b: Incineroar|84/100|[from] item: Rocky Helmet|[of] p1a: Incineroar
|cant|p1a: Incineroar|flinch
|move|p2a: Miraidon|Electro Drift|p1a: Incineroar
|-damage|p1a: Incineroar|0 fnt
|-damage|p2a: Miraidon|84/100|[from] item: Rocky Helmet|[of] p1a: Incineroar
|faint|p1a: Incineroar
|move|p1b: Terapagos|Calm Mind|p1b: Terapagos
|-boost|p1b: Terapagos|spa|1
|-boost|p1b: Terapagos|spd|1
|
|upkeep
|
|t:|1750779432
|switch|p1a: Ogerpon|Ogerpon-Cornerstone, L50, F|100/100
|turn|2
|
|t:|1750779453
|move|p1a: Ogerpon|Follow Me|p1a: Ogerpon
|-singleturn|p1a: Ogerpon|move: Follow Me
|move|p2a: Miraidon|Electro Drift|p1a: Ogerpon
|-resisted|p1a: Ogerpon
|-damage|p1a: Ogerpon|24/100
|move|p1b: Terapagos|Calm Mind|p1b: Terapagos
|-boost|p1b: Terapagos|spa|1
|-boost|p1b: Terapagos|spd|1
|move|p2b: Incineroar|Parting Shot|p1a: Ogerpon
|-unboost|p1a: Ogerpon|atk|1
|-unboost|p1a: Ogerpon|spa|1
|
|t:|1750779463
|switch|p2b: Iron Hands|Iron Hands, L50, shiny|100/100|[from] Parting Shot
|-activate|p2b: Iron Hands|ability: Quark Drive
|-start|p2b: Iron Hands|quarkdriveatk
|
|upkeep
|turn|3
|
|t:|1750779493
|-terastallize|p1b: Terapagos|Stellar
|detailschange|p1b: Terapagos|Terapagos-Stellar, L50, M, tera:Stellar
|-heal|p1b: Terapagos|100/100|[silent]
|-ability|p1b: Terapagos|Teraform Zero
|-fieldend|move: Electric Terrain
|-end|p2b: Iron Hands|Quark Drive
|move|p1a: Ogerpon|Follow Me|p1a: Ogerpon
|-singleturn|p1a: Ogerpon|move: Follow Me
|move|p2a: Miraidon|Electro Drift|p1a: Ogerpon
|-resisted|p1a: Ogerpon
|-damage|p1a: Ogerpon|0 fnt
|faint|p1a: Ogerpon
|move|p1b: Terapagos|Tera Starstorm|p2b: Iron Hands|[spread] p2a,p2b
|-damage|p2a: Miraidon|20/100
|-damage|p2b: Iron Hands|58/100
|move|p2b: Iron Hands|Drain Punch|p1b: Terapagos
|-supereffective|p1b: Terapagos
|-damage|p1b: Terapagos|44/100
|-heal|p2b: Iron Hands|89/100|[from] drain|[of] p1b: Terapagos
|
|-heal|p1b: Terapagos|50/100|[from] item: Leftovers
|upkeep
|
|t:|1750779512
|switch|p1a: Calyrex|Calyrex-Shadow, L50|100/100
|-ability|p1a: Calyrex|As One
|-ability|p1a: Calyrex|Unnerve
|turn|4
|
|t:|1750779528
|switch|p2a: Incineroar|Incineroar, L50, M|84/100
|-ability|p2a: Incineroar|Intimidate|boost
|-unboost|p1a: Calyrex|atk|1
|-unboost|p1b: Terapagos|atk|1
|move|p1b: Terapagos|Protect|p1b: Terapagos
|-singleturn|p1b: Terapagos|Protect
|move|p1a: Calyrex|Psychic|p2b: Iron Hands
|-supereffective|p2b: Iron Hands
|-damage|p2b: Iron Hands|3/100
|-damage|p1a: Calyrex|91/100|[from] item: Life Orb
|move|p2b: Iron Hands|Drain Punch|p1b: Terapagos
|-activate|p1b: Terapagos|move: Protect
|
|-heal|p1b: Terapagos|56/100|[from] item: Leftovers
|upkeep
|turn|5
|inactive|Battle timer is ON: inactive players will automatically lose when time's up. (requested by Esh009)
|
|t:|1750779585
|move|p1a: Calyrex|Astral Barrage|p2b: Iron Hands|[spread] p2a,p2b
|-resisted|p2a: Incineroar
|-damage|p2a: Incineroar|56/100
|-damage|p2b: Iron Hands|0 fnt
|faint|p2b: Iron Hands
|-end|p2b: Iron Hands|Quark Drive|[silent]
|-ability|p1a: Calyrex|Grim Neigh|boost
|-boost|p1a: Calyrex|spa|1
|-damage|p1a: Calyrex|81/100|[from] item: Life Orb
|move|p1b: Terapagos|Tera Starstorm|p2a: Incineroar
|-damage|p2a: Incineroar|0 fnt
|faint|p2a: Incineroar
|
|-heal|p1b: Terapagos|62/100|[from] item: Leftovers
|upkeep
|
|t:|1750779598
|switch|p2a: Calyrex|Calyrex-Shadow, L50|100/100
|switch|p2b: Miraidon|Miraidon, L50|20/100
|-ability|p2a: Calyrex|As One
|-ability|p2a: Calyrex|Unnerve
|-fieldstart|move: Electric Terrain|[from] ability: Hadron Engine|[of] p2b: Miraidon
|turn|6
|
|t:|1750779619
|move|p1b: Terapagos|Protect|p1b: Terapagos
|-singleturn|p1b: Terapagos|Protect
|move|p1a: Calyrex|Astral Barrage|p2a: Calyrex|[spread] p2a,p2b
|-supereffective|p2a: Calyrex
|-enditem|p2a: Calyrex|Focus Sash
|-damage|p2a: Calyrex|1/100
|-damage|p2b: Miraidon|0 fnt
|faint|p2b: Miraidon
|-ability|p1a: Calyrex|Grim Neigh|boost
|-boost|p1a: Calyrex|spa|1
|-damage|p1a: Calyrex|71/100|[from] item: Life Orb
|move|p2a: Calyrex|Astral Barrage|p1a: Calyrex|[spread] p1a
|-activate|p1b: Terapagos|move: Protect
|-supereffective|p1a: Calyrex
|-damage|p1a: Calyrex|0 fnt
|faint|p1a: Calyrex
|-ability|p2a: Calyrex|Grim Neigh|boost
|-boost|p2a: Calyrex|spa|1
|
|-heal|p1b: Terapagos|68/100|[from] item: Leftovers
|upkeep
|turn|7
|l|☆Esh009
|inactive|Esh009 disconnected and has a minute to reconnect!
|player|p1|
|inactive|Esh009 has 30 seconds left.
|j|☆Esh009
|inactive|Esh009 reconnected and has 25 seconds left.
|player|p1|Esh009|bruno|
|
|t:|1750779652
|move|p2a: Calyrex|Psychic|p1b: Terapagos
|-crit|p1b: Terapagos
|-damage|p1b: Terapagos|0 fnt
|faint|p1b: Terapagos
|detailschange|p1: Terapagos|Terapagos, L50, M|[silent]
|
|win|Maaaaple
|raw|Esh009's rating: 1212 &rarr; <strong>1191</strong><br />(-21 for losing)
|raw|Maaaaple's rating: 1262 &rarr; <strong>1283</strong><br />(+21 for winning)
|l|☆Esh009
|player|p1|
