|j|☆Neoni05
|j|☆synchro3
|t:|1750836666
|gametype|doubles
|player|p1|Neoni05|cyclistf|1255
|player|p2|synchro3|1|1339
|teamsize|p1|6
|teamsize|p2|6
|gen|9
|tier|[Gen 9] VGC 2025 Reg I
|rated|
|rule|Species Clause: Limit one of each Pokémon
|rule|Item Clause: Limit 1 of each item
|clearpoke
|poke|p1|Miraidon, L50|
|poke|p1|Kyogre, L50|
|poke|p1|Chesnaught, L50, M|
|poke|p1|Urshifu-*, L50, F|
|poke|p1|Clodsire, L50, M|
|poke|p1|Scrafty, L50, M|
|poke|p2|Chi-Yu, L50|
|poke|p2|Whimsicott, L50, F|
|poke|p2|Calyrex-Shadow, L50|
|poke|p2|Miraidon, L50|
|poke|p2|Entei, L50|
|poke|p2|Walking Wake, L50|
|teampreview|4
|
|t:|1750836716
|start
|switch|p1a: Kyogre|Kyogre, L50|100/100
|switch|p1b: Clodsire|Clodsire, L50, M|100/100
|switch|p2a: Whimsicott|Whimsicott, L50, F|100/100
|switch|p2b: Chi-Yu|Chi-Yu, L50|100/100
|-ability|p2b: Chi-Yu|Beads of Ruin
|-weather|RainDance|[from] ability: Drizzle|[of] p1a: Kyogre
|turn|1
|
|t:|1750836743
|move|p2a: Whimsicott|Sunny Day|p2a: Whimsicott
|-weather|SunnyDay
|move|p2b: Chi-Yu|Heat Wave|p1a: Kyogre|[spread] p1a
|-miss|p2b: Chi-Yu|p1b: Clodsire
|-resisted|p1a: Kyogre
|-crit|p1a: Kyogre
|-damage|p1a: Kyogre|61/100
|move|p1a: Kyogre|Calm Mind|p1a: Kyogre
|-boost|p1a: Kyogre|spa|1
|-boost|p1a: Kyogre|spd|1
|move|p1b: Clodsire|Yawn|p2a: Whimsicott
|-start|p2a: Whimsicott|move: Yawn|[of] p1b: Clodsire
|
|-weather|SunnyDay|[upkeep]
|upkeep
|turn|2
|
|t:|1750836766
|move|p1a: Kyogre|Protect|p1a: Kyogre
|-singleturn|p1a: Kyogre|Protect
|move|p2a: Whimsicott|Encore|p1a: Kyogre
|-activate|p1a: Kyogre|move: Protect
|move|p2b: Chi-Yu|Heat Wave|p1a: Kyogre|[spread] p1b
|-activate|p1a: Kyogre|move: Protect
|-damage|p1b: Clodsire|49/100
|move|p1b: Clodsire|Yawn|p2b: Chi-Yu
|-start|p2b: Chi-Yu|move: Yawn|[of] p1b: Clodsire
|
|-weather|SunnyDay|[upkeep]
|-heal|p1b: Clodsire|55/100|[from] item: Leftovers
|-end|p2a: Whimsicott|move: Yawn|[silent]
|-status|p2a: Whimsicott|slp
|upkeep
|turn|3
|
|t:|1750836794
|cant|p2a: Whimsicott|slp
|move|p2b: Chi-Yu|Heat Wave|p1a: Kyogre|[spread] p1a,p1b
|-resisted|p1a: Kyogre
|-damage|p1a: Kyogre|43/100
|-damage|p1b: Clodsire|0 fnt
|faint|p1b: Clodsire
|move|p1a: Kyogre|Surf|p2a: Whimsicott|[spread] p2a,p2b
|-resisted|p2a: Whimsicott
|-supereffective|p2b: Chi-Yu
|-damage|p2a: Whimsicott|61/100 slp
|-damage|p2b: Chi-Yu|18/100
|
|-weather|SunnyDay|[upkeep]
|-end|p2b: Chi-Yu|move: Yawn|[silent]
|-status|p2b: Chi-Yu|slp
|upkeep
|
|t:|1750836815
|switch|p1b: Miraidon|Miraidon, L50|100/100
|-fieldstart|move: Electric Terrain|[from] ability: Hadron Engine|[of] p1b: Miraidon
|turn|4
|
|t:|1750836837
|-curestatus|p2a: Whimsicott|slp|[msg]
|move|p2a: Whimsicott|Tailwind|p2a: Whimsicott
|-sidestart|p2: synchro3|move: Tailwind
|cant|p2b: Chi-Yu|slp
|move|p1b: Miraidon|Dazzling Gleam|p2a: Whimsicott|[spread] p2a,p2b
|-damage|p2a: Whimsicott|0 fnt
|-damage|p2b: Chi-Yu|0 fnt
|faint|p2a: Whimsicott
|faint|p2b: Chi-Yu
|move|p1a: Kyogre|Calm Mind|p1a: Kyogre
|-boost|p1a: Kyogre|spa|1
|-boost|p1a: Kyogre|spd|1
|
|-weather|SunnyDay|[upkeep]
|upkeep
|
|t:|1750836845
|switch|p2a: Calyrex|Calyrex-Shadow, L50|100/100
|switch|p2b: Miraidon|Miraidon, L50|100/100
|-ability|p2a: Calyrex|As One
|-ability|p2a: Calyrex|Unnerve
|-activate|p2b: Miraidon|ability: Hadron Engine
|turn|5
|
|t:|1750836868
|move|p1a: Kyogre|Protect|p1a: Kyogre
|-singleturn|p1a: Kyogre|Protect
|move|p2a: Calyrex|Astral Barrage|p1a: Kyogre|[spread] p1b
|-activate|p1a: Kyogre|move: Protect
|-damage|p1b: Miraidon|49/100
|move|p2b: Miraidon|Draco Meteor|p1b: Miraidon
|-supereffective|p1b: Miraidon
|-damage|p1b: Miraidon|0 fnt
|-unboost|p2b: Miraidon|spa|2
|faint|p1b: Miraidon
|-damage|p2b: Miraidon|91/100|[from] item: Life Orb
|
|-weather|none
|upkeep
|
|t:|1750836879
|switch|p1b: Urshifu|Urshifu-Rapid-Strike, L50, F|100/100
|turn|6
|
|t:|1750836897
|-terastallize|p2b: Miraidon|Electric
|-terastallize|p1b: Urshifu|Water
|move|p2a: Calyrex|Astral Barrage|p1a: Kyogre|[spread] p1a,p1b
|-damage|p1a: Kyogre|25/100
|-damage|p1b: Urshifu|9/100
|move|p2b: Miraidon|Electro Drift|p1a: Kyogre
|-supereffective|p1a: Kyogre
|-damage|p1a: Kyogre|0 fnt
|faint|p1a: Kyogre
|-damage|p2b: Miraidon|81/100|[from] item: Life Orb
|move|p1b: Urshifu|Surging Strikes|p2a: Calyrex
|-crit|p2a: Calyrex
|-damage|p2a: Calyrex|66/100
|-crit|p2a: Calyrex
|-damage|p2a: Calyrex|33/100
|-crit|p2a: Calyrex
|-damage|p2a: Calyrex|1/100
|-hitcount|p2a: Calyrex|3
|
|upkeep
|turn|7
|-message|Neoni05 forfeited.
|
|win|synchro3
|raw|Neoni05's rating: 1255 &rarr; <strong>1236</strong><br />(-19 for losing)
|raw|synchro3's rating: 1339 &rarr; <strong>1354</strong><br />(+15 for winning)
|l|☆Neoni05
|player|p1|
|l|☆synchro3
|player|p2|
