|j|☆Lupe_King
|j|☆KingAutrey
|t:|1750727505
|gametype|doubles
|player|p1|Lupe_King|gentleman-gen4dp|1188
|player|p2|KingAutrey|2|1189
|teamsize|p1|6
|teamsize|p2|6
|gen|9
|tier|[Gen 9] VGC 2025 Reg I
|rated|
|rule|Species Clause: Limit one of each Pokémon
|rule|Item Clause: Limit 1 of each item
|clearpoke
|poke|p1|Articuno-Galar, L50|
|poke|p1|Grimmsnarl, L50, M|
|poke|p1|Miraidon, L50|
|poke|p1|Zacian-*, L50|
|poke|p1|Toxapex, L50, M|
|poke|p1|Sneasler, L50, F|
|poke|p2|Calyrex-Shadow, L50|
|poke|p2|Miraidon, L50|
|poke|p2|Incineroar, L50, M|
|poke|p2|Amoonguss, L50, M|
|poke|p2|Urshifu-*, L50, F|
|poke|p2|Landorus-Therian, L50, M|
|teampreview|4
KingAutrey has agreed to open team sheets.
Lupe_King rejected open team sheets.
|
|t:|1750727577
|start
|switch|p1a: Zacian|Zacian-Crowned, L50|100/100
|switch|p1b: Grimmsnarl|Grimmsnarl, L50, M|100/100
|switch|p2a: Amoonguss|Amoonguss, L50, M|100/100
|switch|p2b: Calyrex|Calyrex-Shadow, L50|100/100
|-ability|p2b: Calyrex|As One
|-ability|p2b: Calyrex|Unnerve
|-ability|p1a: Zacian|Intrepid Sword|boost
|-boost|p1a: Zacian|atk|1
|turn|1
|
|t:|1750727614
|move|p2b: Calyrex|Protect|p2b: Calyrex
|-singleturn|p2b: Calyrex|Protect
|move|p1b: Grimmsnarl|Thunder Wave|p2b: Calyrex
|-activate|p2b: Calyrex|move: Protect
|move|p1a: Zacian|Behemoth Blade|p2a: Amoonguss
|-damage|p2a: Amoonguss|14/100
|move|p2a: Amoonguss|Sludge Bomb|p1a: Zacian
|-immune|p1a: Zacian
|
|-heal|p2a: Amoonguss|20/100|[from] item: Leftovers
|upkeep
|turn|2
|
|t:|1750727641
|-terastallize|p2b: Calyrex|Normal
|move|p2a: Amoonguss|Protect|p2a: Amoonguss
|-singleturn|p2a: Amoonguss|Protect
|move|p1b: Grimmsnarl|Thunder Wave|p2b: Calyrex
|-status|p2b: Calyrex|par
|move|p1a: Zacian|Behemoth Blade|p2a: Amoonguss
|-activate|p2a: Amoonguss|move: Protect
|cant|p2b: Calyrex|par
|
|-heal|p2a: Amoonguss|25/100|[from] item: Leftovers
|upkeep
|turn|3
|
|t:|1750727668
|switch|p2a: Miraidon|Miraidon, L50|100/100
|-fieldstart|move: Electric Terrain|[from] ability: Hadron Engine|[of] p2a: Miraidon
|move|p1b: Grimmsnarl|Light Screen|p1b: Grimmsnarl
|-sidestart|p1: Lupe_King|move: Light Screen
|move|p1a: Zacian|Behemoth Blade|p2a: Miraidon
|-resisted|p2a: Miraidon
|-damage|p2a: Miraidon|59/100
|cant|p2b: Calyrex|par
|
|upkeep
|turn|4
|
|t:|1750727695
|move|p1b: Grimmsnarl|Reflect|p1b: Grimmsnarl
|-sidestart|p1: Lupe_King|Reflect
|move|p1a: Zacian|Play Rough|p2a: Miraidon
|-supereffective|p2a: Miraidon
|-damage|p2a: Miraidon|0 fnt
|faint|p2a: Miraidon
|move|p2b: Calyrex|Astral Barrage|p1b: Grimmsnarl|[spread] p1a,p1b
|-resisted|p1b: Grimmsnarl
|-damage|p1a: Zacian|56/100
|-damage|p1b: Grimmsnarl|81/100
|-damage|p2b: Calyrex|91/100 par|[from] item: Life Orb
|
|upkeep
|
|t:|1750727706
|switch|p2a: Amoonguss|Amoonguss, L50, M|58/100
|turn|5
|
|t:|1750727723
|move|p2b: Calyrex|Protect|p2b: Calyrex
|-singleturn|p2b: Calyrex|Protect
|move|p2a: Amoonguss|Protect|p2a: Amoonguss
|-singleturn|p2a: Amoonguss|Protect
|move|p1b: Grimmsnarl|Thunder Wave|p2a: Amoonguss
|-activate|p2a: Amoonguss|move: Protect
|move|p1a: Zacian|Sacred Sword|p2b: Calyrex
|-activate|p2b: Calyrex|move: Protect
|
|-heal|p2a: Amoonguss|64/100|[from] item: Leftovers
|upkeep
|turn|6
|
|t:|1750727744
|move|p1b: Grimmsnarl|Thunder Wave|p2a: Amoonguss
|-status|p2a: Amoonguss|par
|move|p1a: Zacian|Sacred Sword|p2b: Calyrex
|-supereffective|p2b: Calyrex
|-damage|p2b: Calyrex|0 fnt
|faint|p2b: Calyrex
|move|p2a: Amoonguss|Spore|p1a: Zacian
|-activate|p1a: Zacian|move: Electric Terrain
|
|-heal|p2a: Amoonguss|70/100 par|[from] item: Leftovers
|upkeep
|
|t:|1750727759
|switch|p2b: Urshifu|Urshifu-Rapid-Strike, L50, F|100/100
|turn|7
|
|t:|1750727778
|-terastallize|p1a: Zacian|Fairy
|move|p2a: Amoonguss|Protect|p2a: Amoonguss
|-singleturn|p2a: Amoonguss|Protect
|move|p1b: Grimmsnarl|Thunder Wave|p2b: Urshifu
|-status|p2b: Urshifu|par
|move|p1a: Zacian|Play Rough|p2b: Urshifu
|-supereffective|p2b: Urshifu
|-crit|p2b: Urshifu
|-enditem|p2b: Urshifu|Focus Sash
|-damage|p2b: Urshifu|1/100 par
|move|p2b: Urshifu|Surging Strikes|p1a: Zacian
|-crit|p1a: Zacian
|-damage|p1a: Zacian|37/100
|-crit|p1a: Zacian
|-damage|p1a: Zacian|20/100
|-crit|p1a: Zacian
|-damage|p1a: Zacian|2/100
|-hitcount|p1a: Zacian|3
|
|-heal|p2a: Amoonguss|76/100 par|[from] item: Leftovers
|-sideend|p1: Lupe_King|move: Light Screen
|-fieldend|move: Electric Terrain
|upkeep
|turn|8
|-message|KingAutrey forfeited.
|
|win|Lupe_King
|raw|Lupe_King's rating: 1188 &rarr; <strong>1213</strong><br />(+25 for winning)
|raw|KingAutrey's rating: 1189 &rarr; <strong>1164</strong><br />(-25 for losing)
|l|☆KingAutrey
|player|p2|
