|j|☆margo18
|j|☆lespaghettiboi
|t:|1750836112
|gametype|doubles
|player|p1|margo18|265|1295
|player|p2|lespaghettiboi|n|1322
|teamsize|p1|6
|teamsize|p2|6
|gen|9
|tier|[Gen 9] VGC 2025 Reg I
|rated|
|rule|Species Clause: Limit one of each Pokémon
|rule|Item Clause: Limit 1 of each item
|clearpoke
|poke|p1|Scream Tail, L50|
|poke|p1|Miraidon, L50|
|poke|p1|Clefairy, L50, M|
|poke|p1|Maushold, L50|
|poke|p1|Terapagos, L50, M|
|poke|p1|Indeedee-F, L50, F|
|poke|p2|Miraidon, L50|
|poke|p2|Lunala, L50|
|poke|p2|Volcarona, L50, F|
|poke|p2|Farigiraf, L50, M|
|poke|p2|Iron Hands, L50|
|poke|p2|Iron Bundle, L50|
|teampreview|4
|inactive|Battle timer is ON: inactive players will automatically lose when time's up. (requested by lespaghettiboi)
|
|t:|1750836146
|start
|switch|p1a: Terapagos|Terapagos, L50, M|100/100
|switch|p1b: Indeedee|Indeedee-F, L50, F|100/100
|switch|p2a: Miraidon|Miraidon, L50|100/100
|switch|p2b: Lunala|Lunala, L50|100/100
|-activate|p1a: Terapagos|ability: Tera Shift
|detailschange|p1a: Terapagos|Terapagos-Terastal, L50, M
|-heal|p1a: Terapagos|100/100|[silent]
|-fieldstart|move: Electric Terrain|[from] ability: Hadron Engine|[of] p2a: Miraidon
|-enditem|p2b: Lunala|Electric Seed
|-boost|p2b: Lunala|def|1|[from] item: Electric Seed
|-fieldstart|move: Psychic Terrain|[from] ability: Psychic Surge|[of] p1b: Indeedee
|-enditem|p1b: Indeedee|Psychic Seed
|-boost|p1b: Indeedee|spd|1|[from] item: Psychic Seed
|turn|1
|inactive|margo18 has 30 seconds left.
|
|t:|1750836175
|move|p1b: Indeedee|Protect|p1b: Indeedee
|-singleturn|p1b: Indeedee|Protect
|move|p2a: Miraidon|Volt Switch|p1b: Indeedee
|-activate|p1b: Indeedee|move: Protect
|move|p2b: Lunala|Moonblast|p1a: Terapagos
|-activate|p1a: Terapagos|ability: Tera Shell
|-resisted|p1a: Terapagos
|-damage|p1a: Terapagos|85/100
|move|p1a: Terapagos|Calm Mind|p1a: Terapagos
|-boost|p1a: Terapagos|spa|1
|-boost|p1a: Terapagos|spd|1
|
|-heal|p1a: Terapagos|92/100|[from] item: Leftovers
|upkeep
|turn|2
|inactive|margo18 has 30 seconds left.
|
|t:|1750836207
|move|p1a: Terapagos|Protect|p1a: Terapagos
|-singleturn|p1a: Terapagos|Protect
|move|p2a: Miraidon|Volt Switch|p1b: Indeedee
|-damage|p1b: Indeedee|71/100
|-damage|p2a: Miraidon|91/100|[from] item: Life Orb
|inactive|lespaghettiboi has 30 seconds left.
|
|t:|1750836235
|switch|p2a: Volcarona|Volcarona, L50, F, shiny|100/100|[from] Volt Switch
|move|p2b: Lunala|Moonblast|p1a: Terapagos
|-activate|p1a: Terapagos|move: Protect
|move|p1b: Indeedee|Psychic|p2b: Lunala
|-resisted|p2b: Lunala
|-damage|p2b: Lunala|94/100
|
|-heal|p1a: Terapagos|98/100|[from] item: Leftovers
|upkeep
|turn|3
|inactive|margo18 has 30 seconds left.
|inactive|lespaghettiboi has 30 seconds left.
|inactive|margo18 has 20 seconds left.
|inactive|lespaghettiboi has 20 seconds left.
|inactive|lespaghettiboi has 15 seconds left.
|
|t:|1750836275
|move|p2b: Lunala|Wide Guard|p2b: Lunala
|-singleturn|p2b: Lunala|Wide Guard
|move|p1b: Indeedee|Follow Me|p1b: Indeedee
|-singleturn|p1b: Indeedee|move: Follow Me
|move|p2a: Volcarona|Struggle Bug|p1a: Terapagos|[spread] p1a,p1b
|-supereffective|p1b: Indeedee
|-damage|p1a: Terapagos|88/100
|-damage|p1b: Indeedee|47/100
|-unboost|p1a: Terapagos|spa|1
|-unboost|p1b: Indeedee|spa|1
|move|p1a: Terapagos|Toxic|p2b: Lunala
|-status|p2b: Lunala|tox
|
|-heal|p1a: Terapagos|94/100|[from] item: Leftovers
|-damage|p2b: Lunala|88/100 tox|[from] psn
|upkeep
|turn|4
|inactive|lespaghettiboi has 30 seconds left.
|inactive|margo18 has 30 seconds left.
|inactive|lespaghettiboi has 20 seconds left.
|inactive|lespaghettiboi has 15 seconds left.
|
|t:|1750836315
|move|p1a: Terapagos|Protect|p1a: Terapagos
|-singleturn|p1a: Terapagos|Protect
|move|p1b: Indeedee|Protect|p1b: Indeedee
|-singleturn|p1b: Indeedee|Protect
|move|p2b: Lunala|Wide Guard|p2b: Lunala
|-singleturn|p2b: Lunala|Wide Guard
|move|p2a: Volcarona|Struggle Bug|p1b: Indeedee|[spread] 
|-activate|p1a: Terapagos|move: Protect
|-activate|p1b: Indeedee|move: Protect
|
|-heal|p1a: Terapagos|100/100|[from] item: Leftovers
|-damage|p2b: Lunala|76/100 tox|[from] psn
|upkeep
|turn|5
|
|t:|1750836335
|move|p1b: Indeedee|Helping Hand|p1a: Terapagos
|-singleturn|p1a: Terapagos|Helping Hand|[of] p1b: Indeedee
|move|p2b: Lunala|Wide Guard|p2b: Lunala
|-singleturn|p2b: Lunala|Wide Guard
|move|p2a: Volcarona|Struggle Bug|p1b: Indeedee|[spread] p1a,p1b
|-activate|p1a: Terapagos|ability: Tera Shell
|-resisted|p1a: Terapagos
|-supereffective|p1b: Indeedee
|-damage|p1a: Terapagos|96/100
|-damage|p1b: Indeedee|26/100
|-unboost|p1a: Terapagos|spa|1
|-unboost|p1b: Indeedee|spa|1
|move|p1a: Terapagos|Tera Starstorm|p2a: Volcarona
|-damage|p2a: Volcarona|52/100
|
|-heal|p1a: Terapagos|100/100|[from] item: Leftovers
|-damage|p2b: Lunala|58/100 tox|[from] psn
|-fieldend|move: Psychic Terrain
|upkeep
|turn|6
|inactive|lespaghettiboi has 30 seconds left.
|inactive|lespaghettiboi has 20 seconds left.
|
|t:|1750836374
|move|p1a: Terapagos|Protect|p1a: Terapagos
|-singleturn|p1a: Terapagos|Protect
|move|p1b: Indeedee|Protect|p1b: Indeedee
|-singleturn|p1b: Indeedee|Protect
|move|p2a: Volcarona|Struggle Bug|p1b: Indeedee|[spread] 
|-activate|p1a: Terapagos|move: Protect
|-activate|p1b: Indeedee|move: Protect
|move|p2b: Lunala|Moonblast|p1a: Terapagos
|-activate|p1a: Terapagos|move: Protect
|
|-damage|p2b: Lunala|33/100 tox|[from] psn
|upkeep
|turn|7
|
|t:|1750836394
|move|p2a: Volcarona|Struggle Bug|p1a: Terapagos|[spread] p1a,p1b
|-activate|p1a: Terapagos|ability: Tera Shell
|-resisted|p1a: Terapagos
|-supereffective|p1b: Indeedee
|-damage|p1a: Terapagos|96/100
|-damage|p1b: Indeedee|4/100
|-unboost|p1a: Terapagos|spa|1
|-unboost|p1b: Indeedee|spa|1
|move|p2b: Lunala|Moonblast|p1a: Terapagos
|-damage|p1a: Terapagos|74/100
|move|p1a: Terapagos|Toxic|p2a: Volcarona
|-status|p2a: Volcarona|tox
|move|p1b: Indeedee|Psychic|p2a: Volcarona
|-damage|p2a: Volcarona|41/100 tox
|
|-heal|p1a: Terapagos|80/100|[from] item: Leftovers
|-damage|p2a: Volcarona|34/100 tox|[from] psn
|-damage|p2b: Lunala|3/100 tox|[from] psn
|upkeep
|turn|8
|inactive|lespaghettiboi has 30 seconds left.
|inactive|lespaghettiboi has 20 seconds left.
|
|t:|1750836431
|switch|p2a: Iron Hands|Iron Hands, L50|100/100
|switch|p2b: Miraidon|Miraidon, L50|91/100
|-fieldstart|move: Electric Terrain|[from] ability: Hadron Engine|[of] p2b: Miraidon
|-activate|p2a: Iron Hands|ability: Quark Drive
|-start|p2a: Iron Hands|quarkdriveatk
|move|p1a: Terapagos|Protect|p1a: Terapagos
|-singleturn|p1a: Terapagos|Protect
|move|p1b: Indeedee|Protect||[still]
|-fail|p1b: Indeedee
|
|-heal|p1a: Terapagos|86/100|[from] item: Leftovers
|upkeep
|turn|9
|inactive|margo18 has 30 seconds left.
|
|t:|1750836456
|switch|p1a: Clefairy|Clefairy, L50, M|100/100
|switch|p1b: Maushold|Maushold, L50|100/100
|-terastallize|p2b: Miraidon|Electric
|move|p2a: Iron Hands|Fake Out|p1b: Maushold
|-damage|p1b: Maushold|83/100
|move|p2b: Miraidon|Electro Drift|p1a: Clefairy
|-damage|p1a: Clefairy|0 fnt
|faint|p1a: Clefairy
|-damage|p2b: Miraidon|81/100|[from] item: Life Orb
|
|upkeep
|
|t:|1750836470
|switch|p1a: Indeedee|Indeedee-F, L50, F|4/100
|-fieldstart|move: Psychic Terrain|[from] ability: Psychic Surge|[of] p1a: Indeedee
|-end|p2a: Iron Hands|Quark Drive
|turn|10
|
|t:|1750836487
|switch|p1b: Terapagos|Terapagos-Terastal, L50, M|86/100
|move|p1a: Indeedee|Follow Me|p1a: Indeedee
|-singleturn|p1a: Indeedee|move: Follow Me
|move|p2b: Miraidon|Volt Switch|p1a: Indeedee
|-damage|p1a: Indeedee|0 fnt
|faint|p1a: Indeedee
|-damage|p2b: Miraidon|72/100|[from] item: Life Orb
|
|t:|1750836490
|switch|p2b: Volcarona|Volcarona, L50, F, shiny|34/100 tox|[from] Volt Switch
|move|p2a: Iron Hands|Drain Punch|p1b: Terapagos
|-supereffective|p1b: Terapagos
|-damage|p1b: Terapagos|20/100
|
|-heal|p1b: Terapagos|26/100|[from] item: Leftovers
|-damage|p2b: Volcarona|28/100 tox|[from] psn
|upkeep
|
|t:|1750836503
|switch|p1a: Maushold|Maushold, L50|83/100
|turn|11
|
|t:|1750836514
|move|p1a: Maushold|Protect|p1a: Maushold
|-singleturn|p1a: Maushold|Protect
|move|p1b: Terapagos|Protect|p1b: Terapagos
|-singleturn|p1b: Terapagos|Protect
|move|p2b: Volcarona|Struggle Bug|p1a: Maushold|[spread] 
|-activate|p1a: Maushold|move: Protect
|-activate|p1b: Terapagos|move: Protect
|move|p2a: Iron Hands|Drain Punch|p1a: Maushold
|-activate|p1a: Maushold|move: Protect
|
|-heal|p1b: Terapagos|32/100|[from] item: Leftovers
|-damage|p2b: Volcarona|16/100 tox|[from] psn
|upkeep
|turn|12
|
|t:|1750836538
|-terastallize|p1b: Terapagos|Stellar
|detailschange|p1b: Terapagos|Terapagos-Stellar, L50, M, tera:Stellar
|-heal|p1b: Terapagos|50/100|[silent]
|-ability|p1b: Terapagos|Teraform Zero
|-fieldend|move: Psychic Terrain
|move|p1a: Maushold|Follow Me|p1a: Maushold
|-singleturn|p1a: Maushold|move: Follow Me
|move|p2b: Volcarona|Struggle Bug|p1a: Maushold|[spread] p1a,p1b
|-damage|p1a: Maushold|63/100
|-damage|p1b: Terapagos|41/100
|-unboost|p1a: Maushold|spa|1
|-unboost|p1b: Terapagos|spa|1
|move|p1b: Terapagos|Tera Starstorm|p2b: Volcarona|[spread] p2a,p2b
|-damage|p2a: Iron Hands|87/100
|-damage|p2b: Volcarona|0 fnt
|faint|p2b: Volcarona
|move|p2a: Iron Hands|Drain Punch|p1a: Maushold
|-supereffective|p1a: Maushold
|-damage|p1a: Maushold|0 fnt
|-heal|p2a: Iron Hands|100/100|[from] drain|[of] p1a: Maushold
|faint|p1a: Maushold
|
|-heal|p1b: Terapagos|47/100|[from] item: Leftovers
|upkeep
|
|t:|1750836562
|switch|p2b: Miraidon|Miraidon, L50, tera:Electric|72/100
|-fieldstart|move: Electric Terrain|[from] ability: Hadron Engine|[of] p2b: Miraidon
|-activate|p2a: Iron Hands|ability: Quark Drive
|-start|p2a: Iron Hands|quarkdriveatk
|turn|13
|
|t:|1750836574
|move|p2b: Miraidon|Electro Drift|p1b: Terapagos
|-damage|p1b: Terapagos|0 fnt
|faint|p1b: Terapagos
|detailschange|p1: Terapagos|Terapagos, L50, M|[silent]
|-damage|p2b: Miraidon|62/100|[from] item: Life Orb
|
|win|lespaghettiboi
|raw|margo18's rating: 1295 &rarr; <strong>1272</strong><br />(-23 for losing)
|raw|lespaghettiboi's rating: 1322 &rarr; <strong>1340</strong><br />(+18 for winning)
|l|☆lespaghettiboi
|player|p2|
|l|☆margo18
|player|p1|
