|j|☆Peytonman
|j|☆Mathethe
|t:|1750816315
|gametype|doubles
|player|p1|Peytonman|2|1173
|player|p2|Mathethe|266|1078
|teamsize|p1|6
|teamsize|p2|6
|gen|9
|tier|[Gen 9] VGC 2025 Reg I
|rated|
|rule|Species Clause: Limit one of each Pokémon
|rule|Item Clause: Limit 1 of each item
|clearpoke
|poke|p1|Calyrex-Shadow, L50|
|poke|p1|Tornadus, L50, M|
|poke|p1|Indeedee-F, L50, F|
|poke|p1|Zamazenta-*, L50|
|poke|p1|Urshifu-*, L50, M|
|poke|p1|Incineroar, L50, F|
|poke|p2|Tornadus, L50, M|
|poke|p2|Calyrex-Shadow, L50|
|poke|p2|Terapagos, L50, M|
|poke|p2|Indeedee-F, L50, F|
|poke|p2|Iron Valiant, L50|
|poke|p2|Garganacl, L50, F|
|teampreview|4
|inactive|Battle timer is ON: inactive players will automatically lose when time's up. (requested by Peytonman)
|
|t:|1750816326
|start
|switch|p1a: Calyrex|Calyrex-Shadow, L50|100/100
|switch|p1b: Tornadus|Tornadus, L50, M|100/100
|switch|p2a: Iron Valiant|Iron Valiant, L50|100/100
|switch|p2b: Tornadus|Tornadus, L50, M|100/100
|-ability|p1a: Calyrex|As One
|-ability|p1a: Calyrex|Unnerve
|turn|1
|inactive|Mathethe has 30 seconds left.
|inactive|Mathethe has 20 seconds left.
|
|t:|1750816363
|move|p1a: Calyrex|Protect|p1a: Calyrex
|-singleturn|p1a: Calyrex|Protect
|move|p2b: Tornadus|Tailwind|p2b: Tornadus
|-sidestart|p2: Mathethe|move: Tailwind
|move|p1b: Tornadus|Tailwind|p1b: Tornadus
|-sidestart|p1: Peytonman|move: Tailwind
|move|p2a: Iron Valiant|Knock Off|p1a: Calyrex
|-activate|p1a: Calyrex|move: Protect
|
|upkeep
|turn|2
|
|t:|1750816387
|switch|p1b: Indeedee|Indeedee-F, L50, F|100/100
|-fieldstart|move: Psychic Terrain|[from] ability: Psychic Surge|[of] p1b: Indeedee
|-enditem|p1b: Indeedee|Psychic Seed
|-boost|p1b: Indeedee|spd|1|[from] item: Psychic Seed
|-terastallize|p1a: Calyrex|Fairy
|move|p1a: Calyrex|Expanding Force|p2a: Iron Valiant|[spread] p2a,p2b
|-supereffective|p2a: Iron Valiant
|-damage|p2a: Iron Valiant|0 fnt
|-damage|p2b: Tornadus|1/100
|faint|p2a: Iron Valiant
|-end|p2a: Iron Valiant|Quark Drive|[silent]
|-ability|p1a: Calyrex|Grim Neigh|boost
|-boost|p1a: Calyrex|spa|1
|-damage|p1a: Calyrex|91/100|[from] item: Life Orb
|move|p2b: Tornadus|Bleakwind Storm|p1b: Indeedee|[spread] p1a,p1b
|-damage|p1a: Calyrex|62/100
|-damage|p1b: Indeedee|80/100
|-unboost|p1b: Indeedee|spe|1
|
|upkeep
|
|t:|1750816404
|switch|p2a: Calyrex|Calyrex-Shadow, L50|100/100
|-ability|p2a: Calyrex|As One
|-ability|p2a: Calyrex|Unnerve
|turn|3
|inactive|Peytonman has 30 seconds left.
|
|t:|1750816432
|move|p2b: Tornadus|Protect|p2b: Tornadus
|-singleturn|p2b: Tornadus|Protect
|move|p1b: Indeedee|Helping Hand|p1a: Calyrex
|-singleturn|p1a: Calyrex|Helping Hand|[of] p1b: Indeedee
|move|p2a: Calyrex|Protect|p2a: Calyrex
|-singleturn|p2a: Calyrex|Protect
|move|p1a: Calyrex|Astral Barrage|p2b: Tornadus|[spread] 
|-activate|p2a: Calyrex|move: Protect
|-activate|p2b: Tornadus|move: Protect
|
|upkeep
|turn|4
|
|t:|1750816450
|move|p1b: Indeedee|Follow Me|p1b: Indeedee
|-singleturn|p1b: Indeedee|move: Follow Me
|move|p2b: Tornadus|Taunt|p1b: Indeedee
|-activate|p1b: Indeedee|move: Psychic Terrain
|move|p2a: Calyrex|Astral Barrage|p1a: Calyrex|[spread] p1a
|-immune|p1b: Indeedee
|-damage|p1a: Calyrex|10/100
|move|p1a: Calyrex|Astral Barrage|p2b: Tornadus|[spread] p2a,p2b
|-supereffective|p2a: Calyrex
|-enditem|p2a: Calyrex|Focus Sash
|-damage|p2a: Calyrex|1/100
|-damage|p2b: Tornadus|0 fnt
|faint|p2b: Tornadus
|-ability|p1a: Calyrex|Grim Neigh|boost
|-boost|p1a: Calyrex|spa|1
|-damage|p1a: Calyrex|0 fnt|[from] item: Life Orb
|faint|p1a: Calyrex
|
|-sideend|p1: Peytonman|move: Tailwind
|-sideend|p2: Mathethe|move: Tailwind
|upkeep
|inactive|Peytonman has 30 seconds left.
|
|t:|1750816484
|switch|p1a: Tornadus|Tornadus, L50, M|100/100
|switch|p2b: Terapagos|Terapagos, L50, M|100/100
|-activate|p2b: Terapagos|ability: Tera Shift
|detailschange|p2b: Terapagos|Terapagos-Terastal, L50, M
|-heal|p2b: Terapagos|100/100|[silent]
|turn|5
|inactive|Peytonman has 30 seconds left.
|
|t:|1750816513
|-terastallize|p2b: Terapagos|Stellar
|detailschange|p2b: Terapagos|Terapagos-Stellar, L50, M, tera:Stellar
|-heal|p2b: Terapagos|100/100|[silent]
|-ability|p2b: Terapagos|Teraform Zero
|-fieldend|move: Psychic Terrain
|move|p2a: Calyrex|Protect|p2a: Calyrex
|-singleturn|p2a: Calyrex|Protect
|move|p1b: Indeedee|Follow Me|p1b: Indeedee
|-singleturn|p1b: Indeedee|move: Follow Me
|move|p1a: Tornadus|Icy Wind|p2a: Calyrex|[spread] p2b
|-activate|p2a: Calyrex|move: Protect
|-damage|p2b: Terapagos|93/100
|-unboost|p2b: Terapagos|spe|1
|move|p2b: Terapagos|Tera Starstorm|p1a: Tornadus|[spread] p1a,p1b
|-damage|p1a: Tornadus|59/100
|-damage|p1b: Indeedee|57/100
|
|-heal|p2b: Terapagos|99/100|[from] item: Leftovers
|upkeep
|turn|6
|
|t:|1750816536
|move|p1b: Indeedee|Protect|p1b: Indeedee
|-singleturn|p1b: Indeedee|Protect
|move|p1a: Tornadus|Tailwind|p1a: Tornadus
|-sidestart|p1: Peytonman|move: Tailwind
|move|p2a: Calyrex|Astral Barrage|p1a: Tornadus|[spread] p1a
|-activate|p1b: Indeedee|move: Protect
|-damage|p1a: Tornadus|0 fnt
|faint|p1a: Tornadus
|-ability|p2a: Calyrex|Grim Neigh|boost
|-boost|p2a: Calyrex|spa|1
|move|p2b: Terapagos|Tera Starstorm|p1b: Indeedee
|-activate|p1b: Indeedee|move: Protect
|
|-heal|p2b: Terapagos|100/100|[from] item: Leftovers
|upkeep
|
|t:|1750816545
|switch|p1a: Incineroar|Incineroar, L50, F|100/100
|-ability|p1a: Incineroar|Intimidate|boost
|-unboost|p2a: Calyrex|atk|1
|-unboost|p2b: Terapagos|atk|1
|turn|7
|
|t:|1750816558
|move|p1b: Indeedee|Helping Hand|p1a: Incineroar
|-singleturn|p1a: Incineroar|Helping Hand|[of] p1b: Indeedee
|move|p2a: Calyrex|Protect|p2a: Calyrex
|-singleturn|p2a: Calyrex|Protect
|move|p1a: Incineroar|Fake Out|p2b: Terapagos
|-damage|p2b: Terapagos|92/100
|cant|p2b: Terapagos|flinch
|
|-heal|p2b: Terapagos|98/100|[from] item: Leftovers
|upkeep
|turn|8
|
|t:|1750816577
|move|p1b: Indeedee|Helping Hand|p1a: Incineroar
|-singleturn|p1a: Incineroar|Helping Hand|[of] p1b: Indeedee
|move|p2a: Calyrex|Astral Barrage|p1b: Indeedee|[spread] p1a
|-immune|p1b: Indeedee
|-resisted|p1a: Incineroar
|-damage|p1a: Incineroar|64/100
|move|p1a: Incineroar|Knock Off|p2a: Calyrex
|-supereffective|p2a: Calyrex
|-damage|p2a: Calyrex|0 fnt
|faint|p2a: Calyrex
|move|p2b: Terapagos|Tera Starstorm|p1a: Incineroar|[spread] p1a,p1b
|-damage|p1a: Incineroar|34/100
|-damage|p1b: Indeedee|32/100
|
|-heal|p2b: Terapagos|100/100|[from] item: Leftovers
|upkeep
|turn|9
|inactive|Peytonman has 30 seconds left.
|
|t:|1750816606
|move|p1b: Indeedee|Helping Hand|p1a: Incineroar
|-singleturn|p1a: Incineroar|Helping Hand|[of] p1b: Indeedee
|move|p1a: Incineroar|Knock Off|p2b: Terapagos
|-damage|p2b: Terapagos|68/100
|-enditem|p2b: Terapagos|Leftovers|[from] move: Knock Off|[of] p1a: Incineroar
|move|p2b: Terapagos|Tera Starstorm|p1a: Incineroar|[spread] p1a,p1b
|-damage|p1a: Incineroar|7/100
|-damage|p1b: Indeedee|6/100
|
|-sideend|p1: Peytonman|move: Tailwind
|upkeep
|turn|10
|
|t:|1750816622
|move|p1b: Indeedee|Helping Hand|p1a: Incineroar
|-singleturn|p1a: Incineroar|Helping Hand|[of] p1b: Indeedee
|move|p1a: Incineroar|Flare Blitz|p2b: Terapagos
|-damage|p2b: Terapagos|30/100
|-damage|p1a: Incineroar|0 fnt|[from] Recoil
|faint|p1a: Incineroar
|move|p2b: Terapagos|Tera Starstorm|p1b: Indeedee
|-damage|p1b: Indeedee|0 fnt
|faint|p1b: Indeedee
|
|win|Mathethe
|raw|Peytonman's rating: 1173 &rarr; <strong>1141</strong><br />(-32 for losing)
|raw|Mathethe's rating: 1078 &rarr; <strong>1114</strong><br />(+36 for winning)
|l|☆Peytonman
|player|p1|
