|j|☆el choro 37
|j|☆turtle100000000
|t:|1750792076
|gametype|doubles
|player|p1|el choro 37|cyrus|1350
|player|p2|turtle100000000|roxanne|1440
|teamsize|p1|6
|teamsize|p2|6
|gen|9
|tier|[Gen 9] VGC 2025 Reg I
|rated|
|rule|Species Clause: Limit one of each Pokémon
|rule|Item Clause: Limit 1 of each item
|clearpoke
|poke|p1|Calyrex-Shadow, L50|
|poke|p1|Chi-Yu, L50|
|poke|p1|Koraidon, L50|
|poke|p1|Incineroar, L50, F|
|poke|p1|Flutter Mane, L50|
|poke|p1|Landorus, L50, M|
|poke|p2|Ogerpon-Wellspring, L50, F|
|poke|p2|Weezing-Galar, L50, F|
|poke|p2|Calyrex-Shadow, L50|
|poke|p2|Zamazenta-*, L50|
|poke|p2|Chi-Yu, L50|
|poke|p2|Rillaboom, L50, F|
|teampreview|4
el choro 37 has agreed to open team sheets.
turtle100000000 has agreed to open team sheets.
|showteam|p1|Calyrex-Shadow||FocusSash|AsOneSpectrier|AstralBarrage,Psychic,HyperBeam,Protect||||||50|,,,,,Normal]Chi-Yu||ChoiceScarf|BeadsofRuin|HeatWave,Snarl,Overheat,DarkPulse||||||50|,,,,,Ghost]Koraidon||ClearAmulet|OrichalcumPulse|Protect,FlareBlitz,FlameCharge,CloseCombat||||||50|,,,,,Fire]Incineroar||SafetyGoggles|Intimidate|FakeOut,KnockOff,Taunt,PartingShot|||F|||50|,,,,,Ghost]Flutter Mane||ChoiceSpecs|Protosynthesis|ShadowBall,Moonblast,DazzlingGleam,IcyWind||||||50|,,,,,Fairy]Landorus||LifeOrb|SheerForce|EarthPower,SludgeWave,SandsearStorm,Protect|||M|||50|,,,,,Poison
|showteam|p2|Ogerpon-Wellspring||WellspringMask|WaterAbsorb|IvyCudgel,GrassyGlide,FollowMe,SpikyShield|||F|||50|,,,,,Water]Weezing-Galar||RockyHelmet|NeutralizingGas|Protect,Taunt,WillOWisp,DazzlingGleam|||F|||50|,,,,,Dark]Calyrex-Shadow||FocusSash|AsOneSpectrier|AstralBarrage,Psychic,Disable,Protect||||||50|,,,,,Dark]Zamazenta-Crowned||RustedShield|DauntlessShield|BodyPress,HeavySlam,WideGuard,Protect||||||50|,,,,,Dragon]Chi-Yu||ChoiceScarf|BeadsofRuin|HeatWave,Snarl,Overheat,DarkPulse||||||50|,,,,,Ghost]Rillaboom||AssaultVest|GrassySurge|FakeOut,WoodHammer,GrassyGlide,Uturn|||F|||50|,,,,,Water
|inactive|Battle timer is ON: inactive players will automatically lose when time's up. (requested by el choro 37)
|
|t:|1750792138
|start
|switch|p1a: Chi-Yu|Chi-Yu, L50|100/100
|switch|p1b: Calyrex|Calyrex-Shadow, L50|100/100
|switch|p2a: Calyrex|Calyrex-Shadow, L50|100/100
|switch|p2b: Chi-Yu|Chi-Yu, L50|100/100
|-ability|p2a: Calyrex|As One
|-ability|p2a: Calyrex|Unnerve
|-ability|p1b: Calyrex|As One
|-ability|p1b: Calyrex|Unnerve
|-ability|p2b: Chi-Yu|Beads of Ruin
|-ability|p1a: Chi-Yu|Beads of Ruin
|turn|1
|inactive|el choro 37 has 30 seconds left.
|
|t:|1750792165
|-terastallize|p2a: Calyrex|Dark
|move|p1b: Calyrex|Protect|p1b: Calyrex
|-singleturn|p1b: Calyrex|Protect
|move|p2b: Chi-Yu|Dark Pulse|p1b: Calyrex
|-activate|p1b: Calyrex|move: Protect
|move|p1a: Chi-Yu|Snarl|p2a: Calyrex|[spread] p2a,p2b
|-resisted|p2a: Calyrex
|-resisted|p2b: Chi-Yu
|-damage|p2a: Calyrex|84/100
|-damage|p2b: Chi-Yu|85/100
|-unboost|p2a: Calyrex|spa|1
|-unboost|p2b: Chi-Yu|spa|1
|move|p2a: Calyrex|Psychic|p1b: Calyrex
|-activate|p1b: Calyrex|move: Protect
|
|upkeep
|turn|2
|inactive|turtle100000000 has 30 seconds left.
|
|t:|1750792192
|switch|p2a: Weezing|Weezing-Galar, L50, F|100/100
|-ability|p2a: Weezing|Neutralizing Gas
|switch|p1b: Incineroar|Incineroar, L50, F|100/100
|move|p2b: Chi-Yu|Dark Pulse|p1b: Incineroar
|-resisted|p1b: Incineroar
|-damage|p1b: Incineroar|87/100
|move|p1a: Chi-Yu|Snarl|p2b: Chi-Yu|[spread] p2a,p2b
|-resisted|p2a: Weezing
|-resisted|p2b: Chi-Yu
|-damage|p2a: Weezing|88/100
|-damage|p2b: Chi-Yu|71/100
|-unboost|p2a: Weezing|spa|1
|-unboost|p2b: Chi-Yu|spa|1
|
|upkeep
|turn|3
|inactive|el choro 37 has 30 seconds left.
|inactive|turtle100000000 has 30 seconds left.
|
|t:|1750792221
|switch|p2b: Ogerpon|Ogerpon-Wellspring, L50, F|100/100
|move|p1b: Incineroar|Fake Out|p2b: Ogerpon
|-damage|p2b: Ogerpon|90/100
|move|p1a: Chi-Yu|Snarl|p2b: Ogerpon|[spread] p2a,p2b
|-resisted|p2a: Weezing
|-damage|p2a: Weezing|75/100
|-damage|p2b: Ogerpon|66/100
|-unboost|p2a: Weezing|spa|1
|-unboost|p2b: Ogerpon|spa|1
|move|p2a: Weezing|Dazzling Gleam|p1b: Incineroar|[spread] p1a,p1b
|-damage|p1a: Chi-Yu|89/100
|-damage|p1b: Incineroar|79/100
|
|upkeep
|turn|4
|inactive|el choro 37 has 30 seconds left.
|inactive|el choro 37 has 20 seconds left.
|
|t:|1750792257
|switch|p1a: Koraidon|Koraidon, L50|100/100
|-end|p2a: Weezing|ability: Neutralizing Gas
|-weather|SunnyDay|[from] ability: Orichalcum Pulse|[of] p1a: Koraidon
|-activate|p1a: Koraidon|Orichalcum Pulse|[source]
|-ability|p1b: Incineroar|Intimidate|boost
|-unboost|p2a: Weezing|atk|1
|-unboost|p2b: Ogerpon|atk|1
|switch|p2a: Chi-Yu|Chi-Yu, L50|71/100
|-ability|p2a: Chi-Yu|Beads of Ruin
|move|p2b: Ogerpon|Ivy Cudgel|p1a: Koraidon|[anim] Ivy Cudgel Water
|-resisted|p1a: Koraidon
|-crit|p1a: Koraidon
|-damage|p1a: Koraidon|82/100
|move|p1b: Incineroar|Parting Shot|p2a: Chi-Yu
|-unboost|p2a: Chi-Yu|atk|1
|-unboost|p2a: Chi-Yu|spa|1
|
|t:|1750792281
|switch|p1b: Chi-Yu|Chi-Yu, L50|89/100|[from] Parting Shot
|-ability|p1b: Chi-Yu|Beads of Ruin
|
|-weather|SunnyDay|[upkeep]
|upkeep
|turn|5
|
|t:|1750792299
|switch|p2a: Weezing|Weezing-Galar, L50, F|75/100
|-ability|p2a: Weezing|Neutralizing Gas
|move|p2b: Ogerpon|Spiky Shield|p2b: Ogerpon
|-singleturn|p2b: Ogerpon|move: Protect
|move|p1b: Chi-Yu|Heat Wave|p2a: Weezing|[spread] p2a
|-activate|p2b: Ogerpon|move: Protect
|-damage|p2a: Weezing|7/100
|-status|p2a: Weezing|brn
|move|p1a: Koraidon|Close Combat|p2a: Weezing
|-resisted|p2a: Weezing
|-damage|p2a: Weezing|0 fnt
|-unboost|p1a: Koraidon|def|1
|-unboost|p1a: Koraidon|spd|1
|-damage|p1a: Koraidon|66/100|[from] item: Rocky Helmet|[of] p2a: Weezing
|faint|p2a: Weezing
|-end|p2a: Weezing|ability: Neutralizing Gas
|-ability|p1b: Chi-Yu|Beads of Ruin
|-activate|p1a: Koraidon|ability: Orichalcum Pulse
|
|-weather|SunnyDay|[upkeep]
|upkeep
|inactive|turtle100000000 has 30 seconds left.
|
|t:|1750792326
|switch|p2a: Chi-Yu|Chi-Yu, L50|71/100
|-ability|p2a: Chi-Yu|Beads of Ruin
|turn|6
|
|t:|1750792339
|move|p2b: Ogerpon|Follow Me|p2b: Ogerpon
|-singleturn|p2b: Ogerpon|move: Follow Me
|move|p2a: Chi-Yu|Heat Wave|p1b: Chi-Yu|[spread] p1a,p1b
|-resisted|p1a: Koraidon
|-crit|p1a: Koraidon
|-resisted|p1b: Chi-Yu
|-damage|p1a: Koraidon|0 fnt
|-damage|p1b: Chi-Yu|57/100
|faint|p1a: Koraidon
|move|p1b: Chi-Yu|Heat Wave|p2b: Ogerpon|[spread] p2a,p2b
|-resisted|p2a: Chi-Yu
|-damage|p2a: Chi-Yu|34/100
|-damage|p2b: Ogerpon|0 fnt
|faint|p2b: Ogerpon
|
|-weather|SunnyDay|[upkeep]
|upkeep
|inactive|el choro 37 has 30 seconds left.
|
|t:|1750792365
|switch|p1a: Incineroar|Incineroar, L50, F|79/100
|switch|p2b: Calyrex|Calyrex-Shadow, L50, tera:Dark|84/100
|-ability|p2b: Calyrex|As One
|-ability|p2b: Calyrex|Unnerve
|-ability|p1a: Incineroar|Intimidate|boost
|-unboost|p2a: Chi-Yu|atk|1
|-unboost|p2b: Calyrex|atk|1
|turn|7
|
|t:|1750792379
|move|p1a: Incineroar|Fake Out|p2a: Chi-Yu
|-damage|p2a: Chi-Yu|15/100
|cant|p2a: Chi-Yu|flinch
|move|p1b: Chi-Yu|Heat Wave|p2a: Chi-Yu|[spread] p2a,p2b
|-resisted|p2a: Chi-Yu
|-damage|p2a: Chi-Yu|0 fnt
|-damage|p2b: Calyrex|0 fnt
|faint|p2a: Chi-Yu
|faint|p2b: Calyrex
|
|win|el choro 37
|raw|el choro 37's rating: 1350 &rarr; <strong>1375</strong><br />(+25 for winning)
|raw|turtle100000000's rating: 1440 &rarr; <strong>1415</strong><br />(-25 for losing)
