|j|☆Toxirino
|j|☆Blehblehnyx
|t:|1750834069
|gametype|doubles
|player|p1|Toxirino|proton|1125
|player|p2|Blehblehnyx|steven|1187
|teamsize|p1|6
|teamsize|p2|6
|gen|9
|tier|[Gen 9] VGC 2025 Reg I
|rated|
|rule|Species Clause: Limit one of each Pokémon
|rule|Item Clause: Limit 1 of each item
|clearpoke
|poke|p1|Gengar, L50, F|
|poke|p1|Sneasler, L50, F|
|poke|p1|Grafaiai, L50, F|
|poke|p1|Amoonguss, L50, M|
|poke|p1|Eternatus, L50|
|poke|p1|Slowbro-Galar, L50, F|
|poke|p2|Lunala, L50|
|poke|p2|Ursaluna, L50, M|
|poke|p2|Urshifu-*, L50, F|
|poke|p2|Miraidon, L50|
|poke|p2|Grimmsnarl, L50, M|
|poke|p2|Incineroar, L50, F|
|teampreview|4
|inactive|Battle timer is ON: inactive players will automatically lose when time's up. (requested by Toxirino)
Blehblehnyx rejected open team sheets.
|c|☆Blehblehnyx|mono poison?
|inactive|Toxirino has 60 seconds left.
|
|t:|1750834120
|start
|switch|p1a: Gengar|Gengar, L50, F|100/100
|switch|p1b: Grafaiai|Grafaiai, L50, F, shiny|100/100
|switch|p2a: Incineroar|Incineroar, L50, F|100/100
|switch|p2b: Lunala|Lunala, L50|100/100
|-ability|p2a: Incineroar|Intimidate|boost
|-unboost|p1a: Gengar|atk|1
|-unboost|p1b: Grafaiai|atk|1
|turn|1
|
|t:|1750834137
|move|p2b: Lunala|Protect|p2b: Lunala
|-singleturn|p2b: Lunala|Protect
|move|p2a: Incineroar|Fake Out|p1b: Grafaiai
|-damage|p1b: Grafaiai|85/100
|move|p1b: Grafaiai|Foul Play|p2b: Lunala
|-activate|p2b: Lunala|move: Protect
|move|p1a: Gengar|Shadow Ball|p2b: Lunala
|-activate|p2b: Lunala|move: Protect
|
|upkeep
|turn|2
|
|t:|1750834157
|-terastallize|p2b: Lunala|Fairy
|move|p1b: Grafaiai|Encore|p2b: Lunala
|-start|p2b: Lunala|Encore
|move|p1a: Gengar|Sludge Bomb|p2a: Incineroar
|-damage|p2a: Incineroar|54/100
|-status|p2a: Incineroar|psn
|move|p2a: Incineroar|Knock Off|p1a: Gengar
|-supereffective|p1a: Gengar
|-enditem|p1a: Gengar|Focus Sash
|-damage|p1a: Gengar|1/100
|-start|p2a: Incineroar|Disable|Knock Off|[from] ability: Cursed Body|[of] p1a: Gengar
|move|p2b: Lunala|Protect||[still]
|-fail|p2b: Lunala
|
|-damage|p2a: Incineroar|42/100 psn|[from] psn
|upkeep
|turn|3
|inactive|Toxirino has 30 seconds left.
|inactive|Blehblehnyx has 30 seconds left.
|
|t:|1750834189
|switch|p1a: Amoonguss|Amoonguss, L50, M|100/100
|switch|p2b: Ursaluna|Ursaluna, L50, M|100/100
|move|p1b: Grafaiai|Foul Play|p2b: Ursaluna
|-damage|p2b: Ursaluna|71/100
|move|p2a: Incineroar|Parting Shot|p1a: Amoonguss
|-unboost|p1a: Amoonguss|atk|1
|-unboost|p1a: Amoonguss|spa|1
|
|t:|1750834201
|switch|p2a: Lunala|Lunala, L50, tera:Fairy|100/100|[from] Parting Shot
|
|-status|p2b: Ursaluna|brn|[from] item: Flame Orb
|upkeep
|turn|4
|
|t:|1750834213
|move|p2b: Ursaluna|Protect|p2b: Ursaluna
|-singleturn|p2b: Ursaluna|Protect
|move|p1b: Grafaiai|Foul Play|p2b: Ursaluna
|-activate|p2b: Ursaluna|move: Protect
|move|p1a: Amoonguss|Spore|p2a: Lunala
|-status|p2a: Lunala|slp|[from] move: Spore
|cant|p2a: Lunala|slp
|
|-damage|p2b: Ursaluna|65/100 brn|[from] brn
|upkeep
|turn|5
|
|t:|1750834228
|switch|p1a: Gengar|Gengar, L50, F|1/100
|move|p1b: Grafaiai|Encore|p2b: Ursaluna
|-start|p2b: Ursaluna|Encore
|move|p2b: Ursaluna|Protect|p2b: Ursaluna
|-singleturn|p2b: Ursaluna|Protect
|-curestatus|p2a: Lunala|slp|[msg]
|move|p2a: Lunala|Trick Room|p2a: Lunala
|-fieldstart|move: Trick Room|[of] p2a: Lunala
|
|-damage|p2b: Ursaluna|59/100 brn|[from] brn
|upkeep
|turn|6
|c|☆Blehblehnyx|shi
|
|t:|1750834244
|switch|p2b: Incineroar|Incineroar, L50, F|42/100 psn
|-ability|p2b: Incineroar|Intimidate|boost
|-unboost|p1a: Gengar|atk|1
|-unboost|p1b: Grafaiai|atk|1
|move|p2a: Lunala|Protect|p2a: Lunala
|-singleturn|p2a: Lunala|Protect
|move|p1b: Grafaiai|Encore|p2a: Lunala
|-activate|p2a: Lunala|move: Protect
|move|p1a: Gengar|Sludge Bomb|p2b: Incineroar
|-damage|p2b: Incineroar|0 fnt
|faint|p2b: Incineroar
|
|upkeep
|
|t:|1750834256
|switch|p2b: Ursaluna|Ursaluna, L50, M|59/100 brn
|turn|7
|
|t:|1750834273
|switch|p2a: Miraidon|Miraidon, L50|100/100
|-fieldstart|move: Electric Terrain|[from] ability: Hadron Engine|[of] p2a: Miraidon
|switch|p1a: Amoonguss|Amoonguss, L50, M|100/100
|move|p2b: Ursaluna|Facade|p1b: Grafaiai
|-damage|p1b: Grafaiai|0 fnt
|faint|p1b: Grafaiai
|
|-damage|p2b: Ursaluna|53/100 brn|[from] brn
|upkeep
|
|t:|1750834283
|switch|p1b: Gengar|Gengar, L50, F|1/100
|turn|8
|
|t:|1750834294
|switch|p2a: Lunala|Lunala, L50, tera:Fairy|100/100
|-enditem|p2a: Lunala|Electric Seed
|-boost|p2a: Lunala|def|1|[from] item: Electric Seed
|move|p1a: Amoonguss|Rage Powder|p1a: Amoonguss
|-singleturn|p1a: Amoonguss|move: Rage Powder
|move|p2b: Ursaluna|Facade|p1a: Amoonguss
|-damage|p1a: Amoonguss|1/100
|-enditem|p1a: Amoonguss|Eject Button
|
|t:|1750834299
|switch|p1a: Slowbro|Slowbro-Galar, L50, F|100/100
|move|p1b: Gengar|Destiny Bond|p1b: Gengar
|-singlemove|p1b: Gengar|Destiny Bond
|
|-damage|p2b: Ursaluna|48/100 brn|[from] brn
|upkeep
|turn|9
|
|t:|1750834316
|move|p2a: Lunala|Protect|p2a: Lunala
|-singleturn|p2a: Lunala|Protect
|move|p1a: Slowbro|Chilling Water|p2b: Ursaluna
|-supereffective|p2b: Ursaluna
|-damage|p2b: Ursaluna|22/100 brn
|-unboost|p2b: Ursaluna|atk|1
|move|p2b: Ursaluna|Headlong Rush|p1a: Slowbro
|-supereffective|p1a: Slowbro
|-damage|p1a: Slowbro|0 fnt
|-unboost|p2b: Ursaluna|def|1
|-unboost|p2b: Ursaluna|spd|1
|faint|p1a: Slowbro
|move|p1b: Gengar|Sludge Bomb|p2a: Lunala
|-activate|p2a: Lunala|move: Protect
|
|-damage|p2b: Ursaluna|17/100 brn|[from] brn
|-fieldend|move: Trick Room
|upkeep
|
|t:|1750834320
|switch|p1a: Amoonguss|Amoonguss, L50, M|34/100
|turn|10
|
|t:|1750834341
|move|p1b: Gengar|Sludge Bomb|p2b: Ursaluna
|-resisted|p2b: Ursaluna
|-damage|p2b: Ursaluna|0 fnt
|faint|p2b: Ursaluna
|move|p2a: Lunala|Moongeist Beam|p1b: Gengar
|-supereffective|p1b: Gengar
|-damage|p1b: Gengar|0 fnt
|faint|p1b: Gengar
|move|p1a: Amoonguss|Pollen Puff|p1: Gengar|[notarget]
|-fail|p1a: Amoonguss
|
|upkeep
|
|t:|1750834351
|switch|p2b: Miraidon|Miraidon, L50|100/100
|-activate|p2b: Miraidon|ability: Hadron Engine
|turn|11
|c|☆Blehblehnyx|gg
|c|☆Toxirino|Gg
|
|t:|1750834364
|move|p2b: Miraidon|Electro Drift|p1a: Amoonguss
|-resisted|p1a: Amoonguss
|-damage|p1a: Amoonguss|0 fnt
|faint|p1a: Amoonguss
|
|win|Blehblehnyx
|raw|Toxirino's rating: 1125 &rarr; <strong>1104</strong><br />(-21 for losing)
|raw|Blehblehnyx's rating: 1187 &rarr; <strong>1208</strong><br />(+21 for winning)
|l|☆Toxirino
|player|p1|
|l|☆Blehblehnyx
|player|p2|
