|j|☆zhz2021
|j|☆HyperRes
|t:|1750739746
|gametype|doubles
|player|p1|zhz2021|marley|1524
|player|p2|HyperRes|miku-ground|1599
|teamsize|p1|6
|teamsize|p2|6
|gen|9
|tier|[Gen 9] VGC 2025 Reg I
|rated|
|rule|Species Clause: Limit one of each Pokémon
|rule|Item Clause: Limit 1 of each item
|clearpoke
|poke|p1|Murkrow, L50, M|
|poke|p1|Scream Tail, L50|
|poke|p1|Miraidon, L50|
|poke|p1|Annihilape, L50, M|
|poke|p1|Calyrex-Ice, L50|
|poke|p1|Araquanid, L50, M|
|poke|p2|Kyogre, L50|
|poke|p2|Calyrex-Shadow, L50|
|poke|p2|Indeedee-F, L50, F|
|poke|p2|Urshifu-*, L50, F|
|poke|p2|Grimmsnarl, L50, M|
|poke|p2|Bruxish, L50, M|
|teampreview|4
|inactive|Battle timer is ON: inactive players will automatically lose when time's up. (requested by HyperRes)
|inactive|HyperRes has 60 seconds left.
|
|t:|1750739804
|start
|switch|p1a: Miraidon|Miraidon, L50|100/100
|switch|p1b: Araquanid|Araquanid, L50, M|100/100
|switch|p2a: Calyrex|Calyrex-Shadow, L50|100/100
|switch|p2b: Grimmsnarl|Grimmsnarl, L50, M|100/100
|-ability|p2a: Calyrex|As One
|-ability|p2a: Calyrex|Unnerve
|-fieldstart|move: Electric Terrain|[from] ability: Hadron Engine|[of] p1a: Miraidon
|-enditem|p1b: Araquanid|Electric Seed
|-boost|p1b: Araquanid|def|1|[from] item: Electric Seed
|turn|1
|inactive|HyperRes has 30 seconds left.
|
|t:|1750739839
|move|p2b: Grimmsnarl|Fake Out|p1b: Araquanid
|-damage|p1b: Araquanid|92/100
|move|p2a: Calyrex|Astral Barrage|p1a: Miraidon|[spread] p1a,p1b
|-damage|p1a: Miraidon|57/100
|-damage|p1b: Araquanid|52/100
|move|p1a: Miraidon|Volt Switch|p2a: Calyrex
|-damage|p2a: Calyrex|7/100
|-damage|p1a: Miraidon|47/100|[from] item: Life Orb
|
|t:|1750739844
|switch|p1a: Murkrow|Murkrow, L50, M|100/100|[from] Volt Switch
|cant|p1b: Araquanid|flinch
|
|upkeep
|turn|2
|
|t:|1750739860
|switch|p2b: Indeedee|Indeedee-F, L50, F|100/100
|-fieldstart|move: Psychic Terrain|[from] ability: Psychic Surge|[of] p2b: Indeedee
|-enditem|p2b: Indeedee|Psychic Seed
|-boost|p2b: Indeedee|spd|1|[from] item: Psychic Seed
|move|p2a: Calyrex|Protect|p2a: Calyrex
|-singleturn|p2a: Calyrex|Protect
|move|p1b: Araquanid|Wide Guard|p1b: Araquanid
|-singleturn|p1b: Araquanid|Wide Guard
|move|p1a: Murkrow|Foul Play|p2a: Calyrex
|-activate|p2a: Calyrex|move: Protect
|
|upkeep
|turn|3
|inactive|HyperRes has 30 seconds left.
|
|t:|1750739893
|switch|p2a: Grimmsnarl|Grimmsnarl, L50, M|100/100
|move|p1a: Murkrow|Tailwind|p1a: Murkrow
|-sidestart|p1: zhz2021|move: Tailwind
|move|p2b: Indeedee|Alluring Voice|p1a: Murkrow
|-supereffective|p1a: Murkrow
|-damage|p1a: Murkrow|45/100
|move|p1b: Araquanid|Leech Life|p2a: Grimmsnarl
|-damage|p2a: Grimmsnarl|73/100
|-heal|p1b: Araquanid|68/100|[from] drain|[of] p2a: Grimmsnarl
|-damage|p1b: Araquanid|52/100|[from] item: Rocky Helmet|[of] p2a: Grimmsnarl
|
|upkeep
|turn|4
|inactive|zhz2021 has 30 seconds left.
|
|t:|1750739918
|switch|p1a: Calyrex|Calyrex-Ice, L50|100/100
|-ability|p1a: Calyrex|As One
|-ability|p1a: Calyrex|Unnerve
|move|p1b: Araquanid|Leech Life|p2b: Indeedee
|-supereffective|p2b: Indeedee
|-damage|p2b: Indeedee|52/100
|-heal|p1b: Araquanid|76/100|[from] drain|[of] p2b: Indeedee
|move|p2a: Grimmsnarl|Foul Play|p1b: Araquanid
|-damage|p1b: Araquanid|56/100
|move|p2b: Indeedee|Trick Room|p2b: Indeedee
|-fieldstart|move: Trick Room|[of] p2b: Indeedee
|
|upkeep
|turn|5
|j| Lavenderawa
|
|t:|1750739931
|move|p2b: Indeedee|Helping Hand|p2a: Grimmsnarl
|-singleturn|p2a: Grimmsnarl|Helping Hand|[of] p2b: Indeedee
|move|p2a: Grimmsnarl|Foul Play|p1a: Calyrex
|-supereffective|p1a: Calyrex
|-damage|p1a: Calyrex|0 fnt
|faint|p1a: Calyrex
|move|p1b: Araquanid|Leech Life|p2b: Indeedee
|-supereffective|p2b: Indeedee
|-damage|p2b: Indeedee|0 fnt
|-heal|p1b: Araquanid|82/100|[from] drain|[of] p2b: Indeedee
|faint|p2b: Indeedee
|
|upkeep
|inactive|zhz2021 has 30 seconds left.
|
|t:|1750739960
|switch|p1a: Miraidon|Miraidon, L50|47/100
|switch|p2b: Kyogre|Kyogre, L50|100/100
|-weather|RainDance|[from] ability: Drizzle|[of] p2b: Kyogre
|-fieldstart|move: Electric Terrain|[from] ability: Hadron Engine|[of] p1a: Miraidon
|turn|6
|inactive|HyperRes has 30 seconds left.
|
|t:|1750739987
|-terastallize|p1b: Araquanid|Grass
|-terastallize|p2b: Kyogre|Grass
|move|p1a: Miraidon|Protect|p1a: Miraidon
|-singleturn|p1a: Miraidon|Protect
|move|p2a: Grimmsnarl|Fake Tears|p1b: Araquanid
|-unboost|p1b: Araquanid|spd|2
|move|p1b: Araquanid|Liquidation|p2a: Grimmsnarl
|-damage|p2a: Grimmsnarl|0 fnt
|-damage|p1b: Araquanid|66/100|[from] item: Rocky Helmet|[of] p2a: Grimmsnarl
|faint|p2a: Grimmsnarl
|move|p2b: Kyogre|Hydro Pump|p1a: Miraidon
|-activate|p1a: Miraidon|move: Protect
|
|-weather|RainDance|[upkeep]
|-sideend|p1: zhz2021|move: Tailwind
|upkeep
|
|t:|1750739992
|switch|p2a: Calyrex|Calyrex-Shadow, L50|7/100
|-ability|p2a: Calyrex|As One
|-ability|p2a: Calyrex|Unnerve
|turn|7
|
|t:|1750740014
|move|p2a: Calyrex|Protect|p2a: Calyrex
|-singleturn|p2a: Calyrex|Protect
|move|p1b: Araquanid|Leech Life|p2b: Kyogre
|-supereffective|p2b: Kyogre
|-damage|p2b: Kyogre|50/100
|-heal|p1b: Araquanid|95/100|[from] drain|[of] p2b: Kyogre
|move|p2b: Kyogre|Hydro Pump|p1a: Miraidon
|-resisted|p1a: Miraidon
|-damage|p1a: Miraidon|0 fnt
|faint|p1a: Miraidon
|
|-weather|RainDance|[upkeep]
|upkeep
|
|t:|1750740020
|switch|p1a: Murkrow|Murkrow, L50, M|45/100
|turn|8
|
|t:|1750740032
|move|p1b: Araquanid|Leech Life|p2b: Kyogre
|-supereffective|p2b: Kyogre
|-damage|p2b: Kyogre|0 fnt
|-heal|p1b: Araquanid|100/100|[from] drain|[of] p2b: Kyogre
|faint|p2b: Kyogre
|move|p1a: Murkrow|Foul Play|p2a: Calyrex
|-supereffective|p2a: Calyrex
|-damage|p2a: Calyrex|0 fnt
|faint|p2a: Calyrex
|
|win|zhz2021
|raw|zhz2021's rating: 1524 &rarr; <strong>1548</strong><br />(+24 for winning)
|raw|HyperRes's rating: 1599 &rarr; <strong>1575</strong><br />(-24 for losing)
|l|☆HyperRes
|player|p2|
|l|☆zhz2021
|player|p1|
