|j|☆Lambchopy
|j|☆Veryskillguy
|t:|1750706948
|gametype|doubles
|player|p1|Lambchopy|1|1144
|player|p2|Veryskillguy|169|1171
|teamsize|p1|6
|teamsize|p2|6
|gen|9
|tier|[Gen 9] VGC 2025 Reg I
|rated|
|rule|Species Clause: Limit one of each Pokémon
|rule|Item Clause: Limit 1 of each item
|clearpoke
|poke|p1|Gholdengo, L50|
|poke|p1|Calyrex-Ice, L50|
|poke|p1|Kyogre, L50|
|poke|p1|Amoonguss, L50, M|
|poke|p1|Incineroar, L50, M|
|poke|p1|Tornadus, L50, M|
|poke|p2|Zapdos-Galar, L50|
|poke|p2|Groudon, L50|
|poke|p2|Incineroar, L50, M|
|poke|p2|Lunala, L50|
|poke|p2|Amoonguss, L50, M|
|poke|p2|Raging Bolt, L50|
|teampreview|4
|inactive|Battle timer is ON: inactive players will automatically lose when time's up. (requested by Veryskillguy)
|
|t:|1750706971
|start
|switch|p1a: Calyrex|Calyrex-Ice, L50|100/100
|switch|p1b: Amoonguss|Amoonguss, L50, M|100/100
|switch|p2a: Zapdos|Zapdos-Galar, L50|100/100
|switch|p2b: Groudon|Groudon, L50|100/100
|-ability|p1a: Calyrex|As One
|-ability|p1a: Calyrex|Unnerve
|-weather|SunnyDay|[from] ability: Drought|[of] p2b: Groudon
|turn|1
|inactive|Veryskillguy has 30 seconds left.
|inactive|Veryskillguy has 20 seconds left.
|
|t:|1750707006
|-terastallize|p1a: Calyrex|Fire
|move|p1b: Amoonguss|Rage Powder|p1b: Amoonguss
|-singleturn|p1b: Amoonguss|move: Rage Powder
|move|p2a: Zapdos|Coaching|p2b: Groudon
|-boost|p2b: Groudon|atk|1
|-boost|p2b: Groudon|def|1
|move|p2b: Groudon|Earthquake|p1a: Calyrex|[spread] p1a,p1b
|-immune|p2a: Zapdos
|-supereffective|p1a: Calyrex
|-crit|p1b: Amoonguss
|-damage|p1a: Calyrex|19/100
|-damage|p1b: Amoonguss|19/100
|move|p1a: Calyrex|Trick Room|p1a: Calyrex
|-fieldstart|move: Trick Room|[of] p1a: Calyrex
|
|-weather|SunnyDay|[upkeep]
|upkeep
|turn|2
|inactive|Veryskillguy has 30 seconds left.
|
|t:|1750707035
|-terastallize|p2b: Groudon|Fire
|move|p1b: Amoonguss|Pollen Puff|p1a: Calyrex
|-heal|p1a: Calyrex|69/100
|move|p1a: Calyrex|Glacial Lance|p2a: Zapdos|[spread] p2a,p2b
|-supereffective|p2a: Zapdos
|-resisted|p2b: Groudon
|-enditem|p2a: Zapdos|Focus Sash
|-damage|p2a: Zapdos|1/100
|-damage|p2b: Groudon|87/100
|move|p2b: Groudon|Rock Slide|p1a: Calyrex|[spread] p1a,p1b
|-supereffective|p1a: Calyrex
|-damage|p1a: Calyrex|31/100
|-damage|p1b: Amoonguss|0 fnt
|faint|p1b: Amoonguss
|move|p2a: Zapdos|Close Combat|p1a: Calyrex
|-damage|p1a: Calyrex|0 fnt
|-unboost|p2a: Zapdos|def|1
|-unboost|p2a: Zapdos|spd|1
|faint|p1a: Calyrex
|
|-weather|SunnyDay|[upkeep]
|upkeep
|
|t:|1750707060
|switch|p1b: Incineroar|Incineroar, L50, M|100/100
|switch|p1a: Kyogre|Kyogre, L50|100/100
|-ability|p1b: Incineroar|Intimidate|boost
|-unboost|p2a: Zapdos|atk|1
|-ability|p2a: Zapdos|Defiant|boost
|-boost|p2a: Zapdos|atk|2
|-unboost|p2b: Groudon|atk|1
|-weather|RainDance|[from] ability: Drizzle|[of] p1a: Kyogre
|turn|3
|
|t:|1750707075
|move|p1b: Incineroar|Fake Out|p2b: Groudon
|-damage|p2b: Groudon|83/100
|move|p2a: Zapdos|Quick Guard|p2a: Zapdos
|-singleturn|p2a: Zapdos|Quick Guard
|move|p1a: Kyogre|Water Spout|p2b: Groudon|[spread] p2a,p2b
|-supereffective|p2b: Groudon
|-damage|p2a: Zapdos|0 fnt
|-damage|p2b: Groudon|0 fnt
|faint|p2a: Zapdos
|faint|p2b: Groudon
|
|-weather|RainDance|[upkeep]
|upkeep
|
|t:|1750707084
|switch|p2b: Raging Bolt|Raging Bolt, L50|100/100
|switch|p2a: Incineroar|Incineroar, L50, M|100/100
|-ability|p2a: Incineroar|Intimidate|boost
|-unboost|p1a: Kyogre|atk|1
|-unboost|p1b: Incineroar|atk|1
|turn|4
|
|t:|1750707103
|move|p1a: Kyogre|Protect|p1a: Kyogre
|-singleturn|p1a: Kyogre|Protect
|move|p2a: Incineroar|Fake Out|p1b: Incineroar
|-damage|p1b: Incineroar|90/100
|move|p2b: Raging Bolt|Thunderclap||[still]
|-fail|p2b: Raging Bolt
|cant|p1b: Incineroar|flinch
|
|-weather|RainDance|[upkeep]
|upkeep
|turn|5
|
|t:|1750707117
|move|p1a: Kyogre|Protect||[still]
|-fail|p1a: Kyogre
|move|p2b: Raging Bolt|Thunderclap||[still]
|-fail|p2b: Raging Bolt
|move|p1b: Incineroar|Parting Shot|p2b: Raging Bolt
|-unboost|p2b: Raging Bolt|atk|1
|-unboost|p2b: Raging Bolt|spa|1
|move|p2a: Incineroar|Knock Off|p1a: Kyogre
|-damage|p1a: Kyogre|64/100
|-enditem|p1a: Kyogre|Mystic Water|[from] move: Knock Off|[of] p2a: Incineroar
|
|-weather|RainDance|[upkeep]
|-fieldend|move: Trick Room
|upkeep
|turn|6
|
|t:|1750707138
|move|p1a: Kyogre|Protect|p1a: Kyogre
|-singleturn|p1a: Kyogre|Protect
|move|p2b: Raging Bolt|Thunderbolt|p1b: Incineroar
|-damage|p1b: Incineroar|57/100
|-damage|p2b: Raging Bolt|91/100|[from] item: Life Orb
|move|p1b: Incineroar|Parting Shot|p2b: Raging Bolt
|-unboost|p2b: Raging Bolt|atk|1
|-unboost|p2b: Raging Bolt|spa|1
|move|p2a: Incineroar|Knock Off|p1b: Incineroar
|-resisted|p1b: Incineroar
|-damage|p1b: Incineroar|39/100
|-enditem|p1b: Incineroar|Safety Goggles|[from] move: Knock Off|[of] p2a: Incineroar
|
|-weather|RainDance|[upkeep]
|upkeep
|turn|7
|inactive|Lambchopy has 30 seconds left.
|
|t:|1750707165
|move|p2b: Raging Bolt|Thunderclap|p1a: Kyogre
|-supereffective|p1a: Kyogre
|-damage|p1a: Kyogre|29/100
|-damage|p2b: Raging Bolt|81/100|[from] item: Life Orb
|move|p1a: Kyogre|Ice Beam|p2b: Raging Bolt
|-supereffective|p2b: Raging Bolt
|-damage|p2b: Raging Bolt|32/100
|move|p1b: Incineroar|Taunt|p2a: Incineroar
|-start|p2a: Incineroar|move: Taunt
|move|p2a: Incineroar|Knock Off|p1a: Kyogre
|-damage|p1a: Kyogre|6/100
|
|-weather|none
|upkeep
|turn|8
|
|t:|1750707186
|move|p1a: Kyogre|Protect|p1a: Kyogre
|-singleturn|p1a: Kyogre|Protect
|move|p2b: Raging Bolt|Draco Meteor|p1b: Incineroar
|-damage|p1b: Incineroar|0 fnt
|-unboost|p2b: Raging Bolt|spa|2
|faint|p1b: Incineroar
|-damage|p2b: Raging Bolt|22/100|[from] item: Life Orb
|move|p2a: Incineroar|Flare Blitz|p1a: Kyogre
|-activate|p1a: Kyogre|move: Protect
|
|upkeep
|turn|9
|-message|Lambchopy forfeited.
|
|win|Veryskillguy
|raw|Lambchopy's rating: 1144 &rarr; <strong>1121</strong><br />(-23 for losing)
|raw|Veryskillguy's rating: 1171 &rarr; <strong>1194</strong><br />(+23 for winning)
|l|☆Lambchopy
|player|p1|
|l|☆Veryskillguy
|player|p2|
