|j|☆frikkle
|j|☆sandslash666
|t:|1750719368
|gametype|doubles
|player|p1|frikkle|backersf|1021
|player|p2|sandslash666|ghetsis|1046
|teamsize|p1|5
|teamsize|p2|6
|gen|9
|tier|[Gen 9] VGC 2025 Reg I
|rated|
|rule|Species Clause: Limit one of each Pokémon
|rule|Item Clause: Limit 1 of each item
|clearpoke
|poke|p1|Calyrex-Shadow, L50|
|poke|p1|Urshifu-*, L50, F|
|poke|p1|Miraidon, L50|
|poke|p1|Incineroar, L50, F|
|poke|p1|Tornadus, L50, M|
|poke|p2|Hydreigon, L50, M|
|poke|p2|Calyrex-Ice, L50|
|poke|p2|Urshifu-*, L50, M|
|poke|p2|Chi-Yu, L50|
|poke|p2|Lunala, L50|
|poke|p2|Amoonguss, L50, M|
|teampreview|4
|
|t:|1750719419
|start
|switch|p1a: Incineroar|Incineroar, L50, F|100/100
|switch|p1b: Miraidon|Miraidon, L50|100/100
|switch|p2a: Chi-Yu|Chi-Yu, L50|100/100
|switch|p2b: Lunala|Lunala, L50, shiny|100/100
|-ability|p2a: Chi-Yu|Beads of Ruin
|-fieldstart|move: Electric Terrain|[from] ability: Hadron Engine|[of] p1b: Miraidon
|-ability|p1a: Incineroar|Intimidate|boost
|-unboost|p2a: Chi-Yu|atk|1
|-unboost|p2b: Lunala|atk|1
|turn|1
|
|t:|1750719451
|switch|p2a: Amoonguss|Amoonguss, L50, M, shiny|100/100
|-terastallize|p1b: Miraidon|Electric
|-terastallize|p2b: Lunala|Electric
|move|p1a: Incineroar|Fake Out|p2b: Lunala
|-damage|p2b: Lunala|97/100
|move|p1b: Miraidon|Volt Switch|p2a: Amoonguss
|-resisted|p2a: Amoonguss
|-damage|p2a: Amoonguss|35/100
|
|t:|1750719469
|switch|p1b: Urshifu|Urshifu-Rapid-Strike, L50, F|100/100|[from] Volt Switch
|cant|p2b: Lunala|flinch
|
|-heal|p2b: Lunala|100/100|[from] item: Leftovers
|upkeep
|turn|2
|
|t:|1750719494
|move|p1a: Incineroar|Helping Hand|p1b: Urshifu
|-singleturn|p1b: Urshifu|Helping Hand|[of] p1a: Incineroar
|move|p1b: Urshifu|Surging Strikes|p2b: Lunala
|-crit|p2b: Lunala
|-damage|p2b: Lunala|80/100
|-crit|p2b: Lunala
|-damage|p2b: Lunala|40/100
|-crit|p2b: Lunala
|-damage|p2b: Lunala|3/100
|-hitcount|p2b: Lunala|3
|move|p2b: Lunala|Moonblast|p1b: Urshifu
|-supereffective|p1b: Urshifu
|-damage|p1b: Urshifu|0 fnt
|faint|p1b: Urshifu
|move|p2a: Amoonguss|Spore|p1a: Incineroar
|-activate|p1a: Incineroar|item: Safety Goggles|Spore
|
|-heal|p2b: Lunala|10/100|[from] item: Leftovers
|upkeep
|
|t:|1750719514
|switch|p1b: Miraidon|Miraidon, L50, tera:Electric|100/100
|-activate|p1b: Miraidon|ability: Hadron Engine
|turn|3
|
|t:|1750719532
|move|p2a: Amoonguss|Rage Powder|p2a: Amoonguss
|-singleturn|p2a: Amoonguss|move: Rage Powder
|move|p1b: Miraidon|Electro Drift|p2a: Amoonguss
|-resisted|p2a: Amoonguss
|-damage|p2a: Amoonguss|0 fnt
|-damage|p1b: Miraidon|84/100|[from] item: Rocky Helmet|[of] p2a: Amoonguss
|faint|p2a: Amoonguss
|move|p2b: Lunala|Calm Mind|p2b: Lunala
|-boost|p2b: Lunala|spa|1
|-boost|p2b: Lunala|spd|1
|move|p1a: Incineroar|Flare Blitz|p2b: Lunala
|-damage|p2b: Lunala|0 fnt
|faint|p2b: Lunala
|-damage|p1a: Incineroar|97/100|[from] Recoil
|
|upkeep
|
|t:|1750719546
|switch|p2b: Chi-Yu|Chi-Yu, L50|100/100
|switch|p2a: Urshifu|Urshifu-Rapid-Strike, L50, M|100/100
|-ability|p2b: Chi-Yu|Beads of Ruin
|turn|4
|
|t:|1750719571
|move|p2b: Chi-Yu|Overheat|p1b: Miraidon
|-damage|p1b: Miraidon|0 fnt
|-unboost|p2b: Chi-Yu|spa|2
|faint|p1b: Miraidon
|move|p2a: Urshifu|Surging Strikes|p1a: Incineroar
|-supereffective|p1a: Incineroar
|-crit|p1a: Incineroar
|-damage|p1a: Incineroar|41/100
|-supereffective|p1a: Incineroar
|-crit|p1a: Incineroar
|-damage|p1a: Incineroar|0 fnt
|faint|p1a: Incineroar
|-hitcount|p1: Incineroar|2
|
|upkeep
|
|t:|1750719579
|switch|p1a: Tornadus|Tornadus, L50, M|100/100
|turn|5
|
|t:|1750719590
|move|p1a: Tornadus|Tailwind|p1a: Tornadus
|-sidestart|p1: frikkle|move: Tailwind
|move|p2b: Chi-Yu|Overheat|p1a: Tornadus|[miss]
|-miss|p2b: Chi-Yu|p1a: Tornadus
|move|p2a: Urshifu|Surging Strikes|p1a: Tornadus
|-crit|p1a: Tornadus
|-damage|p1a: Tornadus|65/100
|-crit|p1a: Tornadus
|-damage|p1a: Tornadus|28/100
|-crit|p1a: Tornadus
|-damage|p1a: Tornadus|0 fnt
|faint|p1a: Tornadus
|-hitcount|p1: Tornadus|3
|
|win|sandslash666
|raw|frikkle's rating: 1021 &rarr; <strong>1009</strong><br />(-12 for losing)
|raw|sandslash666's rating: 1046 &rarr; <strong>1077</strong><br />(+31 for winning)
|l|☆frikkle
|player|p1|
