|j|☆furrybuoy
|j|☆Awfulping
|t:|1750824540
|gametype|doubles
|player|p1|furrybuoy|roxie-masters|1408
|player|p2|Awfulping|1|1435
|teamsize|p1|6
|teamsize|p2|6
|gen|9
|tier|[Gen 9] VGC 2025 Reg I
|rated|
|rule|Species Clause: Limit one of each Pokémon
|rule|Item Clause: Limit 1 of each item
|clearpoke
|poke|p1|Calyrex-Shadow, L50|
|poke|p1|Zamazenta-*, L50|
|poke|p1|Rillaboom, L50, M|
|poke|p1|Raging Bolt, L50|
|poke|p1|Tornadus, L50, M|
|poke|p1|Urshifu-*, L50, M|
|poke|p2|Incineroar, L50, F|
|poke|p2|Urshifu-*, L50, F|
|poke|p2|Kyogre, L50|
|poke|p2|Iron Leaves, L50|
|poke|p2|Zacian-*, L50|
|poke|p2|Tornadus, L50, M|
|teampreview|4
|inactive|Battle timer is ON: inactive players will automatically lose when time's up. (requested by Awfulping)
|
|t:|1750824565
|start
|switch|p1a: duranta|Tornadus, L50, M|100/100
|switch|p1b: myosotis|Calyrex-Shadow, L50|100/100
|switch|p2a: Tornadus|Tornadus, L50, M|100/100
|switch|p2b: Zacian|Zacian-Crowned, L50|100/100
|-ability|p1b: myosotis|As One
|-ability|p1b: myosotis|Unnerve
|-ability|p2b: Zacian|Intrepid Sword|boost
|-boost|p2b: Zacian|atk|1
|turn|1
|j| johnkharkiv
|
|t:|1750824581
|move|p1b: myosotis|Protect|p1b: myosotis
|-singleturn|p1b: myosotis|Protect
|move|p2a: Tornadus|Tailwind|p2a: Tornadus
|-sidestart|p2: Awfulping|move: Tailwind
|move|p1a: duranta|Tailwind|p1a: duranta
|-sidestart|p1: furrybuoy|move: Tailwind
|move|p2b: Zacian|Behemoth Blade|p1b: myosotis
|-activate|p1b: myosotis|move: Protect
|
|upkeep
|turn|2
|
|t:|1750824603
|move|p1b: myosotis|Astral Barrage|p2b: Zacian|[spread] p2a,p2b
|-damage|p2a: Tornadus|20/100
|-damage|p2b: Zacian|39/100
|-damage|p1b: myosotis|91/100|[from] item: Life Orb
|move|p2b: Zacian|Behemoth Blade|p1b: myosotis
|-damage|p1b: myosotis|0 fnt
|faint|p1b: myosotis
|move|p2a: Tornadus|Icy Wind|p1a: duranta
|-supereffective|p1a: duranta
|-damage|p1a: duranta|65/100
|move|p1a: duranta|Bleakwind Storm|p2b: Zacian|[spread] p2a,p2b
|-resisted|p2b: Zacian
|-damage|p2a: Tornadus|0 fnt
|-damage|p2b: Zacian|26/100
|-unboost|p2b: Zacian|spe|1
|faint|p2a: Tornadus
|
|upkeep
|
|t:|1750824628
|switch|p1b: grendelion|Zamazenta-Crowned, L50|100/100
|switch|p2a: Iron Leaves|Iron Leaves, L50|100/100
|-ability|p1b: grendelion|Dauntless Shield|boost
|-boost|p1b: grendelion|def|1
|turn|3
|
|t:|1750824651
|move|p2a: Iron Leaves|Scary Face|p1b: grendelion
|-unboost|p1b: grendelion|spe|2
|move|p2b: Zacian|Sacred Sword|p1b: grendelion
|-supereffective|p1b: grendelion
|-damage|p1b: grendelion|47/100
|move|p1a: duranta|Bleakwind Storm|p2b: Zacian|[spread] p2a,p2b
|-supereffective|p2a: Iron Leaves
|-resisted|p2b: Zacian
|-damage|p2a: Iron Leaves|45/100
|-damage|p2b: Zacian|11/100
|-unboost|p2b: Zacian|spe|1
|move|p1b: grendelion|Body Press|p2b: Zacian
|-damage|p2b: Zacian|0 fnt
|faint|p2b: Zacian
|
|upkeep
|
|t:|1750824667
|switch|p2b: Kyogre|Kyogre, L50, shiny|100/100
|-weather|RainDance|[from] ability: Drizzle|[of] p2b: Kyogre
|turn|4
|
|t:|1750824679
|move|p1b: grendelion|Wide Guard|p1b: grendelion
|-singleturn|p1b: grendelion|Wide Guard
|move|p2a: Iron Leaves|Psyblade|p1a: duranta
|-damage|p1a: duranta|30/100
|move|p2b: Kyogre|Hydro Pump|p1b: grendelion
|-damage|p1b: grendelion|0 fnt
|faint|p1b: grendelion
|move|p1a: duranta|Bleakwind Storm|p2b: Kyogre|[spread] p2a,p2b
|-supereffective|p2a: Iron Leaves
|-damage|p2a: Iron Leaves|0 fnt
|-damage|p2b: Kyogre|74/100
|faint|p2a: Iron Leaves
|-end|p2a: Iron Leaves|Quark Drive|[silent]
|
|-weather|RainDance|[upkeep]
|-sideend|p1: furrybuoy|move: Tailwind
|-sideend|p2: Awfulping|move: Tailwind
|upkeep
|
|t:|1750824692
|switch|p1b: brittlebush|Urshifu, L50, M|100/100
|turn|5
|l|☆Awfulping
|inactive|Awfulping disconnected and has a minute to reconnect!
|player|p2|
|
|t:|1750824711
|-terastallize|p2b: Kyogre|Water
|move|p1b: brittlebush|Sucker Punch|p2b: Kyogre
|-damage|p2b: Kyogre|29/100
|move|p1a: duranta|Tailwind|p1a: duranta
|-sidestart|p1: furrybuoy|move: Tailwind
|move|p2b: Kyogre|Origin Pulse|p1a: duranta|[spread] p1a,p1b
|-damage|p1a: duranta|0 fnt
|-enditem|p1b: brittlebush|Focus Sash
|-damage|p1b: brittlebush|1/100
|faint|p1a: duranta
|
|-weather|RainDance|[upkeep]
|upkeep
|turn|6
|j|☆Awfulping
|inactive|Awfulping reconnected and has 50 seconds left.
|player|p2|Awfulping|1|
|
|t:|1750824725
|move|p1b: brittlebush|Sucker Punch|p2b: Kyogre
|-damage|p2b: Kyogre|0 fnt
|faint|p2b: Kyogre
|
|win|furrybuoy
|raw|furrybuoy's rating: 1408 &rarr; <strong>1430</strong><br />(+22 for winning)
|raw|Awfulping's rating: 1435 &rarr; <strong>1413</strong><br />(-22 for losing)
|l|☆Awfulping
|player|p2|
