|j|☆Cellpab1
|j|☆sleemo2
|t:|1750775325
|gametype|doubles
|player|p1|Cellpab1|265|1590
|player|p2|sleemo2|acetrainerf|1672
|teamsize|p1|6
|teamsize|p2|6
|gen|9
|tier|[Gen 9] VGC 2025 Reg I
|rated|
|rule|Species Clause: Limit one of each Pokémon
|rule|Item Clause: Limit 1 of each item
|clearpoke
|poke|p1|Miraidon, L50|
|poke|p1|Zamazenta-*, L50|
|poke|p1|Grimmsnarl, L50, M|
|poke|p1|Chien-Pao, L50|
|poke|p1|Volcarona, L50, M|
|poke|p1|Iron Hands, L50|
|poke|p2|Zacian-*, L50|
|poke|p2|Kyogre, L50|
|poke|p2|Rillaboom, L50, F|
|poke|p2|Farigiraf, L50, M|
|poke|p2|Tornadus, L50, M|
|poke|p2|Urshifu-*, L50, M|
|teampreview|4
|
|t:|1750775375
|start
|switch|p1a: Zamazenta|Zamazenta-Crowned, L50|100/100
|switch|p1b: Grimmsnarl|Grimmsnarl, L50, M|100/100
|switch|p2a: Zacian|Zacian-Crowned, L50|100/100
|switch|p2b: Urshifu|Urshifu-Rapid-Strike, L50, M|100/100
|-ability|p2a: Zacian|Intrepid Sword|boost
|-boost|p2a: Zacian|atk|1
|-ability|p1a: Zamazenta|Dauntless Shield|boost
|-boost|p1a: Zamazenta|def|1
|turn|1
|inactive|Battle timer is ON: inactive players will automatically lose when time's up. (requested by Cellpab1)
|inactive|Cellpab1 has 60 seconds left.
|inactive|sleemo2 has 60 seconds left.
|
|t:|1750775417
|move|p1b: Grimmsnarl|Thunder Wave|p2a: Zacian
|-status|p2a: Zacian|par
|move|p2b: Urshifu|Coaching|p2a: Zacian
|-boost|p2a: Zacian|atk|1
|-boost|p2a: Zacian|def|1
|move|p1a: Zamazenta|Body Press|p2b: Urshifu
|-damage|p2b: Urshifu|20/100
|cant|p2a: Zacian|par
|
|upkeep
|turn|2
|inactive|Cellpab1 has 30 seconds left.
|inactive|Cellpab1 has 20 seconds left.
|inactive|Cellpab1 has 15 seconds left.
|
|t:|1750775459
|switch|p2b: Farigiraf|Farigiraf, L50, M|100/100
|move|p2a: Zacian|Protect|p2a: Zacian
|-singleturn|p2a: Zacian|Protect
|move|p1b: Grimmsnarl|Light Screen|p1b: Grimmsnarl
|-sidestart|p1: Cellpab1|move: Light Screen
|move|p1a: Zamazenta|Body Press|p2a: Zacian
|-activate|p2a: Zacian|move: Protect
|
|upkeep
|turn|3
|inactive|Cellpab1 has 30 seconds left.
|inactive|sleemo2 has 30 seconds left.
|j| phiira
|inactive|sleemo2 has 20 seconds left.
|inactive|sleemo2 has 15 seconds left.
|
|t:|1750775499
|move|p1b: Grimmsnarl|Reflect|p1b: Grimmsnarl
|-sidestart|p1: Cellpab1|Reflect
|move|p1a: Zamazenta|Body Press|p2b: Farigiraf
|-damage|p2b: Farigiraf|44/100
|-damage|p1a: Zamazenta|84/100|[from] item: Rocky Helmet|[of] p2b: Farigiraf
|cant|p2a: Zacian|par
|move|p2b: Farigiraf|Trick Room|p2b: Farigiraf
|-fieldstart|move: Trick Room|[of] p2b: Farigiraf
|
|upkeep
|turn|4
|inactive|Cellpab1 has 30 seconds left.
|inactive|Cellpab1 has 20 seconds left.
|inactive|Cellpab1 has 15 seconds left.
|inactive|Cellpab1 has 10 seconds left.
|inactive|Cellpab1 has 5 seconds left.
|
|t:|1750775552
|move|p2b: Farigiraf|Protect|p2b: Farigiraf
|-singleturn|p2b: Farigiraf|Protect
|move|p1b: Grimmsnarl|Spirit Break|p2a: Zacian
|-resisted|p2a: Zacian
|-damage|p2a: Zacian|92/100 par
|-unboost|p2a: Zacian|spa|1
|cant|p2a: Zacian|par
|move|p1a: Zamazenta|Body Press|p2b: Farigiraf
|-activate|p2b: Farigiraf|move: Protect
|
|upkeep
|turn|5
|
|t:|1750775574
|move|p2b: Farigiraf|Protect||[still]
|-fail|p2b: Farigiraf
|move|p1b: Grimmsnarl|Spirit Break|p2a: Zacian
|-resisted|p2a: Zacian
|-damage|p2a: Zacian|84/100 par
|-unboost|p2a: Zacian|spa|1
|move|p2a: Zacian|Behemoth Blade|p1b: Grimmsnarl
|-supereffective|p1b: Grimmsnarl
|-damage|p1b: Grimmsnarl|0 fnt
|faint|p1b: Grimmsnarl
|move|p1a: Zamazenta|Body Press|p2b: Farigiraf
|-damage|p2b: Farigiraf|0 fnt
|-damage|p1a: Zamazenta|68/100|[from] item: Rocky Helmet|[of] p2b: Farigiraf
|faint|p2b: Farigiraf
|
|upkeep
|c|☆sleemo2|please zacian
|c|☆sleemo2|i need this
|c|☆sleemo2|please attack
|inactive|Cellpab1 has 30 seconds left.
|
|t:|1750775600
|switch|p2b: Kyogre|Kyogre, L50|100/100
|switch|p1b: Iron Hands|Iron Hands, L50|100/100
|-weather|RainDance|[from] ability: Drizzle|[of] p2b: Kyogre
|turn|6
|inactive|Cellpab1 has 30 seconds left.
|inactive|Cellpab1 has 20 seconds left.
|inactive|Cellpab1 has 15 seconds left.
|inactive|Cellpab1 has 10 seconds left.
|inactive|Cellpab1 has 5 seconds left.
|
|t:|1750775654
|-terastallize|p1b: Iron Hands|Water
|move|p2b: Kyogre|Protect|p2b: Kyogre
|-singleturn|p2b: Kyogre|Protect
|move|p1b: Iron Hands|Low Kick|p2b: Kyogre
|-activate|p2b: Kyogre|move: Protect
|move|p2a: Zacian|Play Rough|p1b: Iron Hands
|-damage|p1b: Iron Hands|54/100
|move|p1a: Zamazenta|Body Press|p2b: Kyogre
|-activate|p2b: Kyogre|move: Protect
|
|-weather|RainDance|[upkeep]
|upkeep
|turn|7
|inactive|Cellpab1 has 30 seconds left.
|inactive|sleemo2 has 30 seconds left.
|inactive|sleemo2 has 20 seconds left.
|inactive|sleemo2 has 15 seconds left.
|
|t:|1750775695
|move|p1a: Zamazenta|Protect|p1a: Zamazenta
|-singleturn|p1a: Zamazenta|Protect
|move|p1b: Iron Hands|Drain Punch|p2b: Kyogre
|-damage|p2b: Kyogre|52/100
|-heal|p1b: Iron Hands|72/100|[from] drain|[of] p2b: Kyogre
|move|p2a: Zacian|Play Rough|p1a: Zamazenta
|-activate|p1a: Zamazenta|move: Protect
|move|p2b: Kyogre|Origin Pulse|p1a: Zamazenta|[spread] p1b
|-activate|p1a: Zamazenta|move: Protect
|-resisted|p1b: Iron Hands
|-damage|p1b: Iron Hands|56/100
|
|-weather|RainDance|[upkeep]
|-fieldend|move: Trick Room
|upkeep
|turn|8
|inactive|Cellpab1 has 30 seconds left.
|inactive|Cellpab1 has 20 seconds left.
|inactive|Cellpab1 has 15 seconds left.
|inactive|Cellpab1 has 10 seconds left.
|inactive|Cellpab1 has 5 seconds left.
|
|t:|1750775746
|move|p2b: Kyogre|Protect|p2b: Kyogre
|-singleturn|p2b: Kyogre|Protect
|move|p2a: Zacian|Protect|p2a: Zacian
|-singleturn|p2a: Zacian|Protect
|move|p1a: Zamazenta|Body Press|p2b: Kyogre
|-activate|p2b: Kyogre|move: Protect
|move|p1b: Iron Hands|Drain Punch|p2a: Zacian
|-activate|p2a: Zacian|move: Protect
|
|-weather|RainDance|[upkeep]
|upkeep
|turn|9
|
|t:|1750775765
|move|p2b: Kyogre|Origin Pulse|p1a: Zamazenta|[spread] p1a,p1b
|-resisted|p1b: Iron Hands
|-damage|p1a: Zamazenta|32/100
|-damage|p1b: Iron Hands|41/100
|move|p1a: Zamazenta|Body Press|p2b: Kyogre
|-damage|p2b: Kyogre|0 fnt
|faint|p2b: Kyogre
|move|p2a: Zacian|Play Rough|p1b: Iron Hands|[miss]
|-miss|p2a: Zacian|p1b: Iron Hands
|move|p1b: Iron Hands|Drain Punch|p2a: Zacian
|-damage|p2a: Zacian|59/100 par
|-heal|p1b: Iron Hands|50/100|[from] drain|[of] p2a: Zacian
|
|-weather|RainDance|[upkeep]
|-sideend|p1: Cellpab1|move: Light Screen
|upkeep
|
|t:|1750775774
|switch|p2b: Urshifu|Urshifu-Rapid-Strike, L50, M|20/100
|turn|10
|inactive|Cellpab1 has 30 seconds left.
|c|☆sleemo2|zacian might have dropped the worst performace ever
|inactive|Cellpab1 has 20 seconds left.
|inactive|Cellpab1 has 15 seconds left.
|inactive|Cellpab1 has 10 seconds left.
|inactive|Cellpab1 has 5 seconds left.
|
|t:|1750775827
|-terastallize|p2a: Zacian|Stellar
|move|p2b: Urshifu|Surging Strikes|p1a: Zamazenta
|-crit|p1a: Zamazenta
|-damage|p1a: Zamazenta|17/100
|-crit|p1a: Zamazenta
|-damage|p1a: Zamazenta|0 fnt
|faint|p1a: Zamazenta
|-hitcount|p1: Zamazenta|2
|move|p2a: Zacian|Play Rough|p1b: Iron Hands
|-crit|p1b: Iron Hands
|-damage|p1b: Iron Hands|0 fnt
|faint|p1b: Iron Hands
|-end|p1b: Iron Hands|Quark Drive|[silent]
|
|-weather|none
|-sideend|p1: Cellpab1|Reflect
|upkeep
|c|☆sleemo2|he has had +2 attack all gaem and got one kill and landed 2 attacks
|
|t:|1750775838
|switch|p1b: Miraidon|Miraidon, L50|100/100
|-fieldstart|move: Electric Terrain|[from] ability: Hadron Engine|[of] p1b: Miraidon
|turn|11
|
|t:|1750775843
|move|p2a: Zacian|Protect|p2a: Zacian
|-singleturn|p2a: Zacian|Protect
|move|p2b: Urshifu|Surging Strikes|p1b: Miraidon
|-resisted|p1b: Miraidon
|-crit|p1b: Miraidon
|-damage|p1b: Miraidon|89/100
|-resisted|p1b: Miraidon
|-crit|p1b: Miraidon
|-damage|p1b: Miraidon|79/100
|-resisted|p1b: Miraidon
|-crit|p1b: Miraidon
|-damage|p1b: Miraidon|69/100
|-hitcount|p1b: Miraidon|3
|move|p1b: Miraidon|Electro Drift|p2a: Zacian
|-activate|p2a: Zacian|move: Protect
|
|upkeep
|turn|12
|
|t:|1750775856
|cant|p2a: Zacian|par
|move|p2b: Urshifu|Surging Strikes|p1b: Miraidon
|-resisted|p1b: Miraidon
|-crit|p1b: Miraidon
|-damage|p1b: Miraidon|58/100
|-resisted|p1b: Miraidon
|-crit|p1b: Miraidon
|-damage|p1b: Miraidon|49/100
|-resisted|p1b: Miraidon
|-crit|p1b: Miraidon
|-damage|p1b: Miraidon|39/100
|-hitcount|p1b: Miraidon|3
|move|p1b: Miraidon|Electro Drift|p2a: Zacian
|-damage|p2a: Zacian|0 fnt
|faint|p2a: Zacian
|
|upkeep
|turn|13
|
|t:|1750775861
|move|p2b: Urshifu|Surging Strikes|p1b: Miraidon
|-resisted|p1b: Miraidon
|-crit|p1b: Miraidon
|-damage|p1b: Miraidon|29/100
|-resisted|p1b: Miraidon
|-crit|p1b: Miraidon
|-damage|p1b: Miraidon|19/100
|-resisted|p1b: Miraidon
|-crit|p1b: Miraidon
|-damage|p1b: Miraidon|9/100
|-hitcount|p1b: Miraidon|3
|move|p1b: Miraidon|Electro Drift|p2b: Urshifu
|-supereffective|p2b: Urshifu
|-damage|p2b: Urshifu|0 fnt
|faint|p2b: Urshifu
|
|win|Cellpab1
|raw|Cellpab1's rating: 1590 &rarr; <strong>1615</strong><br />(+25 for winning)
|raw|sleemo2's rating: 1672 &rarr; <strong>1647</strong><br />(-25 for losing)
|l|☆Cellpab1
|player|p1|
|l|☆sleemo2
|player|p2|
|l| phiira
