|j|☆Professor_J93
|j|☆sturbyy
|t:|1750798288
|gametype|doubles
|player|p1|Professor_J93|265|1436
|player|p2|sturbyy|265|1493
|teamsize|p1|6
|teamsize|p2|6
|gen|9
|tier|[Gen 9] VGC 2025 Reg I
|rated|
|rule|Species Clause: Limit one of each Pokémon
|rule|Item Clause: Limit 1 of each item
|clearpoke
|poke|p1|Zacian-*, L50|
|poke|p1|Palkia-Origin, L50|
|poke|p1|Chandelure, L50, F|
|poke|p1|Landorus-Therian, L50, M|
|poke|p1|Grimmsnarl, L50, M|
|poke|p1|Rillaboom, L50, F|
|poke|p2|Miraidon, L50|
|poke|p2|Calyrex-Ice, L50|
|poke|p2|Incineroar, L50, M|
|poke|p2|Landorus, L50, M|
|poke|p2|Urshifu-*, L50, F|
|poke|p2|Farigiraf, L50, M|
|teampreview|4
|inactive|Battle timer is ON: inactive players will automatically lose when time's up. (requested by Professor_J93)
|
|t:|1750798314
|start
|switch|p1a: Rillaboom|Rillaboom, L50, F|100/100
|switch|p1b: Palkia|Palkia-Origin, L50|100/100
|switch|p2a: Calyrex|Calyrex-Ice, L50|100/100
|switch|p2b: Urshifu|Urshifu-Rapid-Strike, L50, F|100/100
|-ability|p2a: Calyrex|As One
|-ability|p2a: Calyrex|Unnerve
|-ability|p1b: Palkia|Pressure
|-fieldstart|move: Grassy Terrain|[from] ability: Grassy Surge|[of] p1a: Rillaboom
|turn|1
|
|t:|1750798327
|switch|p2b: Incineroar|Incineroar, L50, M|100/100
|-ability|p2b: Incineroar|Intimidate|boost
|-unboost|p1a: Rillaboom|atk|1
|-unboost|p1b: Palkia|atk|1
|move|p1b: Palkia|Spacial Rend|p2a: Calyrex
|-damage|p2a: Calyrex|62/100
|move|p1a: Rillaboom|U-turn|p2a: Calyrex
|-supereffective|p2a: Calyrex
|-damage|p2a: Calyrex|46/100
|
|t:|1750798335
|switch|p1a: Chandelure|Chandelure, L50, F|100/100|[from] U-turn
|move|p2a: Calyrex|Leech Seed|p1b: Palkia
|-start|p1b: Palkia|move: Leech Seed
|
|-heal|p2a: Calyrex|52/100|[from] Grassy Terrain
|-heal|p2a: Calyrex|58/100|[from] item: Leftovers
|-damage|p1b: Palkia|89/100|[from] Leech Seed|[of] p2a: Calyrex
|-heal|p2a: Calyrex|67/100|[silent]
|upkeep
|turn|2
|
|t:|1750798348
|move|p2a: Calyrex|Protect|p2a: Calyrex
|-singleturn|p2a: Calyrex|Protect
|move|p1b: Palkia|Hydro Pump|p2b: Incineroar
|-supereffective|p2b: Incineroar
|-damage|p2b: Incineroar|2/100
|move|p1a: Chandelure|Shadow Ball|p2a: Calyrex
|-activate|p2a: Calyrex|move: Protect
|move|p2b: Incineroar|U-turn|p1a: Chandelure
|-resisted|p1a: Chandelure
|-damage|p1a: Chandelure|94/100
|
|t:|1750798362
|switch|p2b: Urshifu|Urshifu-Rapid-Strike, L50, F|100/100|[from] U-turn
|
|-heal|p1b: Palkia|95/100|[from] Grassy Terrain
|-heal|p1a: Chandelure|99/100|[from] Grassy Terrain
|-heal|p2a: Calyrex|73/100|[from] Grassy Terrain
|-heal|p2a: Calyrex|79/100|[from] item: Leftovers
|-damage|p1b: Palkia|83/100|[from] Leech Seed|[of] p2a: Calyrex
|-heal|p2a: Calyrex|88/100|[silent]
|upkeep
|turn|3
|
|t:|1750798373
|-terastallize|p1a: Chandelure|Grass
|move|p2b: Urshifu|Surging Strikes|p1a: Chandelure
|-resisted|p1a: Chandelure
|-crit|p1a: Chandelure
|-damage|p1a: Chandelure|85/100
|-resisted|p1a: Chandelure
|-crit|p1a: Chandelure
|-damage|p1a: Chandelure|73/100
|-resisted|p1a: Chandelure
|-crit|p1a: Chandelure
|-damage|p1a: Chandelure|60/100
|-hitcount|p1a: Chandelure|3
|move|p1b: Palkia|Spacial Rend|p2a: Calyrex
|-crit|p2a: Calyrex
|-damage|p2a: Calyrex|30/100
|move|p1a: Chandelure|Shadow Ball|p2a: Calyrex
|-supereffective|p2a: Calyrex
|-damage|p2a: Calyrex|0 fnt
|faint|p2a: Calyrex
|-damage|p1a: Chandelure|50/100|[from] item: Life Orb
|
|-heal|p1b: Palkia|89/100|[from] Grassy Terrain
|-heal|p1a: Chandelure|56/100|[from] Grassy Terrain
|upkeep
|
|t:|1750798380
|switch|p2a: Miraidon|Miraidon, L50|100/100
|-fieldstart|move: Electric Terrain|[from] ability: Hadron Engine|[of] p2a: Miraidon
|turn|4
|
|t:|1750798402
|switch|p1b: Rillaboom|Rillaboom, L50, F|100/100
|-fieldstart|move: Grassy Terrain|[from] ability: Grassy Surge|[of] p1b: Rillaboom
|-terastallize|p2a: Miraidon|Fairy
|move|p2b: Urshifu|Surging Strikes|p1b: Rillaboom
|-resisted|p1b: Rillaboom
|-crit|p1b: Rillaboom
|-damage|p1b: Rillaboom|90/100
|-resisted|p1b: Rillaboom
|-crit|p1b: Rillaboom
|-damage|p1b: Rillaboom|79/100
|-resisted|p1b: Rillaboom
|-crit|p1b: Rillaboom
|-damage|p1b: Rillaboom|67/100
|-hitcount|p1b: Rillaboom|3
|move|p2a: Miraidon|Dazzling Gleam|p1a: Chandelure|[spread] p1a,p1b
|-damage|p1a: Chandelure|4/100
|-damage|p1b: Rillaboom|34/100
|move|p1a: Chandelure|Shadow Ball|p2b: Urshifu
|-damage|p2b: Urshifu|9/100
|-unboost|p2b: Urshifu|spd|1
|-damage|p1a: Chandelure|0 fnt|[from] item: Life Orb
|faint|p1a: Chandelure
|
|-heal|p2b: Urshifu|15/100|[from] Grassy Terrain
|-heal|p1b: Rillaboom|40/100|[from] Grassy Terrain
|upkeep
|inactive|Professor_J93 has 30 seconds left.
|
|t:|1750798429
|switch|p1a: Fuwawa|Zacian-Crowned, L50, shiny|100/100
|-ability|p1a: Fuwawa|Intrepid Sword|boost
|-boost|p1a: Fuwawa|atk|1
|turn|5
|
|t:|1750798443
|switch|p2b: Incineroar|Incineroar, L50, M|2/100
|-ability|p2b: Incineroar|Intimidate|boost
|-unboost|p1a: Fuwawa|atk|1
|-unboost|p1b: Rillaboom|atk|1
|move|p1b: Rillaboom|Grassy Glide|p2b: Incineroar
|-resisted|p2b: Incineroar
|-damage|p2b: Incineroar|0 fnt
|faint|p2b: Incineroar
|move|p1a: Fuwawa|Behemoth Blade|p2a: Miraidon
|-supereffective|p2a: Miraidon
|-damage|p2a: Miraidon|4/100
|move|p2a: Miraidon|Dazzling Gleam|p1a: Fuwawa|[spread] p1a,p1b
|-resisted|p1a: Fuwawa
|-damage|p1a: Fuwawa|82/100
|-damage|p1b: Rillaboom|6/100
|
|-heal|p1a: Fuwawa|88/100|[from] Grassy Terrain
|-heal|p2a: Miraidon|10/100|[from] Grassy Terrain
|-heal|p1b: Rillaboom|12/100|[from] Grassy Terrain
|upkeep
|-message|sturbyy forfeited.
|
|win|Professor_J93
|raw|Professor_J93's rating: 1436 &rarr; <strong>1459</strong><br />(+23 for winning)
|raw|sturbyy's rating: 1493 &rarr; <strong>1470</strong><br />(-23 for losing)
|l|☆sturbyy
|player|p2|
|l|☆Professor_J93
|player|p1|
