|j|☆jerryoftheriver
|j|☆1crash94
|t:|1750715009
|gametype|doubles
|player|p1|jerryoftheriver|lady|1307
|player|p2|1crash94|red|1270
|teamsize|p1|6
|teamsize|p2|6
|gen|9
|tier|[Gen 9] VGC 2025 Reg I
|rated|
|rule|Species Clause: Limit one of each Pokémon
|rule|Item Clause: Limit 1 of each item
|clearpoke
|poke|p1|Ho-Oh, L50|
|poke|p1|Groudon, L50|
|poke|p1|Hitmontop, L50, M|
|poke|p1|Leafeon, L50, F|
|poke|p1|Volcarona, L50, F|
|poke|p1|Grimmsnarl, L50, M|
|poke|p2|Kyogre, L50|
|poke|p2|Tinkaton, L50, F|
|poke|p2|Landorus, L50, M|
|poke|p2|Whimsicott, L50, M|
|poke|p2|Zacian-*, L50|
|poke|p2|Dragonite, L50, M|
|teampreview|4
|inactive|Battle timer is ON: inactive players will automatically lose when time's up. (requested by jerryoftheriver)
|
|t:|1750715036
|start
|switch|p1a: Volcarona|Volcarona, L50, F|100/100
|switch|p1b: Hitmontop|Hitmontop, L50, M|100/100
|switch|p2a: Presea|Tinkaton, L50, F|100/100
|switch|p2b: Repede|Zacian-Crowned, L50|100/100
|-ability|p2b: Repede|Intrepid Sword|boost
|-boost|p2b: Repede|atk|1
|-ability|p2a: Presea|Mold Breaker
|-ability|p1b: Hitmontop|Intimidate|boost
|-unboost|p2a: Presea|atk|1
|-unboost|p2b: Repede|atk|1
|turn|1
|
|t:|1750715056
|move|p2a: Presea|Fake Out|p1b: Hitmontop
|-damage|p1b: Hitmontop|94/100
|move|p1b: Hitmontop|Fake Out|p2b: Repede
|-resisted|p2b: Repede
|-damage|p2b: Repede|97/100
|cant|p2b: Repede|flinch
|move|p1a: Volcarona|Struggle Bug|p2a: Presea|[spread] p2a,p2b
|-resisted|p2a: Presea
|-resisted|p2b: Repede
|-damage|p2a: Presea|98/100
|-damage|p2b: Repede|93/100
|-unboost|p2a: Presea|spa|1
|-unboost|p2b: Repede|spa|1
|
|upkeep
|turn|2
|inactive|1crash94 has 30 seconds left.
|inactive|1crash94 has 20 seconds left.
|
|t:|1750715095
|switch|p1b: Leafeon|Leafeon, L50, F|100/100
|move|p1a: Volcarona|Rage Powder|p1a: Volcarona
|-singleturn|p1a: Volcarona|move: Rage Powder
|move|p2b: Repede|Substitute|p2b: Repede
|-start|p2b: Repede|Substitute
|-damage|p2b: Repede|68/100
|move|p2a: Presea|Play Rough|p1a: Volcarona
|-resisted|p1a: Volcarona
|-damage|p1a: Volcarona|93/100
|-damage|p2a: Presea|82/100|[from] item: Rocky Helmet|[of] p1a: Volcarona
|
|upkeep
|turn|3
|
|t:|1750715110
|switch|p2a: Geno|Dragonite, L50, M, shiny|100/100
|move|p2b: Repede|Protect|p2b: Repede
|-singleturn|p2b: Repede|Protect
|move|p1a: Volcarona|Rage Powder|p1a: Volcarona
|-singleturn|p1a: Volcarona|move: Rage Powder
|move|p1b: Leafeon|Roar|p2b: Repede
|drag|p2b: Presea|Tinkaton, L50, F|82/100
|-ability|p2b: Presea|Mold Breaker
|
|upkeep
|turn|4
|
|t:|1750715131
|switch|p2b: ThumpBack|Kyogre, L50|100/100
|-weather|RainDance|[from] ability: Drizzle|[of] p2b: ThumpBack
|move|p1a: Volcarona|Protect|p1a: Volcarona
|-singleturn|p1a: Volcarona|Protect
|move|p1b: Leafeon|Protect|p1b: Leafeon
|-singleturn|p1b: Leafeon|Protect
|move|p2a: Geno|Hurricane|p1a: Volcarona
|-activate|p1a: Volcarona|move: Protect
|
|-weather|RainDance|[upkeep]
|upkeep
|turn|5
|
|t:|1750715152
|switch|p2b: Presea|Tinkaton, L50, F|82/100
|-ability|p2b: Presea|Mold Breaker
|switch|p1a: Groudon|Groudon, L50|100/100
|-weather|SunnyDay|[from] ability: Drought|[of] p1a: Groudon
|move|p1b: Leafeon|Knock Off|p2b: Presea
|-resisted|p2b: Presea
|-damage|p2b: Presea|67/100
|-enditem|p2b: Presea|Assault Vest|[from] move: Knock Off|[of] p1b: Leafeon
|move|p2a: Geno|Hurricane|p1b: Leafeon
|-supereffective|p1b: Leafeon
|-crit|p1b: Leafeon
|-damage|p1b: Leafeon|0 fnt
|faint|p1b: Leafeon
|
|-weather|SunnyDay|[upkeep]
|upkeep
|
|t:|1750715168
|switch|p1b: Volcarona|Volcarona, L50, F|93/100
|turn|6
|
|t:|1750715184
|move|p2b: Presea|Fake Out|p1a: Groudon
|-damage|p1a: Groudon|95/100
|move|p2a: Geno|Hurricane|p1b: Volcarona|[miss]
|-miss|p2a: Geno|p1b: Volcarona
|move|p1b: Volcarona|Struggle Bug|p2b: Presea|[spread] p2a,p2b
|-resisted|p2a: Geno
|-resisted|p2b: Presea
|-damage|p2a: Geno|96/100
|-damage|p2b: Presea|63/100
|-unboost|p2a: Geno|spa|1
|-unboost|p2b: Presea|spa|1
|cant|p1a: Groudon|flinch
|
|-weather|SunnyDay|[upkeep]
|upkeep
|turn|7
|
|t:|1750715200
|switch|p2a: ThumpBack|Kyogre, L50|100/100
|-weather|RainDance|[from] ability: Drizzle|[of] p2a: ThumpBack
|move|p1b: Volcarona|Protect|p1b: Volcarona
|-singleturn|p1b: Volcarona|Protect
|move|p2b: Presea|Gigaton Hammer|p1a: Groudon
|-damage|p1a: Groudon|62/100
|move|p1a: Groudon|Precipice Blades|p2a: ThumpBack|[spread] p2a
|-miss|p1a: Groudon|p2b: Presea
|-damage|p2a: ThumpBack|47/100
|
|-weather|RainDance|[upkeep]
|upkeep
|turn|8
|
|t:|1750715223
|-terastallize|p2a: ThumpBack|Grass
|-terastallize|p1b: Volcarona|Grass
|move|p1a: Groudon|Protect|p1a: Groudon
|-singleturn|p1a: Groudon|Protect
|move|p2b: Presea|Feint|p1a: Groudon
|-activate|p1a: Groudon|move: Feint
|-damage|p1a: Groudon|58/100
|move|p2a: ThumpBack|Origin Pulse|p1a: Groudon|[spread] p1a,p1b
|-supereffective|p1a: Groudon
|-resisted|p1b: Volcarona
|-damage|p1a: Groudon|0 fnt
|-damage|p1b: Volcarona|53/100
|faint|p1a: Groudon
|move|p1b: Volcarona|Struggle Bug|p2b: Presea|[spread] p2a,p2b
|-supereffective|p2a: ThumpBack
|-resisted|p2b: Presea
|-damage|p2a: ThumpBack|23/100
|-damage|p2b: Presea|59/100
|-unboost|p2a: ThumpBack|spa|1
|-unboost|p2b: Presea|spa|1
|
|-weather|RainDance|[upkeep]
|upkeep
|
|t:|1750715242
|switch|p1a: Hitmontop|Hitmontop, L50, M|94/100
|-ability|p1a: Hitmontop|Intimidate|boost
|-unboost|p2a: ThumpBack|atk|1
|-unboost|p2b: Presea|atk|1
|turn|9
|
|t:|1750715252
|switch|p2a: Repede|Zacian-Crowned, L50|68/100
|move|p1a: Hitmontop|Fake Out|p2b: Presea
|-resisted|p2b: Presea
|-damage|p2b: Presea|55/100
|cant|p2b: Presea|flinch
|move|p1b: Volcarona|Giga Drain|p2a: Repede
|-resisted|p2a: Repede
|-damage|p2a: Repede|54/100
|-heal|p1b: Volcarona|59/100|[from] drain|[of] p2a: Repede
|
|-weather|RainDance|[upkeep]
|upkeep
|turn|10
|
|t:|1750715271
|move|p1b: Volcarona|Protect|p1b: Volcarona
|-singleturn|p1b: Volcarona|Protect
|move|p2b: Presea|Feint|p1a: Hitmontop
|-damage|p1a: Hitmontop|90/100
|move|p2a: Repede|Play Rough|p1a: Hitmontop
|-supereffective|p1a: Hitmontop
|-damage|p1a: Hitmontop|0 fnt
|faint|p1a: Hitmontop
|
|-weather|RainDance|[upkeep]
|upkeep
|turn|11
|
|t:|1750715285
|move|p2a: Repede|Behemoth Blade|p1b: Volcarona
|-damage|p1b: Volcarona|8/100
|-damage|p2a: Repede|38/100|[from] item: Rocky Helmet|[of] p1b: Volcarona
|move|p2b: Presea|Gigaton Hammer|p1b: Volcarona
|-damage|p1b: Volcarona|0 fnt
|faint|p1b: Volcarona
|
|win|1crash94
|raw|jerryoftheriver's rating: 1307 &rarr; <strong>1285</strong><br />(-22 for losing)
|raw|1crash94's rating: 1270 &rarr; <strong>1298</strong><br />(+28 for winning)
|l|☆jerryoftheriver
|player|p1|
|c|☆1crash94|gg
