|j|☆Test-on-calls
|j|☆Gigugiguleh
|t:|1750868221
|gametype|doubles
|player|p1|Test-on-calls|266|1473
|player|p2|Gigugiguleh|bugcatcher-gen4dp|1489
|teamsize|p1|6
|teamsize|p2|6
|gen|9
|tier|[Gen 9] VGC 2025 Reg I
|rated|
|rule|Species Clause: Limit one of each Pokémon
|rule|Item Clause: Limit 1 of each item
|clearpoke
|poke|p1|Grimmsnarl, L50, M|
|poke|p1|Giratina-Origin, L50|
|poke|p1|Zamazenta-*, L50|
|poke|p1|Chien-Pao, L50|
|poke|p1|Kingambit, L50, M|
|poke|p1|Iron Valiant, L50|
|poke|p2|Bastiodon, L50, F|
|poke|p2|Miraidon, L50|
|poke|p2|Calyrex-Shadow, L50|
|poke|p2|Urshifu-*, L50, F|
|poke|p2|Incineroar, L50, F|
|poke|p2|Whimsicott, L50, M|
|teampreview|4
|inactive|Battle timer is ON: inactive players will automatically lose when time's up. (requested by Gigugiguleh)
|inactive|Test-on-calls has 60 seconds left.
|
|t:|1750868256
|start
|switch|p1a: Grimmsnarl|Grimmsnarl, L50, M, shiny|100/100
|switch|p1b: Chien-Pao|Chien-Pao, L50|100/100
|switch|p2a: Don Buttons|Miraidon, L50|100/100
|switch|p2b: Don HateCrime|Whimsicott, L50, M, shiny|100/100
|-ability|p1b: Chien-Pao|Sword of Ruin
|-fieldstart|move: Electric Terrain|[from] ability: Hadron Engine|[of] p2a: Don Buttons
|turn|1
|
|t:|1750868276
|-terastallize|p2a: Don Buttons|Fairy
|move|p1a: Grimmsnarl|Light Screen|p1a: Grimmsnarl
|-sidestart|p1: Test-on-calls|move: Light Screen
|move|p1b: Chien-Pao|Icicle Crash|p2b: Don HateCrime
|-supereffective|p2b: Don HateCrime
|-damage|p2b: Don HateCrime|0 fnt
|faint|p2b: Don HateCrime
|move|p2a: Don Buttons|Volt Switch|p1a: Grimmsnarl
|-damage|p1a: Grimmsnarl|31/100
|
|t:|1750868285
|switch|p2a: Don Bastio|Bastiodon, L50, F, shiny|100/100|[from] Volt Switch
|-enditem|p2a: Don Bastio|Electric Seed
|-boost|p2a: Don Bastio|def|1|[from] item: Electric Seed
|
|upkeep
|
|t:|1750868290
|switch|p2b: Don Buttons|Miraidon, L50, tera:Fairy|100/100
|-activate|p2b: Don Buttons|ability: Hadron Engine
|turn|2
|
|t:|1750868309
|move|p1b: Chien-Pao|Protect|p1b: Chien-Pao
|-singleturn|p1b: Chien-Pao|Protect
|move|p1a: Grimmsnarl|Misty Terrain|p1a: Grimmsnarl
|-fieldstart|move: Misty Terrain
|move|p2b: Don Buttons|Volt Switch|p1a: Grimmsnarl
|-damage|p1a: Grimmsnarl|0 fnt
|faint|p1a: Grimmsnarl
|
|t:|1750868316
|switch|p2b: Don VGC|Incineroar, L50, F|100/100|[from] Volt Switch
|-ability|p2b: Don VGC|Intimidate|boost
|-unboost|p1b: Chien-Pao|atk|1
|move|p2a: Don Bastio|Body Press|p1b: Chien-Pao
|-activate|p1b: Chien-Pao|move: Protect
|
|upkeep
|inactive|Test-on-calls has 30 seconds left.
|
|t:|1750868344
|switch|p1a: Zamazenta|Zamazenta-Crowned, L50, shiny|100/100
|-ability|p1a: Zamazenta|Dauntless Shield|boost
|-boost|p1a: Zamazenta|def|1
|turn|3
|
|t:|1750868366
|-terastallize|p1b: Chien-Pao|Ghost
|move|p1b: Chien-Pao|Sacred Sword|p2a: Don Bastio
|-supereffective|p2a: Don Bastio
|-damage|p2a: Don Bastio|28/100
|move|p1a: Zamazenta|Body Press|p2b: Don VGC
|-supereffective|p2b: Don VGC
|-damage|p2b: Don VGC|0 fnt
|faint|p2b: Don VGC
|move|p2a: Don Bastio|Foul Play|p1b: Chien-Pao
|-supereffective|p1b: Chien-Pao
|-damage|p1b: Chien-Pao|42/100
|
|upkeep
|
|t:|1750868376
|switch|p2b: Don Buttons|Miraidon, L50, tera:Fairy|100/100
|-fieldstart|move: Electric Terrain|[from] ability: Hadron Engine|[of] p2b: Don Buttons
|turn|4
|
|t:|1750868395
|move|p1b: Chien-Pao|Icicle Crash|p2b: Don Buttons
|-crit|p2b: Don Buttons
|-damage|p2b: Don Buttons|27/100
|move|p1a: Zamazenta|Heavy Slam|p2b: Don Buttons
|-supereffective|p2b: Don Buttons
|-damage|p2b: Don Buttons|0 fnt
|faint|p2b: Don Buttons
|move|p2a: Don Bastio|Foul Play|p1b: Chien-Pao
|-supereffective|p1b: Chien-Pao
|-damage|p1b: Chien-Pao|0 fnt
|faint|p1b: Chien-Pao
|
|upkeep
|
|t:|1750868397
|switch|p1b: Giratina|Giratina-Origin, L50, shiny|100/100
|turn|5
|c|☆Gigugiguleh|ok
|
|t:|1750868406
|move|p1b: Giratina|Shadow Sneak|p2a: Don Bastio
|-damage|p2a: Don Bastio|16/100
|move|p1a: Zamazenta|Body Press|p2a: Don Bastio
|-supereffective|p2a: Don Bastio
|-crit|p2a: Don Bastio
|-damage|p2a: Don Bastio|0 fnt
|faint|p2a: Don Bastio
|
|win|Test-on-calls
|raw|Test-on-calls's rating: 1473 &rarr; <strong>1494</strong><br />(+21 for winning)
|raw|Gigugiguleh's rating: 1489 &rarr; <strong>1468</strong><br />(-21 for losing)
|l|☆Gigugiguleh
|player|p2|
|l|☆Test-on-calls
|player|p1|
