|j|☆Zordor
|j|☆drive stone
|t:|1750781542
|gametype|doubles
|player|p1|Zordor|pilot|1666
|player|p2|drive stone|cilan|1551
|teamsize|p1|6
|teamsize|p2|6
|gen|9
|tier|[Gen 9] VGC 2025 Reg I
|rated|
|rule|Species Clause: Limit one of each Pokémon
|rule|Item Clause: Limit 1 of each item
|clearpoke
|poke|p1|Entei, L50|
|poke|p1|Walking Wake, L50|
|poke|p1|Groudon, L50|
|poke|p1|Zacian-*, L50|
|poke|p1|Thundurus, L50, M|
|poke|p1|Primarina, L50, F|
|poke|p2|Calyrex-Ice, L50|
|poke|p2|Miraidon, L50|
|poke|p2|Grimmsnarl, L50, M|
|poke|p2|Urshifu-*, L50, F|
|poke|p2|Incineroar, L50, M|
|poke|p2|Landorus, L50, M|
|teampreview|4
|j| EroscychE
|l| EroscychE
|
|t:|1750781600
|start
|switch|p1a: Zacian|Zacian-Crowned, L50|100/100
|switch|p1b: Walking Wake|Walking Wake, L50|100/100
|switch|p2a: Grimmsnarl|Grimmsnarl, L50, M|100/100
|switch|p2b: Incineroar|Incineroar, L50, M|100/100
|-ability|p1a: Zacian|Intrepid Sword|boost
|-boost|p1a: Zacian|atk|1
|-ability|p2b: Incineroar|Intimidate|boost
|-unboost|p1a: Zacian|atk|1
|-unboost|p1b: Walking Wake|atk|1
|-enditem|p1b: Walking Wake|Booster Energy
|-activate|p1b: Walking Wake|ability: Protosynthesis|[fromitem]
|-start|p1b: Walking Wake|protosynthesisspe
|turn|1
|
|t:|1750781618
|move|p2b: Incineroar|Fake Out|p1b: Walking Wake
|-damage|p1b: Walking Wake|91/100
|move|p2a: Grimmsnarl|Reflect|p2a: Grimmsnarl
|-sidestart|p2: drive stone|Reflect
|cant|p1b: Walking Wake|flinch
|move|p1a: Zacian|Behemoth Blade|p2a: Grimmsnarl
|-supereffective|p2a: Grimmsnarl
|-damage|p2a: Grimmsnarl|27/100
|
|upkeep
|turn|2
|
|t:|1750781652
|switch|p1a: Groudon|Groudon, L50|100/100
|-weather|SunnyDay|[from] ability: Drought|[of] p1a: Groudon
|switch|p2b: Miraidon|Miraidon, L50|100/100
|-fieldstart|move: Electric Terrain|[from] ability: Hadron Engine|[of] p2b: Miraidon
|move|p2a: Grimmsnarl|Light Screen|p2a: Grimmsnarl
|-sidestart|p2: drive stone|move: Light Screen
|move|p1b: Walking Wake|Hydro Steam|p2b: Miraidon
|-resisted|p2b: Miraidon
|-damage|p2b: Miraidon|88/100
|
|-weather|SunnyDay|[upkeep]
|upkeep
|turn|3
|
|t:|1750781680
|-terastallize|p2b: Miraidon|Fairy
|move|p1b: Walking Wake|Protect|p1b: Walking Wake
|-singleturn|p1b: Walking Wake|Protect
|move|p1a: Groudon|Protect|p1a: Groudon
|-singleturn|p1a: Groudon|Protect
|move|p2a: Grimmsnarl|Thunder Wave|p1b: Walking Wake
|-activate|p1b: Walking Wake|move: Protect
|move|p2b: Miraidon|Dazzling Gleam|p1b: Walking Wake|[spread] 
|-activate|p1a: Groudon|move: Protect
|-activate|p1b: Walking Wake|move: Protect
|
|-weather|SunnyDay|[upkeep]
|upkeep
|turn|4
|
|t:|1750781724
|-end|p1b: Walking Wake|Protosynthesis|[silent]
|switch|p1b: Entei|Entei, L50|100/100
|switch|p2b: Incineroar|Incineroar, L50, M|100/100
|-ability|p2b: Incineroar|Intimidate|boost
|-fail|p1a: Groudon|unboost|[from] item: Clear Amulet|[of] p1a: Groudon
|-fail|p1b: Entei|unboost|Attack|[from] ability: Inner Focus|[of] p1b: Entei
|-terastallize|p1a: Groudon|Fire
|move|p1a: Groudon|High Horsepower|p2a: Grimmsnarl
|-damage|p2a: Grimmsnarl|0 fnt
|faint|p2a: Grimmsnarl
|
|-weather|SunnyDay|[upkeep]
|upkeep
|
|t:|1750781745
|switch|p2a: Miraidon|Miraidon, L50, tera:Fairy|88/100
|-activate|p2a: Miraidon|ability: Hadron Engine
|turn|5
|
|t:|1750781757
|move|p1a: Groudon|Protect|p1a: Groudon
|-singleturn|p1a: Groudon|Protect
|move|p1b: Entei|Protect|p1b: Entei
|-singleturn|p1b: Entei|Protect
|move|p2b: Incineroar|Fake Out|p1a: Groudon
|-activate|p1a: Groudon|move: Protect
|move|p2a: Miraidon|Volt Switch|p1b: Entei
|-activate|p1b: Entei|move: Protect
|
|-weather|SunnyDay|[upkeep]
|upkeep
|turn|6
|
|t:|1750781779
|move|p2a: Miraidon|Volt Switch|p1b: Entei
|-damage|p1b: Entei|22/100
|
|t:|1750781782
|switch|p2a: Calyrex|Calyrex-Ice, L50|100/100|[from] Volt Switch
|-ability|p2a: Calyrex|As One
|-ability|p2a: Calyrex|Unnerve
|move|p1a: Groudon|High Horsepower|p2b: Incineroar
|-supereffective|p2b: Incineroar
|-damage|p2b: Incineroar|34/100
|move|p2b: Incineroar|Knock Off|p1a: Groudon
|-damage|p1a: Groudon|74/100
|-enditem|p1a: Groudon|Clear Amulet|[from] move: Knock Off|[of] p2b: Incineroar
|move|p1b: Entei|Sacred Fire|p2a: Calyrex
|-supereffective|p2a: Calyrex
|-damage|p2a: Calyrex|46/100
|
|-weather|none
|-heal|p1b: Entei|28/100|[from] item: Leftovers
|-heal|p2a: Calyrex|52/100|[from] item: Leftovers
|-fieldend|move: Electric Terrain
|upkeep
|turn|7
|
|t:|1750781813
|switch|p2b: Miraidon|Miraidon, L50, tera:Fairy|88/100
|-fieldstart|move: Electric Terrain|[from] ability: Hadron Engine|[of] p2b: Miraidon
|move|p2a: Calyrex|Protect|p2a: Calyrex
|-singleturn|p2a: Calyrex|Protect
|move|p1a: Groudon|High Horsepower|p2b: Miraidon
|-damage|p2b: Miraidon|58/100
|move|p1b: Entei|Substitute|p1b: Entei
|-start|p1b: Entei|Substitute
|-damage|p1b: Entei|3/100
|
|-heal|p1b: Entei|10/100|[from] item: Leftovers
|-heal|p2a: Calyrex|58/100|[from] item: Leftovers
|upkeep
|turn|8
|
|t:|1750781843
|switch|p2a: Incineroar|Incineroar, L50, M|34/100
|-ability|p2a: Incineroar|Intimidate|boost
|-unboost|p1a: Groudon|atk|1
|-immune|p1b: Entei
|move|p1a: Groudon|Protect|p1a: Groudon
|-singleturn|p1a: Groudon|Protect
|move|p1b: Entei|Protect|p1b: Entei
|-singleturn|p1b: Entei|Protect
|move|p2b: Miraidon|Volt Switch|p1a: Groudon
|-activate|p1a: Groudon|move: Protect
|
|-heal|p1b: Entei|16/100|[from] item: Leftovers
|-sideend|p2: drive stone|Reflect
|upkeep
|turn|9
|
|t:|1750781866
|move|p2b: Miraidon|Volt Switch|p1a: Groudon
|-damage|p1a: Groudon|0 fnt
|faint|p1a: Groudon
|
|t:|1750781870
|switch|p2b: Calyrex|Calyrex-Ice, L50|58/100|[from] Volt Switch
|-ability|p2b: Calyrex|As One
|-ability|p2b: Calyrex|Unnerve
|move|p2a: Incineroar|Knock Off|p1b: Entei
|-end|p1b: Entei|Substitute
|move|p1b: Entei|Sacred Fire|p2b: Calyrex
|-supereffective|p2b: Calyrex
|-damage|p2b: Calyrex|3/100
|-status|p2b: Calyrex|brn
|
|-heal|p1b: Entei|22/100|[from] item: Leftovers
|-heal|p2b: Calyrex|9/100 brn|[from] item: Leftovers
|-damage|p2b: Calyrex|3/100 brn|[from] brn
|-sideend|p2: drive stone|move: Light Screen
|upkeep
|
|t:|1750781892
|switch|p1a: Walking Wake|Walking Wake, L50|91/100
|turn|10
|
|t:|1750781905
|switch|p2a: Miraidon|Miraidon, L50, tera:Fairy|58/100
|-activate|p2a: Miraidon|ability: Hadron Engine
|move|p1b: Entei|Extreme Speed|p2b: Calyrex
|-damage|p2b: Calyrex|0 fnt
|faint|p2b: Calyrex
|move|p1a: Walking Wake|Hydro Steam|p2a: Miraidon
|-damage|p2a: Miraidon|30/100
|
|-heal|p1b: Entei|28/100|[from] item: Leftovers
|upkeep
|
|t:|1750781918
|switch|p2b: Incineroar|Incineroar, L50, M|34/100
|-ability|p2b: Incineroar|Intimidate|boost
|-unboost|p1a: Walking Wake|atk|1
|-fail|p1b: Entei|unboost|Attack|[from] ability: Inner Focus|[of] p1b: Entei
|turn|11
|
|t:|1750781933
|move|p1a: Walking Wake|Protect|p1a: Walking Wake
|-singleturn|p1a: Walking Wake|Protect
|move|p1b: Entei|Protect|p1b: Entei
|-singleturn|p1b: Entei|Protect
|move|p2b: Incineroar|Fake Out|p1a: Walking Wake
|-activate|p1a: Walking Wake|move: Protect
|move|p2a: Miraidon|Dazzling Gleam|p1a: Walking Wake|[spread] 
|-activate|p1a: Walking Wake|move: Protect
|-activate|p1b: Entei|move: Protect
|
|-heal|p1b: Entei|35/100|[from] item: Leftovers
|-fieldend|move: Electric Terrain
|upkeep
|turn|12
|
|t:|1750781971
|-end|p1a: Walking Wake|Protosynthesis|[silent]
|switch|p1a: Zacian|Zacian-Crowned, L50|100/100
|move|p1b: Entei|Extreme Speed|p2a: Miraidon
|-damage|p2a: Miraidon|11/100
|move|p2a: Miraidon|Dazzling Gleam|p1b: Entei|[spread] p1a,p1b
|-resisted|p1a: Zacian
|-resisted|p1b: Entei
|-damage|p1a: Zacian|83/100
|-damage|p1b: Entei|14/100
|move|p2b: Incineroar|Knock Off|p1b: Entei
|-crit|p1b: Entei
|-damage|p1b: Entei|0 fnt
|-enditem|p1b: Entei|Leftovers|[from] move: Knock Off|[of] p2b: Incineroar
|faint|p1b: Entei
|
|upkeep
|
|t:|1750781973
|switch|p1b: Walking Wake|Walking Wake, L50|91/100
|turn|13
|
|t:|1750781990
|move|p1a: Zacian|Sacred Sword|p2b: Incineroar
|-supereffective|p2b: Incineroar
|-damage|p2b: Incineroar|0 fnt
|faint|p2b: Incineroar
|move|p1b: Walking Wake|Hydro Steam|p2a: Miraidon
|-damage|p2a: Miraidon|0 fnt
|faint|p2a: Miraidon
|
|win|Zordor
|raw|Zordor's rating: 1666 &rarr; <strong>1680</strong><br />(+14 for winning)
|raw|drive stone's rating: 1551 &rarr; <strong>1537</strong><br />(-14 for losing)
|l|☆drive stone
|player|p2|
|l|☆Zordor
|player|p1|
