|j|☆a_lazytiger
|j|☆drewskiloo
|t:|1750738712
|gametype|doubles
|player|p1|a_lazytiger|169|1285
|player|p2|drewskiloo|shadowtriad|1249
|teamsize|p1|6
|teamsize|p2|6
|gen|9
|tier|[Gen 9] VGC 2025 Reg I
|rated|
|rule|Species Clause: Limit one of each Pokémon
|rule|Item Clause: Limit 1 of each item
|clearpoke
|poke|p1|Miraidon, L50|
|poke|p1|Groudon, L50|
|poke|p1|Golem-Alola, L50, M|
|poke|p1|Raging Bolt, L50|
|poke|p1|Iron Bundle, L50|
|poke|p1|Swampert, L50, F|
|poke|p2|Calyrex-Shadow, L50|
|poke|p2|Koraidon, L50|
|poke|p2|Weezing-Galar, L50, F|
|poke|p2|Raging Bolt, L50|
|poke|p2|Ditto, L50|
|poke|p2|Jumpluff, L50, M|
|teampreview|4
|inactive|Battle timer is ON: inactive players will automatically lose when time's up. (requested by drewskiloo)
|inactive|drewskiloo has 60 seconds left.
|
|t:|1750738755
|start
|switch|p1a: Miraidon|Miraidon, L50|100/100
|switch|p1b: Golem|Golem-Alola, L50, M, shiny|100/100
|switch|p2a: Koraidon|Koraidon, L50|100/100
|switch|p2b: Jumpluff|Jumpluff, L50, M|100/100
|-weather|SunnyDay|[from] ability: Orichalcum Pulse|[of] p2a: Koraidon
|-activate|p2a: Koraidon|Orichalcum Pulse|[source]
|-fieldstart|move: Electric Terrain|[from] ability: Hadron Engine|[of] p1a: Miraidon
|turn|1
|inactive|a_lazytiger has 30 seconds left.
|
|t:|1750738787
|switch|p1a: Groudon|Groudon, L50|100/100
|-terastallize|p2a: Koraidon|Fire
|move|p2b: Jumpluff|Tailwind|p2b: Jumpluff
|-sidestart|p2: drewskiloo|move: Tailwind
|move|p2a: Koraidon|Collision Course|p1b: Golem
|-supereffective|p1b: Golem
|-damage|p1b: Golem|0 fnt
|faint|p1b: Golem
|
|-weather|SunnyDay|[upkeep]
|upkeep
|
|t:|1750738799
|switch|p1b: Raging Bolt|Raging Bolt, L50|100/100
|-activate|p1b: Raging Bolt|ability: Protosynthesis
|-start|p1b: Raging Bolt|protosynthesisspa
|turn|2
|
|t:|1750738821
|switch|p2b: Ditto|Ditto, L50, shiny|100/100
|-transform|p2b: Ditto|p1a: Groudon|[from] ability: Imposter
|move|p2a: Koraidon|Collision Course|p1b: Raging Bolt
|-damage|p1b: Raging Bolt|35/100
|move|p1a: Groudon|Heat Crash|p2b: Ditto
|-damage|p2b: Ditto|77/100
|move|p1b: Raging Bolt|Rising Voltage|p2a: Koraidon
|-hint|Rising Voltage's BP doubled on grounded target.
|-damage|p2a: Koraidon|0 fnt
|faint|p2a: Koraidon
|-damage|p1b: Raging Bolt|25/100|[from] item: Life Orb
|
|-weather|SunnyDay|[upkeep]
|upkeep
|
|t:|1750738830
|switch|p2a: Calyrex|Calyrex-Shadow, L50|100/100
|-ability|p2a: Calyrex|As One
|-ability|p2a: Calyrex|Unnerve
|turn|3
|
|t:|1750738847
|move|p2a: Calyrex|Protect|p2a: Calyrex
|-singleturn|p2a: Calyrex|Protect
|move|p1b: Raging Bolt|Protect|p1b: Raging Bolt
|-singleturn|p1b: Raging Bolt|Protect
|move|p2b: Ditto|Precipice Blades|p1b: Raging Bolt|[spread] p1a
|-activate|p1b: Raging Bolt|move: Protect
|-damage|p1a: Groudon|61/100
|move|p1a: Groudon|Precipice Blades|p2b: Ditto|[spread] p2b
|-activate|p2a: Calyrex|move: Protect
|-damage|p2b: Ditto|26/100
|
|-weather|SunnyDay|[upkeep]
|-heal|p1a: Groudon|67/100|[from] item: Leftovers
|upkeep
|turn|4
|inactive|a_lazytiger has 30 seconds left.
|
|t:|1750738872
|switch|p2a: Jumpluff|Jumpluff, L50, M|100/100
|move|p1a: Groudon|Protect|p1a: Groudon
|-singleturn|p1a: Groudon|Protect
|move|p1b: Raging Bolt|Thunderclap||[still]
|-fail|p1b: Raging Bolt
|move|p2b: Ditto|Precipice Blades|p1b: Raging Bolt|[spread] p1b
|-activate|p1a: Groudon|move: Protect
|-supereffective|p1b: Raging Bolt
|-damage|p1b: Raging Bolt|0 fnt
|faint|p1b: Raging Bolt
|-end|p1b: Raging Bolt|Protosynthesis|[silent]
|
|-weather|SunnyDay|[upkeep]
|-heal|p1a: Groudon|73/100|[from] item: Leftovers
|-sideend|p2: drewskiloo|move: Tailwind
|upkeep
|
|t:|1750738885
|switch|p1b: Miraidon|Miraidon, L50|100/100
|-activate|p1b: Miraidon|ability: Hadron Engine
|turn|5
|inactive|a_lazytiger has 30 seconds left.
|inactive|a_lazytiger has 20 seconds left.
|
|t:|1750738920
|-terastallize|p1b: Miraidon|Fairy
|move|p2a: Jumpluff|Tailwind|p2a: Jumpluff
|-sidestart|p2: drewskiloo|move: Tailwind
|move|p2b: Ditto|Precipice Blades|p1a: Groudon|[spread] p1a,p1b
|-damage|p1a: Groudon|33/100
|-damage|p1b: Miraidon|49/100
|move|p1b: Miraidon|Electro Drift|p2a: Jumpluff
|-damage|p2a: Jumpluff|0 fnt
|faint|p2a: Jumpluff
|move|p1a: Groudon|Precipice Blades|p2b: Ditto
|-damage|p2b: Ditto|0 fnt
|faint|p2b: Ditto
|
|-weather|none
|-heal|p1a: Groudon|39/100|[from] item: Leftovers
|-fieldend|move: Electric Terrain
|upkeep
|
|t:|1750738937
|switch|p2b: Calyrex|Calyrex-Shadow, L50|100/100
|-ability|p2b: Calyrex|As One
|-ability|p2b: Calyrex|Unnerve
|turn|6
|
|t:|1750738956
|move|p1a: Groudon|Helping Hand|p1b: Miraidon
|-singleturn|p1b: Miraidon|Helping Hand|[of] p1a: Groudon
|move|p2b: Calyrex|Astral Barrage|p1a: Groudon|[spread] p1a,p1b
|-damage|p1a: Groudon|0 fnt
|-damage|p1b: Miraidon|23/100
|faint|p1a: Groudon
|-ability|p2b: Calyrex|Grim Neigh|boost
|-boost|p2b: Calyrex|spa|1
|move|p1b: Miraidon|Electro Drift|p2b: Calyrex
|-damage|p2b: Calyrex|14/100
|
|upkeep
|turn|7
|
|t:|1750738971
|move|p2b: Calyrex|Astral Barrage|p1b: Miraidon
|-damage|p1b: Miraidon|0 fnt
|faint|p1b: Miraidon
|
|win|drewskiloo
|raw|a_lazytiger's rating: 1285 &rarr; <strong>1257</strong><br />(-28 for losing)
|raw|drewskiloo's rating: 1249 &rarr; <strong>1277</strong><br />(+28 for winning)
|l|☆a_lazytiger
|player|p1|
|l|☆drewskiloo
|player|p2|
