|j|☆bman311
|j|☆Tg511
|t:|1750825115
|gametype|doubles
|player|p1|bman311|elesa-masters|
|player|p2|Tg511|volkner|
|teamsize|p1|6
|teamsize|p2|6
|gen|9
|tier|[Gen 9] VGC 2025 Reg I
|rated|Tournament battle
|rule|Species Clause: Limit one of each Pokémon
|rule|Item Clause: Limit 1 of each item
|clearpoke
|poke|p1|Miraidon, L50|
|poke|p1|Lunala, L50|
|poke|p1|Incineroar, L50, F|
|poke|p1|Ursaluna, L50, F|
|poke|p1|Urshifu-*, L50, M|
|poke|p1|Whimsicott, L50, M|
|poke|p2|Calyrex-Ice, L50|
|poke|p2|Miraidon, L50|
|poke|p2|Urshifu-*, L50, F|
|poke|p2|Incineroar, L50, F|
|poke|p2|Farigiraf, L50, F|
|poke|p2|Iron Hands, L50|
|teampreview|4
|inactive|Battle timer is ON: inactive players will automatically lose when time's up. (requested by bman311)
|j| practicesemijrlman
|c|☆Tg511|wel well well
|c|☆bman311|glhf
|inactive|bman311 has 60 seconds left.
|inactive|Tg511 has 60 seconds left.
bman311 has agreed to open team sheets.
|c|☆Tg511|glhf
|
|t:|1750825161
|start
|switch|p1a: Lunala|Lunala, L50|100/100
|switch|p1b: Incineroar|Incineroar, L50, F|100/100
|switch|p2a: Link|Calyrex-Ice, L50|100/100
|switch|p2b: Incinewolf|Incineroar, L50, F, shiny|100/100
|-ability|p2a: Link|As One
|-ability|p2a: Link|Unnerve
|-ability|p2b: Incinewolf|Intimidate|boost
|-unboost|p1a: Lunala|atk|1
|-unboost|p1b: Incineroar|atk|1
|-ability|p1b: Incineroar|Intimidate|boost
|-fail|p2a: Link|unboost|[from] item: Clear Amulet|[of] p2a: Link
|-unboost|p2b: Incinewolf|atk|1
|turn|1
|
|t:|1750825176
|-terastallize|p1a: Lunala|Fairy
|-terastallize|p2a: Link|Fire
|move|p2b: Incinewolf|Fake Out|p1b: Incineroar
|-damage|p1b: Incineroar|94/100
|cant|p1b: Incineroar|flinch
|move|p1a: Lunala|Moongeist Beam|p2a: Link
|-damage|p2a: Link|62/100
|move|p2a: Link|High Horsepower|p1b: Incineroar
|-supereffective|p1b: Incineroar
|-damage|p1b: Incineroar|26/100
|
|upkeep
|turn|2
|
|t:|1750825188
|move|p2b: Incinewolf|Flare Blitz|p1a: Lunala
|-damage|p1a: Lunala|89/100
|-damage|p2b: Incinewolf|96/100|[from] Recoil
|move|p1a: Lunala|Moongeist Beam|p2a: Link
|-damage|p2a: Link|25/100
|move|p2a: Link|Glacial Lance|p1b: Incineroar|[spread] p1a,p1b
|-resisted|p1b: Incineroar
|-damage|p1a: Lunala|51/100
|-damage|p1b: Incineroar|4/100
|move|p1b: Incineroar|Knock Off|p2a: Link
|-damage|p2a: Link|8/100
|-enditem|p2a: Link|Clear Amulet|[from] move: Knock Off|[of] p1b: Incineroar
|
|upkeep
|turn|3
|c|☆bman311|damn thats a fast cir
|
|t:|1750825206
|move|p2a: Link|Protect|p2a: Link
|-singleturn|p2a: Link|Protect
|move|p2b: Incinewolf|Parting Shot|p1a: Lunala
|-unboost|p1a: Lunala|atk|1
|-unboost|p1a: Lunala|spa|1
|
|t:|1750825208
|switch|p2b: Power plant|Miraidon, L50|100/100|[from] Parting Shot
|-fieldstart|move: Electric Terrain|[from] ability: Hadron Engine|[of] p2b: Power plant
|-enditem|p1a: Lunala|Electric Seed
|-boost|p1a: Lunala|def|1|[from] item: Electric Seed
|move|p1a: Lunala|Moongeist Beam|p2a: Link
|-activate|p2a: Link|move: Protect
|move|p1b: Incineroar|U-turn|p2a: Link
|-activate|p2a: Link|move: Protect
|
|upkeep
|turn|4
|
|t:|1750825223
|switch|p1a: Ursaluna|Ursaluna, L50, F|100/100
|move|p2b: Power plant|Volt Switch|p1a: Ursaluna
|-immune|p1a: Ursaluna
|move|p2a: Link|Glacial Lance|p1a: Ursaluna|[spread] p1a,p1b
|-supereffective|p1a: Ursaluna
|-resisted|p1b: Incineroar
|-damage|p1a: Ursaluna|25/100
|-damage|p1b: Incineroar|0 fnt
|faint|p1b: Incineroar
|-ability|p2a: Link|Chilling Neigh|boost
|-boost|p2a: Link|atk|1
|
|-status|p1a: Ursaluna|brn|[from] item: Flame Orb
|upkeep
|
|t:|1750825228
|switch|p1b: Miraidon|Miraidon, L50|100/100
|-activate|p1b: Miraidon|ability: Hadron Engine
|turn|5
|
|t:|1750825236
|move|p2a: Link|Protect|p2a: Link
|-singleturn|p2a: Link|Protect
|move|p2b: Power plant|Volt Switch|p1b: Miraidon
|-resisted|p1b: Miraidon
|-damage|p1b: Miraidon|81/100
|
|t:|1750825242
|switch|p2b: Incinewolf|Incineroar, L50, F, shiny|96/100|[from] Volt Switch
|-ability|p2b: Incinewolf|Intimidate|boost
|-unboost|p1a: Ursaluna|atk|1
|-unboost|p1b: Miraidon|atk|1
|move|p1b: Miraidon|Dazzling Gleam|p2b: Incinewolf|[spread] p2b
|-activate|p2a: Link|move: Protect
|-damage|p2b: Incinewolf|47/100
|move|p1a: Ursaluna|Facade|p2b: Incinewolf
|-damage|p2b: Incinewolf|0 fnt
|faint|p2b: Incinewolf
|
|-damage|p1a: Ursaluna|19/100 brn|[from] brn
|upkeep
|
|t:|1750825250
|switch|p2b: No protect :(|Urshifu-Rapid-Strike, L50, F|100/100
|turn|6
|
|t:|1750825259
|move|p2b: No protect :(|Close Combat|p1b: Miraidon
|-damage|p1b: Miraidon|8/100
|-unboost|p2b: No protect :(|def|1
|-unboost|p2b: No protect :(|spd|1
|move|p1b: Miraidon|Dazzling Gleam|p2a: Link|[spread] p2a,p2b
|-resisted|p2a: Link
|-supereffective|p2b: No protect :(
|-damage|p2a: Link|0 fnt
|-damage|p2b: No protect :(|0 fnt
|faint|p2a: Link
|faint|p2b: No protect :(
|move|p1a: Ursaluna|Facade|p2: Link|[notarget]
|-fail|p1a: Ursaluna
|
|-damage|p1a: Ursaluna|14/100 brn|[from] brn
|upkeep
|
|t:|1750825263
|switch|p2b: Power plant|Miraidon, L50|100/100
|-activate|p2b: Power plant|ability: Hadron Engine
|turn|7
|
|t:|1750825277
|move|p2b: Power plant|Dazzling Gleam|p1a: Ursaluna|[spread] p1a,p1b
|-supereffective|p1b: Miraidon
|-damage|p1a: Ursaluna|0 fnt
|-damage|p1b: Miraidon|0 fnt
|faint|p1a: Ursaluna
|faint|p1b: Miraidon
|
|-fieldend|move: Electric Terrain
|upkeep
|
|t:|1750825280
|switch|p1b: Lunala|Lunala, L50, tera:Fairy|51/100
|turn|8
|c|☆bman311|gg
|
|t:|1750825291
|move|p1b: Lunala|Wide Guard|p1b: Lunala
|-singleturn|p1b: Lunala|Wide Guard
|move|p2b: Power plant|Dazzling Gleam|p1b: Lunala
|-activate|p1b: Lunala|move: Wide Guard
|
|upkeep
|turn|9
|c|☆bman311|please dont make me fully stall u
|
|t:|1750825299
|move|p1b: Lunala|Wide Guard|p1b: Lunala
|-singleturn|p1b: Lunala|Wide Guard
|move|p2b: Power plant|Dazzling Gleam|p1b: Lunala
|-activate|p1b: Lunala|move: Wide Guard
|
|upkeep
|turn|10
|
|t:|1750825313
|move|p1b: Lunala|Wide Guard|p1b: Lunala
|-singleturn|p1b: Lunala|Wide Guard
|move|p2b: Power plant|Dazzling Gleam|p1b: Lunala
|-activate|p1b: Lunala|move: Wide Guard
|
|upkeep
|turn|11
|
|t:|1750825319
|move|p1b: Lunala|Wide Guard|p1b: Lunala
|-singleturn|p1b: Lunala|Wide Guard
|move|p2b: Power plant|Dazzling Gleam|p1b: Lunala
|-activate|p1b: Lunala|move: Wide Guard
|
|upkeep
|turn|12
|
|t:|1750825322
|move|p1b: Lunala|Wide Guard|p1b: Lunala
|-singleturn|p1b: Lunala|Wide Guard
|move|p2b: Power plant|Dazzling Gleam|p1b: Lunala
|-activate|p1b: Lunala|move: Wide Guard
|
|upkeep
|turn|13
|
|t:|1750825327
|move|p1b: Lunala|Wide Guard|p1b: Lunala
|-singleturn|p1b: Lunala|Wide Guard
|move|p2b: Power plant|Dazzling Gleam|p1b: Lunala
|-activate|p1b: Lunala|move: Wide Guard
|
|upkeep
|turn|14
|
|t:|1750825337
|move|p1b: Lunala|Wide Guard|p1b: Lunala
|-singleturn|p1b: Lunala|Wide Guard
|move|p2b: Power plant|Dazzling Gleam|p1b: Lunala
|-activate|p1b: Lunala|move: Wide Guard
|
|upkeep
|turn|15
|
|t:|1750825356
|move|p1b: Lunala|Wide Guard|p1b: Lunala
|-singleturn|p1b: Lunala|Wide Guard
|move|p2b: Power plant|Dazzling Gleam|p1b: Lunala
|-activate|p1b: Lunala|move: Wide Guard
|
|upkeep
|turn|16
|
|t:|1750825362
|move|p1b: Lunala|Wide Guard|p1b: Lunala
|-singleturn|p1b: Lunala|Wide Guard
|move|p2b: Power plant|Dazzling Gleam|p1b: Lunala
|-activate|p1b: Lunala|move: Wide Guard
|
|upkeep
|turn|17
|
|t:|1750825365
|move|p1b: Lunala|Wide Guard|p1b: Lunala
|-singleturn|p1b: Lunala|Wide Guard
|move|p2b: Power plant|Dazzling Gleam|p1b: Lunala
|-activate|p1b: Lunala|move: Wide Guard
|
|upkeep
|turn|18
|
|t:|1750825368
|move|p1b: Lunala|Wide Guard|p1b: Lunala
|-singleturn|p1b: Lunala|Wide Guard
|move|p2b: Power plant|Dazzling Gleam|p1b: Lunala
|-activate|p1b: Lunala|move: Wide Guard
|
|upkeep
|turn|19
|
|t:|1750825371
|move|p1b: Lunala|Wide Guard|p1b: Lunala
|-singleturn|p1b: Lunala|Wide Guard
|move|p2b: Power plant|Dazzling Gleam|p1b: Lunala
|-activate|p1b: Lunala|move: Wide Guard
|
|upkeep
|turn|20
|
|t:|1750825373
|move|p1b: Lunala|Wide Guard|p1b: Lunala
|-singleturn|p1b: Lunala|Wide Guard
|move|p2b: Power plant|Dazzling Gleam|p1b: Lunala
|-activate|p1b: Lunala|move: Wide Guard
|
|upkeep
|turn|21
|
|t:|1750825375
|move|p1b: Lunala|Wide Guard|p1b: Lunala
|-singleturn|p1b: Lunala|Wide Guard
|move|p2b: Power plant|Dazzling Gleam|p1b: Lunala
|-activate|p1b: Lunala|move: Wide Guard
|
|upkeep
|turn|22
|
|t:|1750825377
|move|p1b: Lunala|Wide Guard|p1b: Lunala
|-singleturn|p1b: Lunala|Wide Guard
|move|p2b: Power plant|Dazzling Gleam|p1b: Lunala
|-activate|p1b: Lunala|move: Wide Guard
|
|upkeep
|turn|23
|
|t:|1750825381
|-activate|p2b: Power plant|move: Struggle
|move|p2b: Power plant|Struggle|p1b: Lunala
|-damage|p1b: Lunala|45/100
|-damage|p2b: Power plant|75/100|[from] recoil
|move|p1b: Lunala|Moonblast|p2b: Power plant
|-supereffective|p2b: Power plant
|-damage|p2b: Power plant|0 fnt
|faint|p2b: Power plant
|
|win|bman311
|n|☆bman311|bman311
|n|☆Tg511|tg511
|n| practicesemijrlman|practicesemijrlman
|l|☆Tg511
|player|p2|
|c|☆bman311|gg
