|j|☆JSK JSR
|j|‽Avengo2187
|t:|1750775144
|gametype|doubles
|player|p1|JSK JSR|brycen|1129
|player|p2|Avengo2187|medium|1182
|teamsize|p1|6
|teamsize|p2|6
|gen|9
|tier|[Gen 9] VGC 2025 Reg I
|rated|
|rule|Species Clause: Limit one of each Pokémon
|rule|Item Clause: Limit 1 of each item
|clearpoke
|poke|p1|Calyrex-Ice, L50|
|poke|p1|Zamazenta-*, L50|
|poke|p1|Farigiraf, L50, M|
|poke|p1|Ninetales-Alola, L50, M|
|poke|p1|Camerupt, L50, F|
|poke|p1|Urshifu-*, L50, M|
|poke|p2|Ho-Oh, L50|
|poke|p2|Koraidon, L50|
|poke|p2|Amoonguss, L50, F|
|poke|p2|Iron Treads, L50|
|poke|p2|Virizion, L50|
|poke|p2|Flutter Mane, L50|
|teampreview|4
|inactive|Battle timer is ON: inactive players will automatically lose when time's up. (requested by Avengo2187)
|
|t:|1750775174
|start
|switch|p1a: Calyrex|Calyrex-Ice, L50|100/100
|switch|p1b: Farigiraf|Farigiraf, L50, M, shiny|100/100
|switch|p2a: Ho-Oh|Ho-Oh, L50|100/100
|switch|p2b: Koraidon|Koraidon, L50|100/100
|-ability|p1a: Calyrex|As One
|-ability|p1a: Calyrex|Unnerve
|-weather|SunnyDay|[from] ability: Orichalcum Pulse|[of] p2b: Koraidon
|-activate|p2b: Koraidon|Orichalcum Pulse|[source]
|turn|1
|inactive|Avengo2187 has 30 seconds left.
|
|t:|1750775200
|-terastallize|p2b: Koraidon|Fire
|move|p1a: Calyrex|Protect|p1a: Calyrex
|-singleturn|p1a: Calyrex|Protect
|move|p2b: Koraidon|Flare Blitz|p1b: Farigiraf
|-damage|p1b: Farigiraf|0 fnt
|faint|p1b: Farigiraf
|-damage|p2b: Koraidon|61/100|[from] Recoil
|-damage|p2b: Koraidon|51/100|[from] item: Life Orb
|move|p2a: Ho-Oh|Flare Blitz|p1a: Calyrex
|-activate|p1a: Calyrex|move: Protect
|
|-weather|SunnyDay|[upkeep]
|upkeep
|
|t:|1750775219
|switch|p1b: Camerupt|Camerupt, L50, F, shiny|100/100
|turn|2
|inactive|Avengo2187 has 30 seconds left.
|inactive|Avengo2187 has 20 seconds left.
|
|t:|1750775256
|move|p1a: Calyrex|Protect|p1a: Calyrex
|-singleturn|p1a: Calyrex|Protect
|move|p2b: Koraidon|Close Combat|p1a: Calyrex
|-activate|p1a: Calyrex|move: Protect
|move|p2a: Ho-Oh|Tailwind|p2a: Ho-Oh
|-sidestart|p2: Avengo2187|move: Tailwind
|move|p1b: Camerupt|Earth Power|p2b: Koraidon
|-supereffective|p2b: Koraidon
|-damage|p2b: Koraidon|0 fnt
|faint|p2b: Koraidon
|
|-weather|SunnyDay|[upkeep]
|upkeep
|
|t:|1750775279
|switch|p2b: Flutter Mane|Flutter Mane, L50|100/100
|-activate|p2b: Flutter Mane|ability: Protosynthesis
|-start|p2b: Flutter Mane|protosynthesisspe
|turn|3
|
|t:|1750775298
|move|p2b: Flutter Mane|Shadow Ball|p1a: Calyrex
|-supereffective|p1a: Calyrex
|-damage|p1a: Calyrex|41/100
|move|p2a: Ho-Oh|Flare Blitz|p1a: Calyrex
|-supereffective|p1a: Calyrex
|-damage|p1a: Calyrex|0 fnt
|faint|p1a: Calyrex
|-damage|p2a: Ho-Oh|88/100|[from] Recoil
|move|p1b: Camerupt|Eruption|p2b: Flutter Mane|[spread] p2a,p2b
|-resisted|p2a: Ho-Oh
|-damage|p2a: Ho-Oh|65/100
|-damage|p2b: Flutter Mane|8/100
|
|-weather|SunnyDay|[upkeep]
|upkeep
|
|t:|1750775313
|switch|p1a: Zamazenta|Zamazenta-Crowned, L50|100/100
|-ability|p1a: Zamazenta|Dauntless Shield|boost
|-boost|p1a: Zamazenta|def|1
|turn|4
|
|t:|1750775322
|switch|p2a: Iron Treads|Iron Treads, L50, shiny|100/100
|-terastallize|p1a: Zamazenta|Dragon
|move|p2b: Flutter Mane|Shadow Ball|p1b: Camerupt
|-damage|p1b: Camerupt|50/100
|-unboost|p1b: Camerupt|spd|1
|move|p1a: Zamazenta|Body Press|p2a: Iron Treads
|-supereffective|p2a: Iron Treads
|-damage|p2a: Iron Treads|0 fnt
|faint|p2a: Iron Treads
|-end|p2a: Iron Treads|Quark Drive|[silent]
|move|p1b: Camerupt|Earth Power|p2b: Flutter Mane
|-damage|p2b: Flutter Mane|0 fnt
|faint|p2b: Flutter Mane
|-end|p2b: Flutter Mane|Protosynthesis|[silent]
|
|-weather|SunnyDay|[upkeep]
|upkeep
|
|t:|1750775334
|switch|p2b: Ho-Oh|Ho-Oh, L50|99/100
|turn|5
|
|t:|1750775349
|move|p2b: Ho-Oh|Dual Wingbeat|p1b: Camerupt
|-damage|p1b: Camerupt|18/100
|-damage|p1b: Camerupt|0 fnt
|faint|p1b: Camerupt
|-hitcount|p1: Camerupt|2
|move|p1a: Zamazenta|Body Press|p2b: Ho-Oh
|-resisted|p2b: Ho-Oh
|-damage|p2b: Ho-Oh|66/100
|-damage|p1a: Zamazenta|84/100|[from] item: Rocky Helmet|[of] p2b: Ho-Oh
|
|-weather|none
|-sideend|p2: Avengo2187|move: Tailwind
|upkeep
|turn|6
|
|t:|1750775363
|move|p1a: Zamazenta|Body Press|p2b: Ho-Oh
|-resisted|p2b: Ho-Oh
|-damage|p2b: Ho-Oh|34/100
|-damage|p1a: Zamazenta|67/100|[from] item: Rocky Helmet|[of] p2b: Ho-Oh
|move|p2b: Ho-Oh|Dual Wingbeat|p1a: Zamazenta
|-damage|p1a: Zamazenta|58/100
|-damage|p1a: Zamazenta|49/100
|-hitcount|p1a: Zamazenta|2
|
|upkeep
|turn|7
|
|t:|1750775373
|move|p1a: Zamazenta|Body Press|p2b: Ho-Oh
|-resisted|p2b: Ho-Oh
|-damage|p2b: Ho-Oh|2/100
|-damage|p1a: Zamazenta|32/100|[from] item: Rocky Helmet|[of] p2b: Ho-Oh
|move|p2b: Ho-Oh|Flare Blitz|p1a: Zamazenta
|-resisted|p1a: Zamazenta
|-damage|p1a: Zamazenta|19/100
|-damage|p2b: Ho-Oh|0 fnt|[from] Recoil
|faint|p2b: Ho-Oh
|
|win|JSK JSR
|raw|JSK JSR's rating: 1129 &rarr; <strong>1158</strong><br />(+29 for winning)
|raw|Avengo2187's rating: 1182 &rarr; <strong>1153</strong><br />(-29 for losing)
|l|‽Avengo2187
|player|p2|
|l|☆JSK JSR
|player|p1|
