|j|☆Milomacko
|j|☆Fletch.smile
|t:|1750756775
|gametype|doubles
|player|p1|Milomacko|265|1048
|player|p2|Fletch.smile|caitlin|1091
|teamsize|p1|6
|teamsize|p2|6
|gen|9
|tier|[Gen 9] VGC 2025 Reg I
|rated|
|rule|Species Clause: Limit one of each Pokémon
|rule|Item Clause: Limit 1 of each item
|clearpoke
|poke|p1|Appletun, L50, M|
|poke|p1|Rillaboom, L50, F|
|poke|p1|Stantler, L50, M|
|poke|p1|Farigiraf, L50, F|
|poke|p1|Snorlax, L50, M|
|poke|p1|Avalugg-Hisui, L50, F|
|poke|p2|Ho-Oh, L50|
|poke|p2|Dialga-Origin, L50|
|poke|p2|Ursaluna, L50, M|
|poke|p2|Gholdengo, L50|
|poke|p2|Incineroar, L50, M|
|poke|p2|Rillaboom, L50, F|
|teampreview|4
|
|t:|1750756799
|start
|switch|p1a: Stantler|Stantler, L50, M|100/100
|switch|p1b: Queen Kong|Rillaboom, L50, F|100/100
|switch|p2a: happy pride month|Ho-Oh, L50|100/100
|switch|p2b: mewo|Incineroar, L50, M|100/100
|-ability|p1a: Stantler|Intimidate|boost
|-fail|p2a: happy pride month|unboost|[from] item: Clear Amulet|[of] p2a: happy pride month
|-unboost|p2b: mewo|atk|1
|-fieldstart|move: Grassy Terrain|[from] ability: Grassy Surge|[of] p1b: Queen Kong
|-ability|p2b: mewo|Intimidate|boost
|-unboost|p1a: Stantler|atk|1
|-unboost|p1b: Queen Kong|atk|1
|turn|1
|
|t:|1750756825
|move|p2b: mewo|Fake Out|p1b: Queen Kong
|-damage|p1b: Queen Kong|94/100
|move|p2a: happy pride month|Tailwind|p2a: happy pride month
|-sidestart|p2: Fletch.smile|move: Tailwind
|cant|p1b: Queen Kong|flinch
|move|p1a: Stantler|Trick Room|p1a: Stantler
|-fieldstart|move: Trick Room|[of] p1a: Stantler
|
|-heal|p1b: Queen Kong|99/100|[from] Grassy Terrain
|upkeep
|turn|2
|
|t:|1750756844
|move|p1b: Queen Kong|U-turn|p2a: happy pride month
|-resisted|p2a: happy pride month
|-damage|p2a: happy pride month|95/100
|
|t:|1750756849
|switch|p1b: Mr. Apple|Appletun, L50, M, shiny|100/100|[from] U-turn
|move|p1a: Stantler|Reflect|p1a: Stantler
|-sidestart|p1: Milomacko|Reflect
|move|p2b: mewo|Parting Shot|p1a: Stantler
|-unboost|p1a: Stantler|atk|1
|-unboost|p1a: Stantler|spa|1
|
|t:|1750756860
|switch|p2b: Boom shakalaka|Rillaboom, L50, F|100/100|[from] Parting Shot
|move|p2a: happy pride month|Sacred Fire|p1b: Mr. Apple
|-damage|p1b: Mr. Apple|80/100
|
|-heal|p1b: Mr. Apple|86/100|[from] Grassy Terrain
|upkeep
|turn|3
|
|t:|1750756881
|move|p1a: Stantler|Helping Hand|p1b: Mr. Apple
|-singleturn|p1b: Mr. Apple|Helping Hand|[of] p1a: Stantler
|move|p1b: Mr. Apple|Dragon Pulse|p2a: happy pride month
|-damage|p2a: happy pride month|59/100
|move|p2a: happy pride month|Brave Bird|p1b: Mr. Apple
|-supereffective|p1b: Mr. Apple
|-damage|p1b: Mr. Apple|0 fnt
|faint|p1b: Mr. Apple
|-damage|p2a: happy pride month|32/100|[from] Recoil
|move|p2b: Boom shakalaka|U-turn|p1a: Stantler
|-damage|p1a: Stantler|78/100
|
|t:|1750756893
|switch|p2b: mewo|Incineroar, L50, M|100/100|[from] U-turn
|-ability|p2b: mewo|Intimidate|boost
|-unboost|p1a: Stantler|atk|1
|
|-heal|p1a: Stantler|84/100|[from] Grassy Terrain
|upkeep
|
|t:|1750756900
|switch|p1b: Iron Maiden|Avalugg-Hisui, L50, F|100/100
|turn|4
|
|t:|1750756916
|switch|p2a: Gholdengo|Gholdengo, L50|100/100
|-item|p2a: Gholdengo|Air Balloon
|move|p1a: Stantler|Helping Hand|p1b: Iron Maiden
|-singleturn|p1b: Iron Maiden|Helping Hand|[of] p1a: Stantler
|move|p1b: Iron Maiden|Icicle Spear|p2a: Gholdengo
|-resisted|p2a: Gholdengo
|-damage|p2a: Gholdengo|91/100
|-enditem|p2a: Gholdengo|Air Balloon
|-resisted|p2a: Gholdengo
|-damage|p2a: Gholdengo|82/100
|-resisted|p2a: Gholdengo
|-damage|p2a: Gholdengo|72/100
|-hitcount|p2a: Gholdengo|3
|move|p2b: mewo|Knock Off|p1b: Iron Maiden
|-damage|p1b: Iron Maiden|86/100
|-damage|p2b: mewo|84/100|[from] item: Rocky Helmet|[of] p1b: Iron Maiden
|-enditem|p1b: Iron Maiden|Rocky Helmet|[from] move: Knock Off|[of] p2b: mewo
|
|-heal|p1b: Iron Maiden|92/100|[from] Grassy Terrain
|-heal|p1a: Stantler|90/100|[from] Grassy Terrain
|-heal|p2b: mewo|90/100|[from] Grassy Terrain
|-heal|p2a: Gholdengo|78/100|[from] Grassy Terrain
|-sideend|p2: Fletch.smile|move: Tailwind
|upkeep
|turn|5
|
|t:|1750756948
|move|p1b: Iron Maiden|Crunch|p2a: Gholdengo
|-supereffective|p2a: Gholdengo
|-damage|p2a: Gholdengo|29/100
|move|p2b: mewo|Parting Shot|p1b: Iron Maiden
|-unboost|p1b: Iron Maiden|atk|1
|-unboost|p1b: Iron Maiden|spa|1
|
|t:|1750756954
|switch|p2b: happy pride month|Ho-Oh, L50|66/100|[from] Parting Shot
|move|p1a: Stantler|Psychic|p2a: Gholdengo
|-resisted|p2a: Gholdengo
|-damage|p2a: Gholdengo|23/100
|move|p2a: Gholdengo|Nasty Plot|p2a: Gholdengo
|-boost|p2a: Gholdengo|spa|2
|
|-heal|p1b: Iron Maiden|98/100|[from] Grassy Terrain
|-heal|p1a: Stantler|96/100|[from] Grassy Terrain
|-heal|p2a: Gholdengo|29/100|[from] Grassy Terrain
|-fieldend|move: Trick Room
|-fieldend|move: Grassy Terrain
|upkeep
|turn|6
|
|t:|1750756976
|switch|p1b: Queen Kong|Rillaboom, L50, F|99/100
|-fieldstart|move: Grassy Terrain|[from] ability: Grassy Surge|[of] p1b: Queen Kong
|move|p2a: Gholdengo|Protect|p2a: Gholdengo
|-singleturn|p2a: Gholdengo|Protect
|move|p2b: happy pride month|Sacred Fire|p1b: Queen Kong
|-supereffective|p1b: Queen Kong
|-damage|p1b: Queen Kong|30/100
|move|p1a: Stantler|Trick Room|p1a: Stantler
|-fieldstart|move: Trick Room|[of] p1a: Stantler
|
|-heal|p1a: Stantler|100/100|[from] Grassy Terrain
|-heal|p1b: Queen Kong|36/100|[from] Grassy Terrain
|-heal|p2a: Gholdengo|36/100|[from] Grassy Terrain
|-sideend|p1: Milomacko|Reflect
|upkeep
|turn|7
|
|t:|1750757005
|move|p1a: Stantler|Helping Hand|p1b: Queen Kong
|-singleturn|p1b: Queen Kong|Helping Hand|[of] p1a: Stantler
|move|p1b: Queen Kong|Grassy Glide|p2a: Gholdengo
|-resisted|p2a: Gholdengo
|-damage|p2a: Gholdengo|0 fnt
|faint|p2a: Gholdengo
|move|p2b: happy pride month|Sacred Fire|p1b: Queen Kong
|-supereffective|p1b: Queen Kong
|-damage|p1b: Queen Kong|0 fnt
|faint|p1b: Queen Kong
|
|upkeep
|
|t:|1750757015
|switch|p1b: Iron Maiden|Avalugg-Hisui, L50, F|98/100
|switch|p2a: Boom shakalaka|Rillaboom, L50, F|100/100
|turn|8
|
|t:|1750757043
|move|p1a: Stantler|Helping Hand|p1b: Iron Maiden
|-singleturn|p1b: Iron Maiden|Helping Hand|[of] p1a: Stantler
|move|p2a: Boom shakalaka|Fake Out|p1b: Iron Maiden
|-resisted|p1b: Iron Maiden
|-damage|p1b: Iron Maiden|93/100
|cant|p1b: Iron Maiden|flinch
|move|p2b: happy pride month|Brave Bird|p1a: Stantler
|-damage|p1a: Stantler|10/100
|-damage|p2b: happy pride month|41/100|[from] Recoil
|
|-heal|p1b: Iron Maiden|99/100|[from] Grassy Terrain
|-heal|p1a: Stantler|17/100|[from] Grassy Terrain
|upkeep
|turn|9
|
|t:|1750757071
|switch|p2b: mewo|Incineroar, L50, M|90/100
|-ability|p2b: mewo|Intimidate|boost
|-unboost|p1a: Stantler|atk|1
|-unboost|p1b: Iron Maiden|atk|1
|-terastallize|p1b: Iron Maiden|Ice
|move|p1a: Stantler|Helping Hand|p1b: Iron Maiden
|-singleturn|p1b: Iron Maiden|Helping Hand|[of] p1a: Stantler
|move|p2a: Boom shakalaka|Grassy Glide|p1b: Iron Maiden
|-damage|p1b: Iron Maiden|78/100
|move|p1b: Iron Maiden|Icicle Spear|p2b: mewo
|-resisted|p2b: mewo
|-damage|p2b: mewo|81/100
|-resisted|p2b: mewo
|-damage|p2b: mewo|73/100
|-hitcount|p2b: mewo|2
|
|-heal|p1b: Iron Maiden|84/100|[from] Grassy Terrain
|-heal|p2b: mewo|79/100|[from] Grassy Terrain
|-heal|p1a: Stantler|23/100|[from] Grassy Terrain
|upkeep
|turn|10
|
|t:|1750757093
|move|p1a: Stantler|Helping Hand|p1b: Iron Maiden
|-singleturn|p1b: Iron Maiden|Helping Hand|[of] p1a: Stantler
|move|p2b: mewo|Fake Out|p1b: Iron Maiden
|-damage|p1b: Iron Maiden|78/100
|move|p2a: Boom shakalaka|Grassy Glide|p1a: Stantler
|-crit|p1a: Stantler
|-damage|p1a: Stantler|0 fnt
|faint|p1a: Stantler
|cant|p1b: Iron Maiden|flinch
|
|-heal|p1b: Iron Maiden|83/100|[from] Grassy Terrain
|-heal|p2b: mewo|85/100|[from] Grassy Terrain
|-fieldend|move: Trick Room
|-fieldend|move: Grassy Terrain
|upkeep
|turn|11
|
|t:|1750757116
|move|p2a: Boom shakalaka|U-turn|p1b: Iron Maiden
|-damage|p1b: Iron Maiden|69/100
|
|t:|1750757118
|switch|p2a: happy pride month|Ho-Oh, L50|74/100|[from] U-turn
|move|p2b: mewo|Parting Shot|p1b: Iron Maiden
|-unboost|p1b: Iron Maiden|atk|1
|-unboost|p1b: Iron Maiden|spa|1
|
|t:|1750757124
|switch|p2b: Boom shakalaka|Rillaboom, L50, F|100/100|[from] Parting Shot
|-fieldstart|move: Grassy Terrain|[from] ability: Grassy Surge|[of] p2b: Boom shakalaka
|move|p1b: Iron Maiden|Icicle Spear|p2a: happy pride month
|-damage|p2a: happy pride month|66/100
|-damage|p2a: happy pride month|57/100
|-damage|p2a: happy pride month|49/100
|-hitcount|p2a: happy pride month|3
|
|-heal|p1b: Iron Maiden|75/100|[from] Grassy Terrain
|upkeep
|turn|12
|
|t:|1750757139
|move|p2b: Boom shakalaka|Fake Out|p1b: Iron Maiden
|-damage|p1b: Iron Maiden|67/100
|move|p2a: happy pride month|Sacred Fire|p1b: Iron Maiden
|-supereffective|p1b: Iron Maiden
|-damage|p1b: Iron Maiden|3/100
|-status|p1b: Iron Maiden|brn
|cant|p1b: Iron Maiden|flinch
|
|-heal|p1b: Iron Maiden|9/100 brn|[from] Grassy Terrain
|-damage|p1b: Iron Maiden|3/100 brn|[from] brn
|upkeep
|turn|13
|
|t:|1750757157
|move|p2b: Boom shakalaka|Grassy Glide|p1b: Iron Maiden
|-damage|p1b: Iron Maiden|0 fnt
|faint|p1b: Iron Maiden
|
|win|Fletch.smile
|raw|Milomacko's rating: 1048 &rarr; <strong>1033</strong><br />(-15 for losing)
|raw|Fletch.smile's rating: 1091 &rarr; <strong>1114</strong><br />(+23 for winning)
|c|☆Fletch.smile|gg
|l|☆Milomacko
|player|p1|
