|j|☆column11
|j|☆ittsaTRAP
|t:|1750738878
|gametype|doubles
|player|p1|column11|ninjaboy|1344
|player|p2|ittsaTRAP|2|1255
|teamsize|p1|6
|teamsize|p2|6
|gen|9
|tier|[Gen 9] VGC 2025 Reg I
|rated|
|rule|Species Clause: Limit one of each Pokémon
|rule|Item Clause: Limit 1 of each item
|clearpoke
|poke|p1|Clefairy, L50, M|
|poke|p1|Rillaboom, L50, F|
|poke|p1|Grimmsnarl, L50, M|
|poke|p1|Iron Jugulis, L50|
|poke|p1|Calyrex-Shadow, L50|
|poke|p1|Zamazenta-*, L50|
|poke|p2|Torkoal, L50, M|
|poke|p2|Calyrex-Ice, L50|
|poke|p2|Jumpluff, L50, F|
|poke|p2|Necrozma-Dawn-Wings, L50|
|poke|p2|Indeedee-F, L50, F|
|poke|p2|Iron Hands, L50|
|teampreview|4
|inactive|Battle timer is ON: inactive players will automatically lose when time's up. (requested by ittsaTRAP)
|
|t:|1750738934
|start
|switch|p1a: Iron Jugulis|Iron Jugulis, L50, shiny|100/100
|switch|p1b: Calyrex|Calyrex-Shadow, L50|100/100
|switch|p2a: Indeedee|Indeedee-F, L50, F|100/100
|switch|p2b: Necrozma|Necrozma-Dawn-Wings, L50|100/100
|-ability|p1b: Calyrex|As One
|-ability|p1b: Calyrex|Unnerve
|-fieldstart|move: Psychic Terrain|[from] ability: Psychic Surge|[of] p2a: Indeedee
|-enditem|p1a: Iron Jugulis|Booster Energy
|-activate|p1a: Iron Jugulis|ability: Quark Drive|[fromitem]
|-start|p1a: Iron Jugulis|quarkdrivespe
|turn|1
|
|t:|1750738951
|-terastallize|p2b: Necrozma|Normal
|move|p2a: Indeedee|Follow Me|p2a: Indeedee
|-singleturn|p2a: Indeedee|move: Follow Me
|move|p1a: Iron Jugulis|Snarl|p2b: Necrozma|[spread] p2b
|-miss|p1a: Iron Jugulis|p2a: Indeedee
|-damage|p2b: Necrozma|87/100
|-unboost|p2b: Necrozma|spa|1
|move|p1b: Calyrex|Astral Barrage|p2a: Indeedee|[spread] 
|-immune|p2a: Indeedee
|-immune|p2b: Necrozma
|move|p2b: Necrozma|Trick Room|p2b: Necrozma
|-fieldstart|move: Trick Room|[of] p2b: Necrozma
|
|upkeep
|turn|2
|
|t:|1750738974
|-terastallize|p1b: Calyrex|Normal
|move|p2a: Indeedee|Helping Hand|p2b: Necrozma
|-singleturn|p2b: Necrozma|Helping Hand|[of] p2a: Indeedee
|move|p2b: Necrozma|Moongeist Beam|p1b: Calyrex
|-immune|p1b: Calyrex
|move|p1b: Calyrex|Nasty Plot|p1b: Calyrex
|-boost|p1b: Calyrex|spa|2
|move|p1a: Iron Jugulis|Snarl|p2b: Necrozma|[spread] p2b
|-miss|p1a: Iron Jugulis|p2a: Indeedee
|-damage|p2b: Necrozma|71/100
|-unboost|p2b: Necrozma|spa|1
|
|upkeep
|turn|3
|
|t:|1750738996
|move|p2a: Indeedee|Helping Hand|p2b: Necrozma
|-singleturn|p2b: Necrozma|Helping Hand|[of] p2a: Indeedee
|move|p1b: Calyrex|Protect|p1b: Calyrex
|-singleturn|p1b: Calyrex|Protect
|move|p2b: Necrozma|Expanding Force|p1a: Iron Jugulis|[spread] 
|-activate|p1b: Calyrex|move: Protect
|-immune|p1a: Iron Jugulis
|move|p1a: Iron Jugulis|Taunt|p2b: Necrozma
|-start|p2b: Necrozma|move: Taunt
|
|upkeep
|turn|4
|
|t:|1750739016
|move|p2a: Indeedee|Helping Hand|p2b: Necrozma
|-singleturn|p2b: Necrozma|Helping Hand|[of] p2a: Indeedee
|move|p2b: Necrozma|Expanding Force|p1a: Iron Jugulis|[spread] p1b
|-immune|p1a: Iron Jugulis
|-damage|p1b: Calyrex|40/100
|move|p1b: Calyrex|Psyshock|p2b: Necrozma
|-damage|p2b: Necrozma|0 fnt
|faint|p2b: Necrozma
|-ability|p1b: Calyrex|Grim Neigh|boost
|-boost|p1b: Calyrex|spa|1
|move|p1a: Iron Jugulis|Snarl|p2a: Indeedee
|-supereffective|p2a: Indeedee
|-damage|p2a: Indeedee|45/100
|-unboost|p2a: Indeedee|spa|1
|
|upkeep
|
|t:|1750739032
|switch|p2b: Calyrex|Calyrex-Ice, L50|100/100
|-ability|p2b: Calyrex|As One
|-ability|p2b: Calyrex|Unnerve
|turn|5
|
|t:|1750739044
|move|p2a: Indeedee|Helping Hand|p2b: Calyrex
|-singleturn|p2b: Calyrex|Helping Hand|[of] p2a: Indeedee
|move|p1b: Calyrex|Protect|p1b: Calyrex
|-singleturn|p1b: Calyrex|Protect
|move|p2b: Calyrex|Glacial Lance|p1b: Calyrex|[spread] p1a
|-activate|p1b: Calyrex|move: Protect
|-supereffective|p1a: Iron Jugulis
|-crit|p1a: Iron Jugulis
|-damage|p1a: Iron Jugulis|0 fnt
|faint|p1a: Iron Jugulis
|-end|p1a: Iron Jugulis|Quark Drive|[silent]
|-ability|p2b: Calyrex|Chilling Neigh|boost
|-boost|p2b: Calyrex|atk|1
|
|-fieldend|move: Trick Room
|-fieldend|move: Psychic Terrain
|upkeep
|
|t:|1750739053
|switch|p1a: Grimmsnarl|Grimmsnarl, L50, M, shiny|100/100
|turn|6
|
|t:|1750739062
|move|p1a: Grimmsnarl|Fake Out|p2a: Indeedee
|-damage|p2a: Indeedee|32/100
|cant|p2a: Indeedee|flinch
|move|p1b: Calyrex|Astral Barrage|p2b: Calyrex|[spread] p2b
|-immune|p2a: Indeedee
|-supereffective|p2b: Calyrex
|-damage|p2b: Calyrex|0 fnt
|faint|p2b: Calyrex
|-ability|p1b: Calyrex|Grim Neigh|boost
|-boost|p1b: Calyrex|spa|1
|
|upkeep
|-message|ittsaTRAP forfeited.
|
|win|column11
|raw|column11's rating: 1344 &rarr; <strong>1359</strong><br />(+15 for winning)
|raw|ittsaTRAP's rating: 1255 &rarr; <strong>1236</strong><br />(-19 for losing)
|l|☆ittsaTRAP
|player|p2|
|l|☆column11
|player|p1|
