|j|☆masterdr6sh
|j|☆shush slushie
|t:|1750807763
|gametype|doubles
|player|p1|masterdr6sh|ghetsis|1055
|player|p2|shush slushie|acetrainerf|1097
|teamsize|p1|6
|teamsize|p2|6
|gen|9
|tier|[Gen 9] VGC 2025 Reg I
|rated|
|rule|Species Clause: Limit one of each Pokémon
|rule|Item Clause: Limit 1 of each item
|clearpoke
|poke|p1|Kyogre, L50|
|poke|p1|Barraskewda, L50, M|
|poke|p1|Dipplin, L50, M|
|poke|p1|Toxicroak, L50, M|
|poke|p1|Zacian-*, L50|
|poke|p1|Kingambit, L50, F|
|poke|p2|Calyrex-Ice, L50|
|poke|p2|Avalugg, L50, F|
|poke|p2|Ninetales-Alola, L50, F|
|poke|p2|Kyurem-White, L50|
|poke|p2|Chien-Pao, L50|
|poke|p2|Articuno, L50|
|teampreview|4
|
|t:|1750807810
|start
|switch|p1a: Kyogre|Kyogre, L50|100/100
|switch|p1b: Barraskewda|Barraskewda, L50, M, shiny|100/100
|switch|p2a: sherbert|Ninetales-Alola, L50, F, shiny|100/100
|switch|p2b: arthur|Articuno, L50, shiny|100/100
|-weather|Snowscape|[from] ability: Snow Warning|[of] p2a: sherbert
|-weather|RainDance|[from] ability: Drizzle|[of] p1a: Kyogre
|turn|1
|
|t:|1750807837
|switch|p2a: popsicle|Avalugg, L50, F|100/100
|move|p2b: arthur|Protect|p2b: arthur
|-singleturn|p2b: arthur|Protect
|move|p1b: Barraskewda|Waterfall|p2b: arthur
|-activate|p2b: arthur|move: Protect
|move|p1a: Kyogre|Water Spout|p2a: popsicle|[spread] p2a
|-activate|p2b: arthur|move: Protect
|-damage|p2a: popsicle|0 fnt
|faint|p2a: popsicle
|
|-weather|RainDance|[upkeep]
|upkeep
|
|t:|1750807854
|switch|p2a: sherbert|Ninetales-Alola, L50, F, shiny|100/100
|-weather|Snowscape|[from] ability: Snow Warning|[of] p2a: sherbert
|turn|2
|
|t:|1750807879
|move|p1b: Barraskewda|Waterfall|p2a: sherbert
|-damage|p2a: sherbert|48/100
|-damage|p1b: Barraskewda|91/100|[from] item: Life Orb
|move|p2a: sherbert|Aurora Veil|p2a: sherbert
|-sidestart|p2: shush slushie|move: Aurora Veil
|move|p1a: Kyogre|Water Spout|p2a: sherbert|[spread] p2a,p2b
|-damage|p2a: sherbert|0 fnt
|-damage|p2b: arthur|69/100
|faint|p2a: sherbert
|move|p2b: arthur|Freeze-Dry|p1a: Kyogre
|-supereffective|p1a: Kyogre
|-damage|p1a: Kyogre|65/100
|
|-weather|Snowscape|[upkeep]
|upkeep
|
|t:|1750807891
|switch|p2a: snow cone|Calyrex-Ice, L50|100/100
|-ability|p2a: snow cone|As One
|-ability|p2a: snow cone|Unnerve
|turn|3
|
|t:|1750807917
|-terastallize|p1b: Barraskewda|Dark
|move|p1b: Barraskewda|Crunch|p2a: snow cone
|-supereffective|p2a: snow cone
|-crit|p2a: snow cone
|-damage|p2a: snow cone|46/100
|-damage|p1b: Barraskewda|81/100|[from] item: Life Orb
|move|p1a: Kyogre|Thunder|p2b: arthur
|-supereffective|p2b: arthur
|-damage|p2b: arthur|33/100
|move|p2b: arthur|Freeze-Dry|p1b: Barraskewda
|-damage|p1b: Barraskewda|26/100
|move|p2a: snow cone|Glacial Lance|p1b: Barraskewda|[spread] p1a,p1b
|-resisted|p1a: Kyogre
|-damage|p1a: Kyogre|40/100
|-damage|p1b: Barraskewda|0 fnt
|faint|p1b: Barraskewda
|-ability|p2a: snow cone|Chilling Neigh|boost
|-boost|p2a: snow cone|atk|1
|
|-weather|Snowscape|[upkeep]
|upkeep
|
|t:|1750807934
|switch|p1b: Kingambit|Kingambit, L50, F, shiny|100/100
|-activate|p1b: Kingambit|ability: Supreme Overlord
|-start|p1b: Kingambit|fallen1|[silent]
|turn|4
|
|t:|1750807952
|-terastallize|p2b: arthur|Ground
|move|p1a: Kyogre|Thunder|p2b: arthur
|-immune|p2b: arthur
|move|p2b: arthur|Freeze-Dry|p1a: Kyogre
|-supereffective|p1a: Kyogre
|-damage|p1a: Kyogre|5/100
|move|p2a: snow cone|High Horsepower|p1b: Kingambit
|-supereffective|p1b: Kingambit
|-damage|p1b: Kingambit|24/100
|move|p1b: Kingambit|Fling|p2a: snow cone
|-supereffective|p2a: snow cone
|-damage|p2a: snow cone|15/100
|-enditem|p1b: Kingambit|Iron Ball|[from] move: Fling
|
|-weather|Snowscape|[upkeep]
|upkeep
|turn|5
|
|t:|1750807988
|move|p1b: Kingambit|Protect|p1b: Kingambit
|-singleturn|p1b: Kingambit|Protect
|move|p2a: snow cone|Protect|p2a: snow cone
|-singleturn|p2a: snow cone|Protect
|move|p1a: Kyogre|Surf|p2b: arthur|[spread] p2b
|-activate|p1b: Kingambit|move: Protect
|-activate|p2a: snow cone|move: Protect
|-supereffective|p2b: arthur
|-damage|p2b: arthur|0 fnt
|faint|p2b: arthur
|
|-weather|Snowscape|[upkeep]
|upkeep
|turn|6
|
|t:|1750808015
|move|p1b: Kingambit|Sucker Punch|p2a: snow cone
|-supereffective|p2a: snow cone
|-damage|p2a: snow cone|0 fnt
|faint|p2a: snow cone
|
|win|masterdr6sh
|raw|masterdr6sh's rating: 1055 &rarr; <strong>1091</strong><br />(+36 for winning)
|raw|shush slushie's rating: 1097 &rarr; <strong>1069</strong><br />(-28 for losing)
|l|☆shush slushie
|player|p2|
|l|☆masterdr6sh
|player|p1|
