|j|☆tzfmndf03
|j|☆jaffro1738
|t:|1750776680
|gametype|doubles
|player|p1|tzfmndf03|102|1436
|player|p2|jaffro1738|266|1390
|teamsize|p1|6
|teamsize|p2|6
|gen|9
|tier|[Gen 9] VGC 2025 Reg I
|rated|
|rule|Species Clause: Limit one of each Pokémon
|rule|Item Clause: Limit 1 of each item
|clearpoke
|poke|p1|Muk-Alola, L50, F|
|poke|p1|Smeargle, L50, F|
|poke|p1|Ditto, L50|
|poke|p1|Calyrex-Shadow, L50|
|poke|p1|Landorus, L50, M|
|poke|p1|Miraidon, L50|
|poke|p2|Calyrex-Ice, L50|
|poke|p2|Regidrago, L50|
|poke|p2|Dusclops, L50, F|
|poke|p2|Oranguru, L50, F|
|poke|p2|Terapagos, L50, M|
|poke|p2|Chi-Yu, L50|
|teampreview|4
jaffro1738 rejected open team sheets.
|inactive|Battle timer is ON: inactive players will automatically lose when time's up. (requested by tzfmndf03)
|
|t:|1750776710
|start
|switch|p1a: Ditto|Ditto, L50|100/100
|switch|p1b: Miraidon|Miraidon, L50|100/100
|switch|p2a: Oranguru|Oranguru, L50, F|100/100
|switch|p2b: Chi-Yu|Chi-Yu, L50|100/100
|-ability|p2b: Chi-Yu|Beads of Ruin
|-fieldstart|move: Electric Terrain|[from] ability: Hadron Engine|[of] p1b: Miraidon
|-enditem|p1b: Miraidon|Electric Seed
|-boost|p1b: Miraidon|def|1|[from] item: Electric Seed
|-transform|p1a: Ditto|p2b: Chi-Yu|[from] ability: Imposter
|-ability|p1a: Ditto|Beads of Ruin
|turn|1
|inactive|tzfmndf03 has 30 seconds left.
|inactive|tzfmndf03 has 20 seconds left.
|inactive|tzfmndf03 has 15 seconds left.
|
|t:|1750776754
|-terastallize|p2a: Oranguru|Dark
|move|p2b: Chi-Yu|Snarl|p1b: Miraidon|[spread] p1a,p1b
|-resisted|p1a: Ditto
|-damage|p1a: Ditto|90/100
|-damage|p1b: Miraidon|72/100
|-unboost|p1b: Miraidon|spa|1
|move|p1b: Miraidon|Dazzling Gleam|p2b: Chi-Yu|[spread] p2a,p2b
|-supereffective|p2a: Oranguru
|-damage|p2a: Oranguru|61/100
|-damage|p2b: Chi-Yu|77/100
|move|p1a: Ditto|Snarl|p2b: Chi-Yu|[spread] p2a,p2b
|-resisted|p2a: Oranguru
|-resisted|p2b: Chi-Yu
|-damage|p2a: Oranguru|49/100
|-damage|p2b: Chi-Yu|63/100
|-unboost|p2a: Oranguru|spa|1
|-unboost|p2b: Chi-Yu|spa|1
|move|p2a: Oranguru|Trick Room|p2a: Oranguru
|-fieldstart|move: Trick Room|[of] p2a: Oranguru
|
|upkeep
|turn|2
|
|t:|1750776773
|move|p2a: Oranguru|Instruct|p2b: Chi-Yu
|-singleturn|p2b: Chi-Yu|move: Instruct|[of] p2a: Oranguru
|move|p2b: Chi-Yu|Snarl|p1a: Ditto|[spread] p1a,p1b
|-resisted|p1a: Ditto
|-damage|p1a: Ditto|82/100
|-damage|p1b: Miraidon|55/100
|-unboost|p1b: Miraidon|spa|1
|move|p1a: Ditto|Snarl|p2a: Oranguru|[spread] p2a,p2b
|-resisted|p2a: Oranguru
|-resisted|p2b: Chi-Yu
|-damage|p2a: Oranguru|39/100
|-damage|p2b: Chi-Yu|49/100
|-unboost|p2a: Oranguru|spa|1
|-unboost|p2b: Chi-Yu|spa|1
|move|p1b: Miraidon|Dazzling Gleam|p2a: Oranguru|[spread] p2a,p2b
|-supereffective|p2a: Oranguru
|-damage|p2a: Oranguru|10/100
|-damage|p2b: Chi-Yu|32/100
|move|p2b: Chi-Yu|Snarl|p1a: Ditto|[spread] p1a,p1b
|-resisted|p1a: Ditto
|-damage|p1a: Ditto|77/100
|-damage|p1b: Miraidon|41/100
|-unboost|p1b: Miraidon|spa|1
|
|upkeep
|turn|3
|
|t:|1750776795
|move|p2a: Oranguru|Instruct|p2b: Chi-Yu
|-singleturn|p2b: Chi-Yu|move: Instruct|[of] p2a: Oranguru
|move|p2b: Chi-Yu|Snarl|p1b: Miraidon|[spread] p1a,p1b
|-resisted|p1a: Ditto
|-damage|p1a: Ditto|71/100
|-damage|p1b: Miraidon|27/100
|-unboost|p1b: Miraidon|spa|1
|move|p1a: Ditto|Snarl|p2a: Oranguru|[spread] p2a,p2b
|-resisted|p2a: Oranguru
|-resisted|p2b: Chi-Yu
|-damage|p2a: Oranguru|0 fnt
|-damage|p2b: Chi-Yu|20/100
|-unboost|p2b: Chi-Yu|spa|1
|faint|p2a: Oranguru
|move|p1b: Miraidon|Dazzling Gleam|p2b: Chi-Yu
|-damage|p2b: Chi-Yu|6/100
|move|p2b: Chi-Yu|Snarl|p1b: Miraidon|[spread] p1a,p1b
|-resisted|p1a: Ditto
|-damage|p1a: Ditto|68/100
|-damage|p1b: Miraidon|17/100
|-unboost|p1b: Miraidon|spa|1
|
|upkeep
|
|t:|1750776807
|switch|p2a: Regidrago|Regidrago, L50|100/100
|turn|4
|inactive|tzfmndf03 has 30 seconds left.
|
|t:|1750776834
|switch|p1b: God|Smeargle, L50, F|100/100
|move|p2a: Regidrago|Dragon Energy|p1a: Ditto|[spread] p1a,p1b
|-damage|p1a: Ditto|0 fnt
|-enditem|p1b: God|Focus Sash
|-damage|p1b: God|1/100
|faint|p1a: Ditto
|move|p2b: Chi-Yu|Snarl|p1b: God
|-damage|p1b: God|0 fnt
|faint|p1b: God
|
|upkeep
|
|t:|1750776848
|switch|p1a: NUCLEAR|Calyrex-Shadow, L50|100/100
|switch|p1b: Miraidon|Miraidon, L50|17/100
|-ability|p1a: NUCLEAR|As One
|-ability|p1a: NUCLEAR|Unnerve
|-activate|p1b: Miraidon|ability: Hadron Engine
|turn|5
|
|t:|1750776865
|switch|p2b: Calyrex|Calyrex-Ice, L50|100/100
|-ability|p2b: Calyrex|As One
|-ability|p2b: Calyrex|Unnerve
|move|p1a: NUCLEAR|Protect|p1a: NUCLEAR
|-singleturn|p1a: NUCLEAR|Protect
|move|p2a: Regidrago|Dragon Energy|p1b: Miraidon|[spread] p1b
|-activate|p1a: NUCLEAR|move: Protect
|-supereffective|p1b: Miraidon
|-damage|p1b: Miraidon|0 fnt
|faint|p1b: Miraidon
|
|-fieldend|move: Trick Room
|-fieldend|move: Electric Terrain
|upkeep
|turn|6
|
|t:|1750776873
|move|p2a: Regidrago|Protect|p2a: Regidrago
|-singleturn|p2a: Regidrago|Protect
|move|p1a: NUCLEAR|Astral Barrage|p2a: Regidrago|[spread] p2b
|-activate|p2a: Regidrago|move: Protect
|-supereffective|p2b: Calyrex
|-damage|p2b: Calyrex|62/100
|move|p2b: Calyrex|Crunch|p1a: NUCLEAR
|-supereffective|p1a: NUCLEAR
|-crit|p1a: NUCLEAR
|-damage|p1a: NUCLEAR|0 fnt
|faint|p1a: NUCLEAR
|
|win|jaffro1738
|raw|tzfmndf03's rating: 1436 &rarr; <strong>1413</strong><br />(-23 for losing)
|raw|jaffro1738's rating: 1390 &rarr; <strong>1413</strong><br />(+23 for winning)
|l|☆tzfmndf03
|player|p1|
|l|☆jaffro1738
|player|p2|
