|j|☆heelkey
|j|‽alvaroberna12
|t:|1750855062
|gametype|doubles
|player|p1|heelkey|red|1354
|player|p2|alvaroberna12|266|1260
|teamsize|p1|6
|teamsize|p2|6
|gen|9
|tier|[Gen 9] VGC 2025 Reg I
|rated|
|rule|Species Clause: Limit one of each Pokémon
|rule|Item Clause: Limit 1 of each item
|clearpoke
|poke|p1|Koraidon, L50|
|poke|p1|Flutter Mane, L50|
|poke|p1|Scream Tail, L50|
|poke|p1|Incineroar, L50, F|
|poke|p1|Gothitelle, L50, M|
|poke|p1|Ho-Oh, L50|
|poke|p2|Kyogre, L50|
|poke|p2|Indeedee-F, L50, F|
|poke|p2|Calyrex-Shadow, L50|
|poke|p2|Tornadus, L50, M|
|poke|p2|Iron Bundle, L50|
|poke|p2|Mienshao, L50, F|
|teampreview|4
alvaroberna12 rejected open team sheets.
|inactive|Battle timer is ON: inactive players will automatically lose when time's up. (requested by alvaroberna12)
|
|t:|1750855081
|start
|switch|p1a: Flutter Mane|Flutter Mane, L50|100/100
|switch|p1b: Ho-Oh|Ho-Oh, L50|100/100
|switch|p2a: Kyogre|Kyogre, L50|100/100
|switch|p2b: Tornadus|Tornadus, L50, M|100/100
|-weather|RainDance|[from] ability: Drizzle|[of] p2a: Kyogre
|turn|1
|inactive|heelkey has 30 seconds left.
|inactive|heelkey has 20 seconds left.
|
|t:|1750855117
|-end|p1a: Flutter Mane|Protosynthesis|[silent]
|switch|p1a: Koraidon|Koraidon, L50|100/100
|-weather|SunnyDay|[from] ability: Orichalcum Pulse|[of] p1a: Koraidon
|-activate|p1a: Koraidon|Orichalcum Pulse|[source]
|move|p2b: Tornadus|Rain Dance|p2b: Tornadus
|-weather|RainDance
|move|p2a: Kyogre|Water Spout|p1b: Ho-Oh|[spread] p1a,p1b
|-resisted|p1a: Koraidon
|-supereffective|p1b: Ho-Oh
|-damage|p1a: Koraidon|51/100
|-damage|p1b: Ho-Oh|0 fnt
|faint|p1b: Ho-Oh
|
|-weather|RainDance|[upkeep]
|upkeep
|
|t:|1750855131
|switch|p1b: Scream Tail|Scream Tail, L50|100/100
|-enditem|p1b: Scream Tail|Booster Energy
|-activate|p1b: Scream Tail|ability: Protosynthesis|[fromitem]
|-start|p1b: Scream Tail|protosynthesisspe
|turn|2
|
|t:|1750855151
|move|p2b: Tornadus|Tailwind|p2b: Tornadus
|-sidestart|p2: alvaroberna12|move: Tailwind
|move|p2a: Kyogre|Water Spout|p1a: Koraidon|[spread] p1a,p1b
|-resisted|p1a: Koraidon
|-damage|p1a: Koraidon|4/100
|-damage|p1b: Scream Tail|28/100
|move|p1b: Scream Tail|Encore|p2b: Tornadus
|-start|p2b: Tornadus|Encore
|move|p1a: Koraidon|Close Combat|p2a: Kyogre
|-damage|p2a: Kyogre|7/100
|-unboost|p1a: Koraidon|def|1
|-unboost|p1a: Koraidon|spd|1
|-damage|p1a: Koraidon|0 fnt|[from] item: Life Orb
|faint|p1a: Koraidon
|
|-weather|RainDance|[upkeep]
|upkeep
|
|t:|1750855168
|switch|p1a: Flutter Mane|Flutter Mane, L50|100/100
|turn|3
|
|t:|1750855190
|switch|p2a: Mienshao|Mienshao, L50, F|100/100
|switch|p2b: Calyrex|Calyrex-Shadow, L50|100/100
|-ability|p2b: Calyrex|As One
|-ability|p2b: Calyrex|Unnerve
|move|p1b: Scream Tail|Encore||[still]
|-fail|p1b: Scream Tail
|move|p1a: Flutter Mane|Shadow Ball|p2b: Calyrex
|-supereffective|p2b: Calyrex
|-damage|p2b: Calyrex|0 fnt
|faint|p2b: Calyrex
|
|-weather|RainDance|[upkeep]
|upkeep
|
|t:|1750855197
|switch|p2b: Kyogre|Kyogre, L50|7/100
|turn|4
|
|t:|1750855222
|move|p1b: Scream Tail|Protect|p1b: Scream Tail
|-singleturn|p1b: Scream Tail|Protect
|move|p2a: Mienshao|Fake Out|p1b: Scream Tail
|-activate|p1b: Scream Tail|move: Protect
|move|p2b: Kyogre|Origin Pulse|p1a: Flutter Mane|[spread] p1a
|-activate|p1b: Scream Tail|move: Protect
|-damage|p1a: Flutter Mane|19/100
|move|p1a: Flutter Mane|Moonblast|p2b: Kyogre
|-damage|p2b: Kyogre|0 fnt
|faint|p2b: Kyogre
|
|-weather|RainDance|[upkeep]
|upkeep
|
|t:|1750855230
|switch|p2b: Tornadus|Tornadus, L50, M|100/100
|turn|5
|
|t:|1750855249
|move|p1a: Flutter Mane|Protect|p1a: Flutter Mane
|-singleturn|p1a: Flutter Mane|Protect
|move|p2a: Mienshao|Feint|p1b: Scream Tail
|-damage|p1b: Scream Tail|19/100
|move|p1b: Scream Tail|Encore|p2a: Mienshao
|-start|p2a: Mienshao|Encore
|move|p2b: Tornadus|Bleakwind Storm|p1b: Scream Tail|[spread] p1b
|-activate|p1a: Flutter Mane|move: Protect
|-damage|p1b: Scream Tail|0 fnt
|faint|p1b: Scream Tail
|-end|p1b: Scream Tail|Protosynthesis|[silent]
|
|-weather|none
|-sideend|p2: alvaroberna12|move: Tailwind
|upkeep
|turn|6
|
|t:|1750855269
|move|p2a: Mienshao|Feint|p1a: Flutter Mane
|-immune|p1a: Flutter Mane
|move|p1a: Flutter Mane|Moonblast|p2a: Mienshao
|-supereffective|p2a: Mienshao
|-enditem|p2a: Mienshao|Focus Sash
|-damage|p2a: Mienshao|1/100
|-unboost|p2a: Mienshao|spa|1
|move|p2b: Tornadus|Bleakwind Storm|p1a: Flutter Mane|[miss]
|-miss|p2b: Tornadus|p1a: Flutter Mane
|
|upkeep
|turn|7
|
|t:|1750855290
|move|p2a: Mienshao|Feint|p1a: Flutter Mane
|-immune|p1a: Flutter Mane
|move|p1a: Flutter Mane|Moonblast|p2b: Tornadus
|-damage|p2b: Tornadus|39/100
|move|p2b: Tornadus|Bleakwind Storm|p1a: Flutter Mane
|-damage|p1a: Flutter Mane|0 fnt
|faint|p1a: Flutter Mane
|-end|p1a: Flutter Mane|Protosynthesis|[silent]
|
|win|alvaroberna12
|raw|heelkey's rating: 1354 &rarr; <strong>1329</strong><br />(-25 for losing)
|raw|alvaroberna12's rating: 1260 &rarr; <strong>1292</strong><br />(+32 for winning)
|l|‽alvaroberna12
|player|p2|
|l|☆heelkey
|player|p1|
