|j|☆we moveing
|j|☆Wumengyi
|t:|1750824445
|gametype|doubles
|player|p1|we moveing|266|1083
|player|p2|Wumengyi|fisherman-gen4|1103
|teamsize|p1|6
|teamsize|p2|6
|gen|9
|tier|[Gen 9] VGC 2025 Reg I
|rated|
|rule|Species Clause: Limit one of each Pokémon
|rule|Item Clause: Limit 1 of each item
|clearpoke
|poke|p1|Koraidon, L50|
|poke|p1|Walking Wake, L50|
|poke|p1|Incineroar, L50, F|
|poke|p1|Scovillain, L50, F|
|poke|p1|Ursaluna, L50, M|
|poke|p1|Zamazenta-*, L50|
|poke|p2|Sneasler, L50, F|
|poke|p2|Pelipper, L50, M|
|poke|p2|Indeedee-F, L50, F|
|poke|p2|Whimsicott, L50, F|
|poke|p2|Archaludon, L50, M|
|poke|p2|Feraligatr, L50, M|
|teampreview|4
|
|t:|1750824489
|start
|switch|p1a: Koraidon|Koraidon, L50|100/100
|switch|p1b: Scovillain|Scovillain, L50, F|100/100
|switch|p2a: Sneasler|Sneasler, L50, F|100/100
|switch|p2b: Indeedee|Indeedee-F, L50, F|100/100
|-weather|SunnyDay|[from] ability: Orichalcum Pulse|[of] p1a: Koraidon
|-activate|p1a: Koraidon|Orichalcum Pulse|[source]
|-fieldstart|move: Psychic Terrain|[from] ability: Psychic Surge|[of] p2b: Indeedee
|-enditem|p2a: Sneasler|Psychic Seed
|-boost|p2a: Sneasler|spd|1|[from] item: Psychic Seed
|turn|1
|
|t:|1750824517
|-terastallize|p1a: Koraidon|Fire
|move|p2a: Sneasler|U-turn|p1b: Scovillain
|-damage|p1b: Scovillain|53/100
|
|t:|1750824523
|switch|p2a: Pelipper|Pelipper, L50, M|100/100|[from] U-turn
|-weather|RainDance|[from] ability: Drizzle|[of] p2a: Pelipper
|move|p1a: Koraidon|Flame Charge|p2b: Indeedee
|-damage|p2b: Indeedee|78/100
|-boost|p1a: Koraidon|spe|1
|-enditem|p2b: Indeedee|Eject Button
|
|t:|1750824534
|switch|p2b: Archaludon|Archaludon, L50, M|100/100
|move|p1b: Scovillain|Spicy Extract|p1a: Koraidon
|-fail|p1a: Koraidon|unboost|[from] item: Clear Amulet|[of] p1a: Koraidon
|-boost|p1a: Koraidon|atk|2
|
|-weather|RainDance|[upkeep]
|upkeep
|turn|2
|
|t:|1750824565
|-terastallize|p2b: Archaludon|Fairy
|move|p1b: Scovillain|Rage Powder|p1b: Scovillain
|-singleturn|p1b: Scovillain|move: Rage Powder
|move|p1a: Koraidon|Close Combat|p2b: Archaludon
|-resisted|p2b: Archaludon
|-damage|p2b: Archaludon|57/100
|-unboost|p1a: Koraidon|def|1
|-unboost|p1a: Koraidon|spd|1
|-ability|p2b: Archaludon|Stamina|boost
|-boost|p2b: Archaludon|def|1
|move|p2b: Archaludon|Electro Shot||[still]
|-prepare|p2b: Archaludon|Electro Shot
|-boost|p2b: Archaludon|spa|1
|-anim|p2b: Archaludon|Electro Shot|p1b: Scovillain
|-resisted|p1b: Scovillain
|-damage|p1b: Scovillain|0 fnt
|faint|p1b: Scovillain
|move|p2a: Pelipper|Hurricane|p1a: Koraidon
|-damage|p1a: Koraidon|42/100
|
|-weather|RainDance|[upkeep]
|upkeep
|
|t:|1750824582
|switch|p1b: Zamazenta|Zamazenta-Crowned, L50|100/100
|-ability|p1b: Zamazenta|Dauntless Shield|boost
|-boost|p1b: Zamazenta|def|1
|turn|3
|
|t:|1750824595
|switch|p2b: Indeedee|Indeedee-F, L50, F|78/100
|move|p1a: Koraidon|Flare Blitz|p2b: Indeedee
|-damage|p2b: Indeedee|0 fnt
|faint|p2b: Indeedee
|-damage|p1a: Koraidon|16/100|[from] Recoil
|move|p1b: Zamazenta|Body Press|p2a: Pelipper
|-resisted|p2a: Pelipper
|-damage|p2a: Pelipper|70/100
|-damage|p1b: Zamazenta|84/100|[from] item: Rocky Helmet|[of] p2a: Pelipper
|move|p2a: Pelipper|Hurricane|p1a: Koraidon
|-damage|p1a: Koraidon|0 fnt
|faint|p1a: Koraidon
|
|-weather|RainDance|[upkeep]
|upkeep
|
|t:|1750824618
|switch|p1a: Walking Wake|Walking Wake, L50|100/100
|switch|p2b: Sneasler|Sneasler, L50, F|100/100
|turn|4
|
|t:|1750824647
|move|p2b: Sneasler|Close Combat|p1b: Zamazenta
|-supereffective|p1b: Zamazenta
|-damage|p1b: Zamazenta|36/100
|-unboost|p2b: Sneasler|def|1
|-unboost|p2b: Sneasler|spd|1
|move|p1b: Zamazenta|Body Press|p2b: Sneasler
|-resisted|p2b: Sneasler
|-damage|p2b: Sneasler|10/100
|move|p1a: Walking Wake|Snarl|p2b: Sneasler|[spread] p2a,p2b
|-resisted|p2b: Sneasler
|-damage|p2a: Pelipper|53/100
|-damage|p2b: Sneasler|0 fnt
|-unboost|p2a: Pelipper|spa|1
|faint|p2b: Sneasler
|move|p2a: Pelipper|Tailwind|p2a: Pelipper
|-sidestart|p2: Wumengyi|move: Tailwind
|
|-weather|RainDance|[upkeep]
|upkeep
|
|t:|1750824664
|switch|p2b: Archaludon|Archaludon, L50, M, tera:Fairy|57/100
|turn|5
|
|t:|1750824688
|move|p2b: Archaludon|Electro Shot||[still]
|-prepare|p2b: Archaludon|Electro Shot
|-boost|p2b: Archaludon|spa|1
|-anim|p2b: Archaludon|Electro Shot|p1a: Walking Wake
|-damage|p1a: Walking Wake|55/100
|move|p2a: Pelipper|Hurricane|p1b: Zamazenta
|-damage|p1b: Zamazenta|20/100
|-start|p1b: Zamazenta|confusion
|-activate|p1b: Zamazenta|confusion
|move|p1b: Zamazenta|Heavy Slam|p2b: Archaludon
|-supereffective|p2b: Archaludon
|-damage|p2b: Archaludon|0 fnt
|faint|p2b: Archaludon
|move|p1a: Walking Wake|Draco Meteor|p2a: Pelipper
|-damage|p2a: Pelipper|0 fnt
|-unboost|p1a: Walking Wake|spa|2
|faint|p2a: Pelipper
|
|win|we moveing
|raw|we moveing's rating: 1083 &rarr; <strong>1112</strong><br />(+29 for winning)
|raw|Wumengyi's rating: 1103 &rarr; <strong>1077</strong><br />(-26 for losing)
|l|☆Wumengyi
|player|p2|
|l|☆we moveing
|player|p1|
