|j|☆TheClown64
|j|☆bisharptoe6
|t:|1750846574
|gametype|doubles
|player|p1|TheClown64|harlequin|1085
|player|p2|bisharptoe6|102|1072
|teamsize|p1|6
|teamsize|p2|6
|gen|9
|tier|[Gen 9] VGC 2025 Reg I
|rated|
|rule|Species Clause: Limit one of each Pokémon
|rule|Item Clause: Limit 1 of each item
|clearpoke
|poke|p1|Lunala, L50|
|poke|p1|Miraidon, L50|
|poke|p1|Whimsicott, L50, M|
|poke|p1|Ursaluna, L50, M|
|poke|p1|Urshifu-*, L50, M|
|poke|p1|Incineroar, L50, M|
|poke|p2|Mimikyu, L50, M|
|poke|p2|Farigiraf, L50, M|
|poke|p2|Calyrex-Ice, L50|
|poke|p2|Kyogre, L50|
|poke|p2|Kingambit, L50, F|
|poke|p2|Tornadus, L50, M|
|teampreview|4
|inactive|Battle timer is ON: inactive players will automatically lose when time's up. (requested by TheClown64)
|
|t:|1750846596
|start
|switch|p1a: Ursaluna|Ursaluna, L50, M|100/100
|switch|p1b: Incineroar|Incineroar, L50, M, shiny|100/100
|switch|p2a: Mimikyu|Mimikyu, L50, M, shiny|100/100
|switch|p2b: Kyogre|Kyogre, L50|100/100
|-weather|RainDance|[from] ability: Drizzle|[of] p2b: Kyogre
|-ability|p1b: Incineroar|Intimidate|boost
|-unboost|p2a: Mimikyu|atk|1
|-unboost|p2b: Kyogre|atk|1
|turn|1
|
|t:|1750846618
|switch|p2b: Calyrex|Calyrex-Ice, L50|100/100
|-ability|p2b: Calyrex|As One
|-ability|p2b: Calyrex|Unnerve
|-terastallize|p1a: Ursaluna|Poison
|move|p1a: Ursaluna|Protect|p1a: Ursaluna
|-singleturn|p1a: Ursaluna|Protect
|move|p1b: Incineroar|Fake Out|p2b: Calyrex
|-damage|p2b: Calyrex|91/100
|move|p2a: Mimikyu|Trick Room|p2a: Mimikyu
|-fieldstart|move: Trick Room|[of] p2a: Mimikyu
|
|-weather|RainDance|[upkeep]
|-status|p1a: Ursaluna|brn|[from] item: Flame Orb
|upkeep
|turn|2
|inactive|bisharptoe6 has 30 seconds left.
|
|t:|1750846651
|move|p2b: Calyrex|High Horsepower|p1b: Incineroar
|-supereffective|p1b: Incineroar
|-damage|p1b: Incineroar|18/100
|move|p1a: Ursaluna|Facade|p2b: Calyrex
|-damage|p2b: Calyrex|11/100
|move|p1b: Incineroar|Knock Off|p2a: Mimikyu
|-activate|p2a: Mimikyu|ability: Disguise
|-damage|p2a: Mimikyu|100/100
|-enditem|p2a: Mimikyu|Mental Herb|[from] move: Knock Off|[of] p1b: Incineroar
|detailschange|p2a: Mimikyu|Mimikyu-Busted, L50, M, shiny
|-damage|p2a: Mimikyu|88/100|[from] pokemon: Mimikyu-Busted
|move|p2a: Mimikyu|Play Rough|p1b: Incineroar
|-damage|p1b: Incineroar|0 fnt
|faint|p1b: Incineroar
|
|-weather|RainDance|[upkeep]
|-damage|p1a: Ursaluna|95/100 brn|[from] brn
|upkeep
|
|t:|1750846674
|switch|p1b: Lunala|Lunala, L50, shiny|100/100
|turn|3
|
|t:|1750846682
|move|p2a: Mimikyu|Shadow Sneak|p1b: Lunala
|-supereffective|p1b: Lunala
|-damage|p1b: Lunala|87/100
|move|p2b: Calyrex|Glacial Lance|p1b: Lunala|[spread] p1a,p1b
|-damage|p1a: Ursaluna|49/100 brn
|-damage|p1b: Lunala|38/100
|move|p1a: Ursaluna|Facade|p2b: Calyrex
|-damage|p2b: Calyrex|0 fnt
|faint|p2b: Calyrex
|move|p1b: Lunala|Moongeist Beam|p2a: Mimikyu
|-supereffective|p2a: Mimikyu
|-damage|p2a: Mimikyu|0 fnt
|faint|p2a: Mimikyu
|
|-weather|RainDance|[upkeep]
|-damage|p1a: Ursaluna|43/100 brn|[from] brn
|upkeep
|
|t:|1750846701
|switch|p2b: Farigiraf|Farigiraf, L50, M|100/100
|switch|p2a: Kyogre|Kyogre, L50|100/100
|turn|4
|
|t:|1750846719
|-terastallize|p2a: Kyogre|Water
|move|p2b: Farigiraf|Ally Switch|p2b: Farigiraf
|swap|p2b: Farigiraf|0|[from] move: Ally Switch
|move|p1a: Ursaluna|Facade|p2b: Kyogre
|-crit|p2b: Kyogre
|-damage|p2b: Kyogre|0 fnt
|faint|p2b: Kyogre
|move|p1b: Lunala|Moonblast|p2a: Farigiraf
|-damage|p2a: Farigiraf|70/100
|
|-weather|RainDance|[upkeep]
|-damage|p1a: Ursaluna|37/100 brn|[from] brn
|upkeep
|turn|5
|-message|bisharptoe6 forfeited.
|
|win|TheClown64
|raw|TheClown64's rating: 1085 &rarr; <strong>1111</strong><br />(+26 for winning)
|raw|bisharptoe6's rating: 1072 &rarr; <strong>1052</strong><br />(-20 for losing)
|l|☆bisharptoe6
|player|p2|
|l|☆TheClown64
|player|p1|
