|j|☆PapiMamiSisi
|j|☆B-rad544
|t:|1750828583
|gametype|doubles
|player|p1|PapiMamiSisi|doubleteam|1242
|player|p2|B-rad544|infielder|1343
|teamsize|p1|6
|teamsize|p2|6
|gen|9
|tier|[Gen 9] VGC 2025 Reg I
|rated|
|rule|Species Clause: Limit one of each Pokémon
|rule|Item Clause: Limit 1 of each item
|clearpoke
|poke|p1|Koraidon, L50|
|poke|p1|Terapagos, L50, M|
|poke|p1|Flutter Mane, L50|
|poke|p1|Rillaboom, L50, M|
|poke|p1|Incineroar, L50, M|
|poke|p1|Volcarona, L50, M|
|poke|p2|Grimmsnarl, L50, M|
|poke|p2|Calyrex-Shadow, L50|
|poke|p2|Landorus, L50, M|
|poke|p2|Ogerpon-Wellspring, L50, F|
|poke|p2|Incineroar, L50, M|
|poke|p2|Solgaleo, L50|
|teampreview|4
|inactive|Battle timer is ON: inactive players will automatically lose when time's up. (requested by PapiMamiSisi)
|
|t:|1750828607
|start
|switch|p1a: Koraidon|Koraidon, L50|100/100
|switch|p1b: Flutter Mane|Flutter Mane, L50|100/100
|switch|p2a: Solgaleo|Solgaleo, L50|100/100
|switch|p2b: Calyrex|Calyrex-Shadow, L50|100/100
|-ability|p2b: Calyrex|As One
|-ability|p2b: Calyrex|Unnerve
|-weather|SunnyDay|[from] ability: Orichalcum Pulse|[of] p1a: Koraidon
|-activate|p1b: Flutter Mane|ability: Protosynthesis
|-start|p1b: Flutter Mane|protosynthesisspe
|-activate|p1a: Koraidon|Orichalcum Pulse|[source]
|turn|1
|inactive|B-rad544 has 30 seconds left.
|
|t:|1750828636
|-terastallize|p2a: Solgaleo|Rock
|move|p2b: Calyrex|Protect|p2b: Calyrex
|-singleturn|p2b: Calyrex|Protect
|move|p1b: Flutter Mane|Shadow Ball|p2b: Calyrex
|-activate|p2b: Calyrex|move: Protect
|move|p1a: Koraidon|Flame Charge|p2a: Solgaleo
|-resisted|p2a: Solgaleo
|-damage|p2a: Solgaleo|83/100
|-boost|p1a: Koraidon|spe|1
|-damage|p1a: Koraidon|91/100|[from] item: Life Orb
|move|p2a: Solgaleo|Psychic Fangs|p1a: Koraidon
|-supereffective|p1a: Koraidon
|-damage|p1a: Koraidon|4/100
|
|-weather|SunnyDay|[upkeep]
|upkeep
|turn|2
|inactive|B-rad544 has 30 seconds left.
|
|t:|1750828664
|move|p2a: Solgaleo|Protect|p2a: Solgaleo
|-singleturn|p2a: Solgaleo|Protect
|move|p1b: Flutter Mane|Shadow Ball|p2b: Calyrex
|-supereffective|p2b: Calyrex
|-enditem|p2b: Calyrex|Focus Sash
|-damage|p2b: Calyrex|1/100
|move|p1a: Koraidon|Close Combat|p2a: Solgaleo
|-activate|p2a: Solgaleo|move: Protect
|move|p2b: Calyrex|Astral Barrage|p1b: Flutter Mane|[spread] p1a,p1b
|-supereffective|p1b: Flutter Mane
|-damage|p1a: Koraidon|0 fnt
|-enditem|p1b: Flutter Mane|Focus Sash
|-damage|p1b: Flutter Mane|1/100
|faint|p1a: Koraidon
|-ability|p2b: Calyrex|Grim Neigh|boost
|-boost|p2b: Calyrex|spa|1
|
|-weather|SunnyDay|[upkeep]
|upkeep
|inactive|PapiMamiSisi has 30 seconds left.
|
|t:|1750828690
|switch|p1a: Incineroar|Incineroar, L50, M|100/100
|-ability|p1a: Incineroar|Intimidate|boost
|-fail|p2a: Solgaleo|unboost|[from] ability: Full Metal Body|[of] p2a: Solgaleo
|-unboost|p2b: Calyrex|atk|1
|turn|3
|
|t:|1750828699
|move|p2b: Calyrex|Protect|p2b: Calyrex
|-singleturn|p2b: Calyrex|Protect
|move|p1a: Incineroar|Fake Out|p2a: Solgaleo
|-resisted|p2a: Solgaleo
|-crit|p2a: Solgaleo
|-damage|p2a: Solgaleo|77/100
|move|p1b: Flutter Mane|Shadow Ball|p2b: Calyrex
|-activate|p2b: Calyrex|move: Protect
|cant|p2a: Solgaleo|flinch
|
|-weather|SunnyDay|[upkeep]
|upkeep
|turn|4
|inactive|PapiMamiSisi has 30 seconds left.
|inactive|PapiMamiSisi has 20 seconds left.
|inactive|PapiMamiSisi has 15 seconds left.
|inactive|PapiMamiSisi has 10 seconds left.
|inactive|PapiMamiSisi has 5 seconds left.
|
|t:|1750828754
|switch|p2b: Ogerpon|Ogerpon-Wellspring, L50, F|100/100
|move|p1b: Flutter Mane|Moonblast|p2a: Solgaleo
|-damage|p2a: Solgaleo|34/100
|move|p2a: Solgaleo|Rock Slide|p1b: Flutter Mane|[spread] p1a
|-miss|p2a: Solgaleo|p1b: Flutter Mane
|-supereffective|p1a: Incineroar
|-damage|p1a: Incineroar|59/100
|move|p1a: Incineroar|Knock Off|p2b: Ogerpon
|-damage|p2b: Ogerpon|75/100
|
|-weather|SunnyDay|[upkeep]
|upkeep
|turn|5
|inactive|PapiMamiSisi has 30 seconds left.
|inactive|PapiMamiSisi has 20 seconds left.
|inactive|PapiMamiSisi has 15 seconds left.
|inactive|PapiMamiSisi has 10 seconds left.
|inactive|B-rad544 has 30 seconds left.
|inactive|PapiMamiSisi has 5 seconds left.
|
|t:|1750828809
|move|p2a: Solgaleo|Protect|p2a: Solgaleo
|-singleturn|p2a: Solgaleo|Protect
|move|p1b: Flutter Mane|Moonblast|p2b: Ogerpon
|-damage|p2b: Ogerpon|23/100
|move|p2b: Ogerpon|Ivy Cudgel|p1b: Flutter Mane|[anim] Ivy Cudgel Water
|-damage|p1b: Flutter Mane|0 fnt
|faint|p1b: Flutter Mane
|-end|p1b: Flutter Mane|Protosynthesis|[silent]
|move|p1a: Incineroar|Knock Off|p2b: Ogerpon
|-damage|p2b: Ogerpon|0 fnt
|faint|p2b: Ogerpon
|
|-weather|none
|upkeep
|inactive|PapiMamiSisi has 30 seconds left.
|inactive|PapiMamiSisi has 20 seconds left.
|inactive|PapiMamiSisi has 15 seconds left.
|inactive|PapiMamiSisi has 10 seconds left.
|inactive|PapiMamiSisi has 5 seconds left.
|
|t:|1750828864
|switch|p1b: Terapagos|Terapagos, L50, M|100/100
|switch|p2b: Calyrex|Calyrex-Shadow, L50|1/100
|-activate|p1b: Terapagos|ability: Tera Shift
|detailschange|p1b: Terapagos|Terapagos-Terastal, L50, M
|-heal|p1b: Terapagos|100/100|[silent]
|-ability|p2b: Calyrex|As One
|-ability|p2b: Calyrex|Unnerve
|turn|6
|inactive|PapiMamiSisi has 30 seconds left.
|inactive|PapiMamiSisi has 20 seconds left.
|inactive|PapiMamiSisi has 15 seconds left.
|inactive|PapiMamiSisi has 10 seconds left.
|inactive|PapiMamiSisi has 5 seconds left.
|
|t:|1750828919
|move|p2b: Calyrex|Bulldoze|p1b: Terapagos|[spread] p2a,p1a,p1b
|-supereffective|p2a: Solgaleo
|-supereffective|p1a: Incineroar
|-activate|p1b: Terapagos|ability: Tera Shell
|-resisted|p1b: Terapagos
|-damage|p2a: Solgaleo|21/100
|-damage|p1a: Incineroar|48/100
|-damage|p1b: Terapagos|98/100
|-unboost|p1a: Incineroar|spe|1
|-unboost|p1b: Terapagos|spe|1
|-enditem|p2a: Solgaleo|Weakness Policy
|-boost|p2a: Solgaleo|atk|2|[from] item: Weakness Policy
|-boost|p2a: Solgaleo|spa|2|[from] item: Weakness Policy
|move|p2a: Solgaleo|Rock Slide|p1b: Terapagos|[spread] p1a,p1b
|-supereffective|p1a: Incineroar
|-damage|p1a: Incineroar|0 fnt
|-damage|p1b: Terapagos|56/100
|faint|p1a: Incineroar
|cant|p1b: Terapagos|flinch
|
|-heal|p1b: Terapagos|62/100|[from] item: Leftovers
|upkeep
|turn|7
|inactive|PapiMamiSisi has 30 seconds left.
|inactive|PapiMamiSisi has 20 seconds left.
|inactive|PapiMamiSisi has 15 seconds left.
|inactive|PapiMamiSisi has 10 seconds left.
|inactive|PapiMamiSisi has 5 seconds left.
|
|t:|1750828974
|move|p2b: Calyrex|Pollen Puff|p2a: Solgaleo
|-heal|p2a: Solgaleo|70/100
|move|p2a: Solgaleo|Sunsteel Strike|p1b: Terapagos
|-damage|p1b: Terapagos|0 fnt
|faint|p1b: Terapagos
|
|win|B-rad544
|raw|PapiMamiSisi's rating: 1242 &rarr; <strong>1224</strong><br />(-18 for losing)
|raw|B-rad544's rating: 1343 &rarr; <strong>1357</strong><br />(+14 for winning)
|l|☆B-rad544
|player|p2|
|l|☆PapiMamiSisi
|player|p1|
