|j|☆It'sJustKen VGC
|j|☆A Regu1ar Guy
|t:|1750728001
|gametype|doubles
|player|p1|It'sJustKen VGC|caitlin|1538
|player|p2|A Regu1ar Guy|elesa|1725
|teamsize|p1|6
|teamsize|p2|6
|gen|9
|tier|[Gen 9] VGC 2025 Reg I
|rated|
|rule|Species Clause: Limit one of each Pokémon
|rule|Item Clause: Limit 1 of each item
|clearpoke
|poke|p1|Incineroar, L50, M|
|poke|p1|Urshifu-*, L50, F|
|poke|p1|Amoonguss, L50, M|
|poke|p1|Calyrex-Shadow, L50|
|poke|p1|Tornadus, L50, M|
|poke|p1|Terapagos, L50, M|
|poke|p2|Calyrex-Shadow, L50|
|poke|p2|Zamazenta-*, L50|
|poke|p2|Chien-Pao, L50|
|poke|p2|Rillaboom, L50, F|
|poke|p2|Raging Bolt, L50|
|poke|p2|Ogerpon-Hearthflame, L50, F|
|teampreview|4
|inactive|Battle timer is ON: inactive players will automatically lose when time's up. (requested by It'sJustKen VGC)
|inactive|It'sJustKen VGC has 60 seconds left.
|inactive|A Regu1ar Guy has 60 seconds left.
|
|t:|1750728048
|start
|switch|p1a: @Not Wolfe Glick|Incineroar, L50, M|100/100
|switch|p1b: Steven He|Urshifu-Rapid-Strike, L50, F|100/100
|switch|p2a: Zamazenta|Zamazenta-Crowned, L50|100/100
|switch|p2b: Chien-Pao|Chien-Pao, L50|100/100
|-ability|p2b: Chien-Pao|Sword of Ruin
|-ability|p2a: Zamazenta|Dauntless Shield|boost
|-boost|p2a: Zamazenta|def|1
|-ability|p1a: @Not Wolfe Glick|Intimidate|boost
|-unboost|p2a: Zamazenta|atk|1
|-unboost|p2b: Chien-Pao|atk|1
|turn|1
|
|t:|1750728058
|switch|p2b: Raging Bolt|Raging Bolt, L50|100/100
|-enditem|p2b: Raging Bolt|Booster Energy
|-activate|p2b: Raging Bolt|ability: Protosynthesis|[fromitem]
|-start|p2b: Raging Bolt|protosynthesisspa
|-terastallize|p1b: Steven He|Water
|move|p1a: @Not Wolfe Glick|Fake Out|p2a: Zamazenta
|-resisted|p2a: Zamazenta
|-damage|p2a: Zamazenta|98/100
|move|p1b: Steven He|Surging Strikes|p2a: Zamazenta
|-crit|p2a: Zamazenta
|-damage|p2a: Zamazenta|80/100
|-crit|p2a: Zamazenta
|-damage|p2a: Zamazenta|63/100
|-crit|p2a: Zamazenta
|-damage|p2a: Zamazenta|44/100
|-hitcount|p2a: Zamazenta|3
|cant|p2a: Zamazenta|flinch
|
|upkeep
|turn|2
|
|t:|1750728072
|switch|p1b: PTSD Mushroom|Amoonguss, L50, M|100/100
|switch|p1a: Chicken Jockey|Calyrex-Shadow, L50|100/100
|-ability|p1a: Chicken Jockey|As One
|-ability|p1a: Chicken Jockey|Unnerve
|move|p2a: Zamazenta|Body Press|p1b: PTSD Mushroom
|-resisted|p1b: PTSD Mushroom
|-damage|p1b: PTSD Mushroom|72/100
|move|p2b: Raging Bolt|Thunderbolt|p1b: PTSD Mushroom
|-resisted|p1b: PTSD Mushroom
|-damage|p1b: PTSD Mushroom|40/100
|-enditem|p1b: PTSD Mushroom|Sitrus Berry|[eat]
|-heal|p1b: PTSD Mushroom|65/100|[from] item: Sitrus Berry
|
|upkeep
|turn|3
|
|t:|1750728085
|move|p2a: Zamazenta|Wide Guard|p2a: Zamazenta
|-singleturn|p2a: Zamazenta|Wide Guard
|move|p1a: Chicken Jockey|Astral Barrage|p2b: Raging Bolt|[spread] 
|-activate|p2a: Zamazenta|move: Wide Guard
|-activate|p2b: Raging Bolt|move: Wide Guard
|move|p2b: Raging Bolt|Draco Meteor|p1b: PTSD Mushroom
|-damage|p1b: PTSD Mushroom|0 fnt
|-unboost|p2b: Raging Bolt|spa|2
|faint|p1b: PTSD Mushroom
|
|upkeep
|
|t:|1750728095
|switch|p1b: Steven He|Urshifu-Rapid-Strike, L50, F, tera:Water|100/100
|turn|4
|
|t:|1750728111
|switch|p1b: @Not Wolfe Glick|Incineroar, L50, M|100/100
|-ability|p1b: @Not Wolfe Glick|Intimidate|boost
|-unboost|p2a: Zamazenta|atk|1
|-unboost|p2b: Raging Bolt|atk|1
|move|p2a: Zamazenta|Wide Guard|p2a: Zamazenta
|-singleturn|p2a: Zamazenta|Wide Guard
|move|p2b: Raging Bolt|Thunderclap||[still]
|-fail|p2b: Raging Bolt
|move|p1a: Chicken Jockey|Astral Barrage|p2b: Raging Bolt|[spread] 
|-activate|p2a: Zamazenta|move: Wide Guard
|-activate|p2b: Raging Bolt|move: Wide Guard
|
|upkeep
|turn|5
|
|t:|1750728125
|-end|p2b: Raging Bolt|Protosynthesis|[silent]
|switch|p2b: Chien-Pao|Chien-Pao, L50|100/100
|-ability|p2b: Chien-Pao|Sword of Ruin
|move|p2a: Zamazenta|Wide Guard|p2a: Zamazenta
|-singleturn|p2a: Zamazenta|Wide Guard
|move|p1b: @Not Wolfe Glick|Fake Out|p2b: Chien-Pao
|-damage|p2b: Chien-Pao|82/100
|move|p1a: Chicken Jockey|Astral Barrage|p2b: Chien-Pao|[spread] 
|-activate|p2a: Zamazenta|move: Wide Guard
|-activate|p2b: Chien-Pao|move: Wide Guard
|
|upkeep
|turn|6
|
|t:|1750728144
|switch|p1b: Steven He|Urshifu-Rapid-Strike, L50, F, tera:Water|100/100
|move|p1a: Chicken Jockey|Protect|p1a: Chicken Jockey
|-singleturn|p1a: Chicken Jockey|Protect
|move|p2b: Chien-Pao|Sucker Punch||[still]
|-fail|p2b: Chien-Pao
|move|p2a: Zamazenta|Body Press|p1b: Steven He
|-damage|p1b: Steven He|2/100
|
|upkeep
|turn|7
|
|t:|1750728151
|switch|p1b: @Not Wolfe Glick|Incineroar, L50, M|100/100
|-ability|p1b: @Not Wolfe Glick|Intimidate|boost
|-unboost|p2a: Zamazenta|atk|1
|-unboost|p2b: Chien-Pao|atk|1
|move|p2a: Zamazenta|Wide Guard|p2a: Zamazenta
|-singleturn|p2a: Zamazenta|Wide Guard
|move|p2b: Chien-Pao|Sucker Punch||[still]
|-fail|p2b: Chien-Pao
|move|p1a: Chicken Jockey|Astral Barrage|p2b: Chien-Pao|[spread] 
|-activate|p2a: Zamazenta|move: Wide Guard
|-activate|p2b: Chien-Pao|move: Wide Guard
|
|upkeep
|turn|8
|
|t:|1750728173
|switch|p1a: Steven He|Urshifu-Rapid-Strike, L50, F, tera:Water|2/100
|move|p2a: Zamazenta|Wide Guard|p2a: Zamazenta
|-singleturn|p2a: Zamazenta|Wide Guard
|move|p2b: Chien-Pao|Sucker Punch||[still]
|-fail|p2b: Chien-Pao
|move|p1b: @Not Wolfe Glick|U-turn|p2b: Chien-Pao
|-supereffective|p2b: Chien-Pao
|-damage|p2b: Chien-Pao|26/100
|
|t:|1750728175
|switch|p1b: Chicken Jockey|Calyrex-Shadow, L50|100/100|[from] U-turn
|-ability|p1b: Chicken Jockey|As One
|-ability|p1b: Chicken Jockey|Unnerve
|
|upkeep
|turn|9
|
|t:|1750728184
|move|p2a: Zamazenta|Wide Guard|p2a: Zamazenta
|-singleturn|p2a: Zamazenta|Wide Guard
|move|p1a: Steven He|Aqua Jet|p2b: Chien-Pao
|-damage|p2b: Chien-Pao|0 fnt
|faint|p2b: Chien-Pao
|move|p1b: Chicken Jockey|Psychic|p2a: Zamazenta
|-damage|p2a: Zamazenta|0 fnt
|faint|p2a: Zamazenta
|-ability|p1b: Chicken Jockey|Grim Neigh|boost
|-boost|p1b: Chicken Jockey|spa|1
|-damage|p1b: Chicken Jockey|91/100|[from] item: Life Orb
|
|upkeep
|
|t:|1750728186
|switch|p2b: Calyrex|Calyrex-Shadow, L50|100/100
|switch|p2a: Raging Bolt|Raging Bolt, L50|100/100
|-ability|p2b: Calyrex|As One
|-ability|p2b: Calyrex|Unnerve
|turn|10
|
|t:|1750728193
|switch|p1a: @Not Wolfe Glick|Incineroar, L50, M|100/100
|-ability|p1a: @Not Wolfe Glick|Intimidate|boost
|-unboost|p2a: Raging Bolt|atk|1
|-unboost|p2b: Calyrex|atk|1
|-terastallize|p2a: Raging Bolt|Electric
|move|p2a: Raging Bolt|Thunderclap|p1b: Chicken Jockey
|-damage|p1b: Chicken Jockey|41/100
|move|p2b: Calyrex|Astral Barrage|p1a: @Not Wolfe Glick|[spread] p1a,p1b
|-resisted|p1a: @Not Wolfe Glick
|-supereffective|p1b: Chicken Jockey
|-damage|p1a: @Not Wolfe Glick|81/100
|-damage|p1b: Chicken Jockey|0 fnt
|faint|p1b: Chicken Jockey
|-ability|p2b: Calyrex|Grim Neigh|boost
|-boost|p2b: Calyrex|spa|1
|
|upkeep
|
|t:|1750728196
|switch|p1b: Steven He|Urshifu-Rapid-Strike, L50, F, tera:Water|2/100
|turn|11
|
|t:|1750728206
|move|p1a: @Not Wolfe Glick|Fake Out|p2a: Raging Bolt
|-damage|p2a: Raging Bolt|90/100
|cant|p2a: Raging Bolt|flinch
|move|p1b: Steven He|Surging Strikes|p2b: Calyrex
|-crit|p2b: Calyrex
|-damage|p2b: Calyrex|62/100
|-crit|p2b: Calyrex
|-damage|p2b: Calyrex|27/100
|-crit|p2b: Calyrex
|-damage|p2b: Calyrex|0 fnt
|faint|p2b: Calyrex
|-hitcount|p2: Calyrex|3
|
|upkeep
|turn|12
|
|t:|1750728213
|move|p2a: Raging Bolt|Thunderclap|p1b: Steven He
|-supereffective|p1b: Steven He
|-damage|p1b: Steven He|0 fnt
|faint|p1b: Steven He
|move|p1a: @Not Wolfe Glick|Flare Blitz|p2a: Raging Bolt
|-damage|p2a: Raging Bolt|46/100
|-damage|p1a: @Not Wolfe Glick|64/100|[from] Recoil
|
|upkeep
|turn|13
|
|t:|1750728219
|move|p1a: @Not Wolfe Glick|Flare Blitz|p2a: Raging Bolt
|-damage|p2a: Raging Bolt|0 fnt
|faint|p2a: Raging Bolt
|-end|p2a: Raging Bolt|Protosynthesis|[silent]
|-damage|p1a: @Not Wolfe Glick|46/100|[from] Recoil
|
|win|It'sJustKen VGC
|raw|It&apos;sJustKen VGC's rating: 1538 &rarr; <strong>1568</strong><br />(+30 for winning)
|raw|A Regu1ar Guy's rating: 1725 &rarr; <strong>1695</strong><br />(-30 for losing)
