|j|☆25th_mang
|j|☆AttackonGolurk
|t:|1750735577
|gametype|doubles
|player|p1|25th_mang|ballguy|1352
|player|p2|AttackonGolurk|steven|1286
|teamsize|p1|6
|teamsize|p2|6
|gen|9
|tier|[Gen 9] VGC 2025 Reg I
|rated|
|rule|Species Clause: Limit one of each Pokémon
|rule|Item Clause: Limit 1 of each item
|clearpoke
|poke|p1|Tornadus, L50, M|
|poke|p1|Kyogre, L50|
|poke|p1|Urshifu-*, L50, M|
|poke|p1|Zacian-*, L50|
|poke|p1|Landorus, L50, M|
|poke|p1|Tsareena, L50, F|
|poke|p2|Miraidon, L50|
|poke|p2|Zamazenta-*, L50|
|poke|p2|Grimmsnarl, L50, M|
|poke|p2|Chien-Pao, L50|
|poke|p2|Volcarona, L50, F|
|poke|p2|Iron Hands, L50|
|teampreview|4
|inactive|Battle timer is ON: inactive players will automatically lose when time's up. (requested by 25th_mang)
|inactive|AttackonGolurk has 60 seconds left.
|
|t:|1750735610
|start
|switch|p1a: CAUTION WET FLOOR|Zacian-Crowned, L50|100/100
|switch|p1b: HER MAJESTY|Tsareena, L50, F, shiny|100/100
|switch|p2a: Grimmsnarl|Grimmsnarl, L50, M|100/100
|switch|p2b: Volcarona|Volcarona, L50, F|100/100
|-ability|p1a: CAUTION WET FLOOR|Intrepid Sword|boost
|-boost|p1a: CAUTION WET FLOOR|atk|1
|turn|1
|
|t:|1750735625
|move|p2a: Grimmsnarl|Reflect|p2a: Grimmsnarl
|-sidestart|p2: AttackonGolurk|Reflect
|move|p1a: CAUTION WET FLOOR|Behemoth Blade|p2a: Grimmsnarl
|-supereffective|p2a: Grimmsnarl
|-damage|p2a: Grimmsnarl|0 fnt
|faint|p2a: Grimmsnarl
|move|p2b: Volcarona|Quiver Dance|p2b: Volcarona
|-boost|p2b: Volcarona|spa|1
|-boost|p2b: Volcarona|spd|1
|-boost|p2b: Volcarona|spe|1
|move|p1b: HER MAJESTY|Taunt|p2b: Volcarona
|-start|p2b: Volcarona|move: Taunt
|
|upkeep
|
|t:|1750735642
|switch|p2a: Miraidon|Miraidon, L50|100/100
|-fieldstart|move: Electric Terrain|[from] ability: Hadron Engine|[of] p2a: Miraidon
|turn|2
|
|t:|1750735657
|move|p1a: CAUTION WET FLOOR|Protect|p1a: CAUTION WET FLOOR
|-singleturn|p1a: CAUTION WET FLOOR|Protect
|move|p2b: Volcarona|Flamethrower|p1b: HER MAJESTY
|-supereffective|p1b: HER MAJESTY
|-damage|p1b: HER MAJESTY|0 fnt
|faint|p1b: HER MAJESTY
|move|p2a: Miraidon|Volt Switch|p1a: CAUTION WET FLOOR
|-activate|p1a: CAUTION WET FLOOR|move: Protect
|
|upkeep
|inactive|25th_mang has 30 seconds left.
|
|t:|1750735689
|switch|p1b: BORN TO WET|Kyogre, L50, shiny|100/100
|-weather|RainDance|[from] ability: Drizzle|[of] p1b: BORN TO WET
|turn|3
|inactive|25th_mang has 30 seconds left.
|
|t:|1750735722
|-terastallize|p2b: Volcarona|Dragon
|move|p2b: Volcarona|Struggle Bug|p1b: BORN TO WET|[spread] p1a,p1b
|-resisted|p1a: CAUTION WET FLOOR
|-damage|p1a: CAUTION WET FLOOR|96/100
|-damage|p1b: BORN TO WET|83/100
|-unboost|p1a: CAUTION WET FLOOR|spa|1
|-unboost|p1b: BORN TO WET|spa|1
|move|p1b: BORN TO WET|Water Spout|p2a: Miraidon|[spread] p2a,p2b
|-resisted|p2a: Miraidon
|-resisted|p2b: Volcarona
|-damage|p2a: Miraidon|73/100
|-damage|p2b: Volcarona|83/100
|move|p1a: CAUTION WET FLOOR|Play Rough|p2a: Miraidon
|-supereffective|p2a: Miraidon
|-damage|p2a: Miraidon|0 fnt
|faint|p2a: Miraidon
|
|-weather|RainDance|[upkeep]
|-heal|p2b: Volcarona|90/100|[from] item: Leftovers
|upkeep
|
|t:|1750735735
|switch|p2a: Zamazenta|Zamazenta-Crowned, L50|100/100
|-ability|p2a: Zamazenta|Dauntless Shield|boost
|-boost|p2a: Zamazenta|def|1
|turn|4
|
|t:|1750735754
|move|p2b: Volcarona|Flamethrower|p1a: CAUTION WET FLOOR
|-supereffective|p1a: CAUTION WET FLOOR
|-damage|p1a: CAUTION WET FLOOR|45/100
|move|p1b: BORN TO WET|Water Spout|p2b: Volcarona|[spread] p2a,p2b
|-resisted|p2b: Volcarona
|-damage|p2a: Zamazenta|63/100
|-damage|p2b: Volcarona|73/100
|move|p1a: CAUTION WET FLOOR|Play Rough|p2b: Volcarona|[miss]
|-miss|p1a: CAUTION WET FLOOR|p2b: Volcarona
|move|p2a: Zamazenta|Body Press|p1a: CAUTION WET FLOOR
|-damage|p1a: CAUTION WET FLOOR|0 fnt
|faint|p1a: CAUTION WET FLOOR
|
|-weather|RainDance|[upkeep]
|-heal|p2b: Volcarona|79/100|[from] item: Leftovers
|-end|p2b: Volcarona|move: Taunt
|upkeep
|
|t:|1750735765
|switch|p1a: ALSO WET|Landorus, L50, M|100/100
|turn|5
|
|t:|1750735773
|move|p2a: Zamazenta|Wide Guard|p2a: Zamazenta
|-singleturn|p2a: Zamazenta|Wide Guard
|move|p2b: Volcarona|Struggle Bug|p1b: BORN TO WET|[spread] p1a,p1b
|-resisted|p1a: ALSO WET
|-damage|p1a: ALSO WET|83/100
|-damage|p1b: BORN TO WET|62/100
|-unboost|p1a: ALSO WET|spa|1
|-unboost|p1b: BORN TO WET|spa|1
|move|p1b: BORN TO WET|Water Spout|p2b: Volcarona|[spread] 
|-activate|p2a: Zamazenta|move: Wide Guard
|-activate|p2b: Volcarona|move: Wide Guard
|move|p1a: ALSO WET|Earth Power|p2a: Zamazenta
|-supereffective|p2a: Zamazenta
|-damage|p2a: Zamazenta|0 fnt
|faint|p2a: Zamazenta
|
|-weather|RainDance|[upkeep]
|-heal|p2b: Volcarona|85/100|[from] item: Leftovers
|upkeep
|turn|6
|
|t:|1750735796
|move|p2b: Volcarona|Quiver Dance|p2b: Volcarona
|-boost|p2b: Volcarona|spa|1
|-boost|p2b: Volcarona|spd|1
|-boost|p2b: Volcarona|spe|1
|move|p1b: BORN TO WET|Water Spout|p2b: Volcarona
|-resisted|p2b: Volcarona
|-damage|p2b: Volcarona|74/100
|move|p1a: ALSO WET|Earth Power|p2b: Volcarona
|-damage|p2b: Volcarona|52/100
|
|-weather|RainDance|[upkeep]
|-heal|p2b: Volcarona|58/100|[from] item: Leftovers
|-fieldend|move: Electric Terrain
|upkeep
|turn|7
|
|t:|1750735813
|move|p2b: Volcarona|Protect|p2b: Volcarona
|-singleturn|p2b: Volcarona|Protect
|move|p1b: BORN TO WET|Water Spout|p2b: Volcarona
|-activate|p2b: Volcarona|move: Protect
|move|p1a: ALSO WET|Sandsear Storm|p2b: Volcarona
|-activate|p2b: Volcarona|move: Protect
|
|-weather|none
|-heal|p2b: Volcarona|65/100|[from] item: Leftovers
|upkeep
|turn|8
|
|t:|1750735824
|move|p2b: Volcarona|Struggle Bug|p1a: ALSO WET|[spread] p1a,p1b
|-resisted|p1a: ALSO WET
|-damage|p1a: ALSO WET|61/100
|-damage|p1b: BORN TO WET|36/100
|-unboost|p1a: ALSO WET|spa|1
|-unboost|p1b: BORN TO WET|spa|1
|move|p1b: BORN TO WET|Water Spout|p2b: Volcarona
|-resisted|p2b: Volcarona
|-damage|p2b: Volcarona|61/100
|move|p1a: ALSO WET|Earth Power|p2b: Volcarona
|-damage|p2b: Volcarona|43/100
|
|-heal|p2b: Volcarona|49/100|[from] item: Leftovers
|-sideend|p2: AttackonGolurk|Reflect
|upkeep
|turn|9
|
|t:|1750735842
|move|p2b: Volcarona|Protect|p2b: Volcarona
|-singleturn|p2b: Volcarona|Protect
|move|p1b: BORN TO WET|Water Spout|p2b: Volcarona
|-activate|p2b: Volcarona|move: Protect
|move|p1a: ALSO WET|Earth Power|p2b: Volcarona
|-activate|p2b: Volcarona|move: Protect
|
|-heal|p2b: Volcarona|56/100|[from] item: Leftovers
|upkeep
|turn|10
|
|t:|1750735847
|move|p2b: Volcarona|Quiver Dance|p2b: Volcarona
|-boost|p2b: Volcarona|spa|1
|-boost|p2b: Volcarona|spd|1
|-boost|p2b: Volcarona|spe|1
|move|p1b: BORN TO WET|Water Spout|p2b: Volcarona
|-resisted|p2b: Volcarona
|-damage|p2b: Volcarona|53/100
|move|p1a: ALSO WET|Earth Power|p2b: Volcarona
|-damage|p2b: Volcarona|38/100
|
|-heal|p2b: Volcarona|44/100|[from] item: Leftovers
|upkeep
|turn|11
|
|t:|1750735851
|move|p2b: Volcarona|Protect|p2b: Volcarona
|-singleturn|p2b: Volcarona|Protect
|-activate|p1b: BORN TO WET|move: Struggle
|move|p1b: BORN TO WET|Struggle|p2b: Volcarona
|-activate|p2b: Volcarona|move: Protect
|move|p1a: ALSO WET|Earth Power|p2b: Volcarona
|-activate|p2b: Volcarona|move: Protect
|
|-heal|p2b: Volcarona|50/100|[from] item: Leftovers
|upkeep
|turn|12
|
|t:|1750735857
|move|p2b: Volcarona|Struggle Bug|p1a: ALSO WET|[spread] p1a,p1b
|-resisted|p1a: ALSO WET
|-damage|p1a: ALSO WET|31/100
|-damage|p1b: BORN TO WET|5/100
|-unboost|p1a: ALSO WET|spa|1
|-unboost|p1b: BORN TO WET|spa|1
|-activate|p1b: BORN TO WET|move: Struggle
|move|p1b: BORN TO WET|Struggle|p2b: Volcarona
|-damage|p2b: Volcarona|39/100
|-damage|p1b: BORN TO WET|0 fnt|[from] recoil
|faint|p1b: BORN TO WET
|move|p1a: ALSO WET|Earth Power|p2b: Volcarona
|-damage|p2b: Volcarona|28/100
|
|-heal|p2b: Volcarona|34/100|[from] item: Leftovers
|upkeep
|turn|13
|
|t:|1750735873
|move|p2b: Volcarona|Flamethrower|p1a: ALSO WET
|-damage|p1a: ALSO WET|0 fnt
|faint|p1a: ALSO WET
|
|win|AttackonGolurk
|raw|25th_mang's rating: 1352 &rarr; <strong>1328</strong><br />(-24 for losing)
|raw|AttackonGolurk's rating: 1286 &rarr; <strong>1316</strong><br />(+30 for winning)
|c|☆AttackonGolurk|Gg wp
|c|☆25th_mang|Gg
