|j|☆TommyGuapo
|j|☆Agent VGD
|t:|1750839278
|gametype|doubles
|player|p1|TommyGuapo|101|1387
|player|p2|Agent VGD|camper|1313
|teamsize|p1|5
|teamsize|p2|6
|gen|9
|tier|[Gen 9] VGC 2025 Reg I
|rated|
|rule|Species Clause: Limit one of each Pokémon
|rule|Item Clause: Limit 1 of each item
|clearpoke
|poke|p1|Zacian-*, L50|
|poke|p1|Giratina-Origin, L50|
|poke|p1|Urshifu-*, L50, M|
|poke|p1|Chien-Pao, L50|
|poke|p1|Tornadus, L50, M|
|poke|p2|Tyranitar, L50, F|
|poke|p2|Excadrill, L50, M|
|poke|p2|Zamazenta-*, L50|
|poke|p2|Iron Bundle, L50|
|poke|p2|Raging Bolt, L50|
|poke|p2|Reshiram, L50|
|teampreview|4
|inactive|Battle timer is ON: inactive players will automatically lose when time's up. (requested by TommyGuapo)
TommyGuapo has agreed to open team sheets.
|inactive|TommyGuapo has 60 seconds left.
|inactive|TommyGuapo has 30 seconds left.
|inactive|TommyGuapo has 20 seconds left.
|inactive|TommyGuapo has 15 seconds left.
|
|t:|1750839359
|start
|switch|p1a: Urshifu|Urshifu-Rapid-Strike, L50, M|100/100
|switch|p1b: Zacian|Zacian-Crowned, L50|100/100
|switch|p2a: Tyranitar|Tyranitar, L50, F|100/100
|switch|p2b: Zamazenta|Zamazenta-Crowned, L50|100/100
|-ability|p1b: Zacian|Intrepid Sword|boost
|-boost|p1b: Zacian|atk|1
|-ability|p2b: Zamazenta|Dauntless Shield|boost
|-boost|p2b: Zamazenta|def|1
|-weather|Sandstorm|[from] ability: Sand Stream|[of] p2a: Tyranitar
|turn|1
|inactive|TommyGuapo has 30 seconds left.
|
|t:|1750839390
|-terastallize|p2b: Zamazenta|Ghost
|move|p1a: Urshifu|Surging Strikes|p2a: Tyranitar
|-supereffective|p2a: Tyranitar
|-crit|p2a: Tyranitar
|-damage|p2a: Tyranitar|63/100
|-supereffective|p2a: Tyranitar
|-crit|p2a: Tyranitar
|-damage|p2a: Tyranitar|30/100
|-supereffective|p2a: Tyranitar
|-crit|p2a: Tyranitar
|-damage|p2a: Tyranitar|0 fnt
|faint|p2a: Tyranitar
|-hitcount|p2: Tyranitar|3
|move|p1b: Zacian|Substitute|p1b: Zacian
|-start|p1b: Zacian|Substitute
|-damage|p1b: Zacian|76/100
|move|p2b: Zamazenta|Iron Defense|p2b: Zamazenta
|-boost|p2b: Zamazenta|def|2
|
|-weather|Sandstorm|[upkeep]
|-damage|p1a: Urshifu|94/100|[from] Sandstorm
|-damage|p2b: Zamazenta|94/100|[from] Sandstorm
|upkeep
|
|t:|1750839399
|switch|p2a: Iron Bundle|Iron Bundle, L50|100/100
|-enditem|p2a: Iron Bundle|Booster Energy
|-activate|p2a: Iron Bundle|ability: Quark Drive|[fromitem]
|-start|p2a: Iron Bundle|quarkdrivespe
|turn|2
|
|t:|1750839417
|move|p2a: Iron Bundle|Freeze-Dry|p1a: Urshifu
|-supereffective|p1a: Urshifu
|-damage|p1a: Urshifu|0 fnt
|faint|p1a: Urshifu
|move|p1b: Zacian|Behemoth Blade|p2a: Iron Bundle
|-damage|p2a: Iron Bundle|0 fnt
|faint|p2a: Iron Bundle
|-end|p2a: Iron Bundle|Quark Drive|[silent]
|move|p2b: Zamazenta|Body Press|p1b: Zacian
|-end|p1b: Zacian|Substitute
|
|-weather|Sandstorm|[upkeep]
|-damage|p2b: Zamazenta|88/100|[from] Sandstorm
|upkeep
|
|t:|1750839436
|switch|p2a: Excadrill|Excadrill, L50, M|100/100
|switch|p1a: Giratina|Giratina-Origin, L50|100/100
|turn|3
|inactive|TommyGuapo has 30 seconds left.
|
|t:|1750839465
|move|p2a: Excadrill|Protect|p2a: Excadrill
|-singleturn|p2a: Excadrill|Protect
|move|p1b: Zacian|Behemoth Blade|p2b: Zamazenta
|-damage|p2b: Zamazenta|64/100
|move|p2b: Zamazenta|Body Press|p1b: Zacian
|-damage|p1b: Zacian|0 fnt
|faint|p1b: Zacian
|move|p1a: Giratina|Draco Meteor|p2b: Zamazenta
|-damage|p2b: Zamazenta|19/100
|-unboost|p1a: Giratina|spa|2
|
|-weather|Sandstorm|[upkeep]
|-damage|p2b: Zamazenta|13/100|[from] Sandstorm
|-damage|p1a: Giratina|94/100|[from] Sandstorm
|upkeep
|
|t:|1750839478
|switch|p1b: Chien-Pao|Chien-Pao, L50|100/100
|-ability|p1b: Chien-Pao|Sword of Ruin
|turn|4
|
|t:|1750839494
|move|p1b: Chien-Pao|Protect|p1b: Chien-Pao
|-singleturn|p1b: Chien-Pao|Protect
|move|p1a: Giratina|Shadow Sneak|p2b: Zamazenta
|-supereffective|p2b: Zamazenta
|-damage|p2b: Zamazenta|0 fnt
|faint|p2b: Zamazenta
|move|p2a: Excadrill|Iron Head|p1b: Chien-Pao
|-activate|p1b: Chien-Pao|move: Protect
|
|-weather|Sandstorm|[upkeep]
|-damage|p1b: Chien-Pao|95/100|[from] Sandstorm
|-damage|p1a: Giratina|88/100|[from] Sandstorm
|upkeep
|turn|5
|
|t:|1750839506
|move|p1b: Chien-Pao|Sucker Punch|p2a: Excadrill
|-damage|p2a: Excadrill|36/100
|move|p2a: Excadrill|Iron Head|p1b: Chien-Pao
|-supereffective|p1b: Chien-Pao
|-damage|p1b: Chien-Pao|0 fnt
|faint|p1b: Chien-Pao
|-damage|p2a: Excadrill|26/100|[from] item: Life Orb
|move|p1a: Giratina|Shadow Force||[still]
|-prepare|p1a: Giratina|Shadow Force
|
|-weather|Sandstorm|[upkeep]
|-damage|p1a: Giratina|82/100|[from] Sandstorm
|upkeep
|turn|6
|
|t:|1750839516
|move|p2a: Excadrill|Iron Head|p1a: Giratina|[miss]
|-miss|p2a: Excadrill|p1a: Giratina
|move|p1a: Giratina|Shadow Force|p2a: Excadrill|[from] lockedmove
|-damage|p2a: Excadrill|0 fnt
|faint|p2a: Excadrill
|
|win|TommyGuapo
|raw|TommyGuapo's rating: 1387 &rarr; <strong>1403</strong><br />(+16 for winning)
|raw|Agent VGD's rating: 1313 &rarr; <strong>1297</strong><br />(-16 for losing)
|c|☆Agent VGD|Gg
|c|☆TommyGuapo|gg
|l|☆Agent VGD
|player|p2|
|l|☆TommyGuapo
|player|p1|
