|j|☆Arismendy
|j|☆inferno12300
|t:|1750723549
|gametype|doubles
|player|p1|Arismendy|266|1168
|player|p2|inferno12300|265|1260
|teamsize|p1|6
|teamsize|p2|6
|gen|9
|tier|[Gen 9] VGC 2025 Reg I
|rated|
|rule|Species Clause: Limit one of each Pokémon
|rule|Item Clause: Limit 1 of each item
|clearpoke
|poke|p1|Dialga, L50|
|poke|p1|Pelipper, L50, M|
|poke|p1|Annihilape, L50, M|
|poke|p1|Carbink, L50|
|poke|p1|Malamar, L50, M|
|poke|p1|Ampharos, L50, M|
|poke|p2|Zamazenta-*, L50|
|poke|p2|Calyrex-Ice, L50|
|poke|p2|Incineroar, L50, M|
|poke|p2|Rillaboom, L50, M|
|poke|p2|Urshifu-*, L50, M|
|poke|p2|Ursaluna, L50, M|
|teampreview|4
|inactive|Battle timer is ON: inactive players will automatically lose when time's up. (requested by Arismendy)
|
|t:|1750723581
|start
|switch|p1a: Malamar|Malamar, L50, M, shiny|100/100
|switch|p1b: Ampharos|Ampharos, L50, M|100/100
|switch|p2a: Incineroar|Incineroar, L50, M|100/100
|switch|p2b: Urshifu|Urshifu, L50, M|100/100
|-ability|p2a: Incineroar|Intimidate|boost
|-boost|p1a: Malamar|atk|1
|-unboost|p1b: Ampharos|atk|1
|turn|1
|
|t:|1750723606
|move|p2a: Incineroar|Fake Out|p1a: Malamar
|-damage|p1a: Malamar|89/100
|move|p2b: Urshifu|Close Combat|p1b: Ampharos
|-damage|p1b: Ampharos|20/100
|-unboost|p2b: Urshifu|def|1
|-unboost|p2b: Urshifu|spd|1
|-status|p2b: Urshifu|par|[from] ability: Static|[of] p1b: Ampharos
|cant|p1a: Malamar|flinch
|move|p1b: Ampharos|Dazzling Gleam|p2a: Incineroar|[spread] p2a,p2b
|-supereffective|p2b: Urshifu
|-damage|p2a: Incineroar|79/100
|-enditem|p2b: Urshifu|Focus Sash
|-damage|p2b: Urshifu|1/100 par
|-damage|p1b: Ampharos|11/100|[from] item: Life Orb
|
|upkeep
|turn|2
|
|t:|1750723630
|switch|p2b: Ursaluna|Ursaluna, L50, M|100/100
|move|p1a: Malamar|Superpower|p2b: Ursaluna
|-supereffective|p2b: Ursaluna
|-damage|p2b: Ursaluna|27/100
|-boost|p1a: Malamar|atk|1
|-boost|p1a: Malamar|def|1
|move|p1b: Ampharos|Zap Cannon|p2a: Incineroar|[miss]
|-miss|p1b: Ampharos|p2a: Incineroar
|move|p2a: Incineroar|Knock Off|p1b: Ampharos
|-damage|p1b: Ampharos|0 fnt
|-enditem|p1b: Ampharos|Life Orb|[from] move: Knock Off|[of] p2a: Incineroar
|faint|p1b: Ampharos
|
|-status|p2b: Ursaluna|brn|[from] item: Flame Orb
|upkeep
|
|t:|1750723646
|switch|p1b: Pelipper|Pelipper, L50, M, shiny|100/100
|-weather|RainDance|[from] ability: Drizzle|[of] p1b: Pelipper
|turn|3
|
|t:|1750723666
|-terastallize|p2a: Incineroar|Ghost
|move|p2b: Ursaluna|Protect|p2b: Ursaluna
|-singleturn|p2b: Ursaluna|Protect
|move|p1a: Malamar|Superpower|p2a: Incineroar
|-immune|p2a: Incineroar
|move|p1b: Pelipper|Muddy Water|p2a: Incineroar|[spread] p2a
|-activate|p2b: Ursaluna|move: Protect
|-damage|p2a: Incineroar|49/100
|-unboost|p2a: Incineroar|accuracy|1
|move|p2a: Incineroar|Knock Off|p1a: Malamar
|-damage|p1a: Malamar|61/100
|-enditem|p1a: Malamar|Assault Vest|[from] move: Knock Off|[of] p2a: Incineroar
|
|-weather|RainDance|[upkeep]
|-damage|p2b: Ursaluna|21/100 brn|[from] brn
|upkeep
|turn|4
|inactive|inferno12300 has 30 seconds left.
|
|t:|1750723700
|switch|p2a: Urshifu|Urshifu, L50, M|1/100 par
|switch|p2b: Calyrex|Calyrex-Ice, L50|100/100
|-ability|p2b: Calyrex|As One
|-ability|p2b: Calyrex|Unnerve
|move|p1a: Malamar|Superpower|p2b: Calyrex
|-damage|p2b: Calyrex|72/100
|-boost|p1a: Malamar|atk|1
|-boost|p1a: Malamar|def|1
|move|p1b: Pelipper|Hurricane|p2a: Urshifu
|-supereffective|p2a: Urshifu
|-damage|p2a: Urshifu|0 fnt
|faint|p2a: Urshifu
|
|-weather|RainDance|[upkeep]
|upkeep
|
|t:|1750723714
|switch|p2a: Incineroar|Incineroar, L50, M, tera:Ghost|49/100
|-ability|p2a: Incineroar|Intimidate|boost
|-boost|p1a: Malamar|atk|1
|-unboost|p1b: Pelipper|atk|1
|turn|5
|
|t:|1750723729
|move|p2a: Incineroar|Fake Out|p1b: Pelipper
|-damage|p1b: Pelipper|90/100
|move|p1a: Malamar|Knock Off|p2b: Calyrex
|-supereffective|p2b: Calyrex
|-damage|p2b: Calyrex|0 fnt
|-enditem|p2b: Calyrex|Clear Amulet|[from] move: Knock Off|[of] p1a: Malamar
|faint|p2b: Calyrex
|cant|p1b: Pelipper|flinch
|
|-weather|RainDance|[upkeep]
|upkeep
|-message|inferno12300 forfeited.
|
|win|Arismendy
|raw|Arismendy's rating: 1168 &rarr; <strong>1199</strong><br />(+31 for winning)
|raw|inferno12300's rating: 1260 &rarr; <strong>1229</strong><br />(-31 for losing)
|l|☆inferno12300
|player|p2|
|l|☆Arismendy
|player|p1|
