|j|☆i be at work n shi
|j|☆fntzz
|t:|1750857561
|gametype|doubles
|player|p1|i be at work n shi|101|1056
|player|p2|fntzz|clown|1062
|teamsize|p1|4
|teamsize|p2|6
|gen|9
|tier|[Gen 9] VGC 2025 Reg I
|rated|
|rule|Species Clause: Limit one of each Pokémon
|rule|Item Clause: Limit 1 of each item
|clearpoke
|poke|p1|Kyogre, L50|
|poke|p1|Meowstic, L50, M|
|poke|p1|Tauros, L50, M|
|poke|p1|Beartic, L50, F|
|poke|p2|Koraidon, L50|
|poke|p2|Zamazenta-*, L50|
|poke|p2|Chi-Yu, L50|
|poke|p2|Whimsicott, L50, F|
|poke|p2|Raging Bolt, L50|
|poke|p2|Weezing-Galar, L50, F|
|teampreview|4
i be at work n shi has agreed to open team sheets.
|
|t:|1750857585
|start
|switch|p1a: Meowstic|Meowstic, L50, M|100/100
|switch|p1b: Kyogre|Kyogre, L50|100/100
|switch|p2a: Koraidon|Koraidon, L50|100/100
|switch|p2b: Weezing|Weezing-Galar, L50, F|100/100
|-ability|p2b: Weezing|Neutralizing Gas
|-block|p2a: Koraidon|item: Ability Shield
|-weather|SunnyDay|[from] ability: Orichalcum Pulse|[of] p2a: Koraidon
|-activate|p2a: Koraidon|Orichalcum Pulse|[source]
|turn|1
|
|t:|1750857614
|switch|p1b: Beartic|Beartic, L50, F|100/100
|move|p2a: Koraidon|Collision Course|p1b: Beartic
|-supereffective|p1b: Beartic
|-damage|p1b: Beartic|0 fnt
|faint|p1b: Beartic
|move|p1a: Meowstic|Rain Dance|p1a: Meowstic
|-weather|RainDance
|move|p2b: Weezing|Taunt|p1a: Meowstic
|-start|p1a: Meowstic|move: Taunt
|
|-weather|RainDance|[upkeep]
|upkeep
|
|t:|1750857628
|switch|p1b: Kyogre|Kyogre, L50|100/100
|turn|2
|
|t:|1750857640
|switch|p2a: Raging Bolt|Raging Bolt, L50|100/100
|switch|p1a: Tauros|Tauros, L50, M|100/100
|-terastallize|p1b: Kyogre|Water
|move|p2b: Weezing|Protect|p2b: Weezing
|-singleturn|p2b: Weezing|Protect
|move|p1b: Kyogre|Water Spout|p2b: Weezing|[spread] p2a
|-activate|p2b: Weezing|move: Protect
|-resisted|p2a: Raging Bolt
|-damage|p2a: Raging Bolt|74/100
|
|-weather|RainDance|[upkeep]
|upkeep
|turn|3
|
|t:|1750857666
|switch|p1a: Meowstic|Meowstic, L50, M|100/100
|move|p2a: Raging Bolt|Thunderclap||[still]
|-fail|p2a: Raging Bolt
|move|p1b: Kyogre|Water Spout|p2b: Weezing|[spread] p2a,p2b
|-resisted|p2a: Raging Bolt
|-damage|p2a: Raging Bolt|44/100
|-damage|p2b: Weezing|0 fnt
|faint|p2b: Weezing
|-end|p2b: Weezing|ability: Neutralizing Gas
|
|-weather|RainDance|[upkeep]
|upkeep
|
|t:|1750857677
|switch|p2b: Chi-Yu|Chi-Yu, L50|100/100
|-ability|p2b: Chi-Yu|Beads of Ruin
|turn|4
|
|t:|1750857707
|-terastallize|p2b: Chi-Yu|Ghost
|move|p1a: Meowstic|Fake Out|p2a: Raging Bolt
|-damage|p2a: Raging Bolt|40/100
|cant|p2a: Raging Bolt|flinch
|move|p1b: Kyogre|Water Spout|p2b: Chi-Yu|[spread] p2a,p2b
|-resisted|p2a: Raging Bolt
|-damage|p2a: Raging Bolt|0 fnt
|-damage|p2b: Chi-Yu|0 fnt
|faint|p2a: Raging Bolt
|-end|p2a: Raging Bolt|Protosynthesis|[silent]
|faint|p2b: Chi-Yu
|
|-weather|RainDance|[upkeep]
|upkeep
|
|t:|1750857721
|switch|p2a: Koraidon|Koraidon, L50|100/100
|-weather|SunnyDay|[from] ability: Orichalcum Pulse|[of] p2a: Koraidon
|-activate|p2a: Koraidon|Orichalcum Pulse|[source]
|turn|5
|
|t:|1750857729
|move|p1a: Meowstic|Rain Dance|p1a: Meowstic
|-weather|RainDance
|move|p1b: Kyogre|Water Spout|p2a: Koraidon
|-resisted|p2a: Koraidon
|-damage|p2a: Koraidon|8/100
|move|p2a: Koraidon|Collision Course|p1b: Kyogre
|-damage|p1b: Kyogre|44/100
|
|-weather|RainDance|[upkeep]
|upkeep
|turn|6
|c|☆i be at work n shi|gg
|-message|fntzz forfeited.
|
|win|i be at work n shi
|raw|i be at work n shi's rating: 1056 &rarr; <strong>1088</strong><br />(+32 for winning)
|raw|fntzz's rating: 1062 &rarr; <strong>1042</strong><br />(-20 for losing)
|l|☆i be at work n shi
|player|p1|
|l|☆fntzz
|player|p2|
