|j|☆HardFreaQ
|j|☆It'sJustKen VGC
|html|<table width="100%"><tr><td align="left">HardFreaQ</td><td align="right">It&apos;sJustKen VGC</tr><tr><td align="left"><i class="fa fa-circle-o"></i> <i class="fa fa-circle-o"></i> </td><td align="right"><i class="fa fa-circle-o"></i> <i class="fa fa-circle-o"></i> </tr></table>
|uhtml|bestof|<h2><strong>Game 1</strong> of <a href="/game-bestof3-gen9vgc2025regi-2391201414">a best-of-3</a></h2>
|t:|1750815617
|gametype|doubles
|player|p1|HardFreaQ|lucas|
|player|p2|It'sJustKen VGC|caitlin|
|teamsize|p1|6
|teamsize|p2|6
|gen|9
|tier|[Gen 9] VGC 2025 Reg I
|rated|Tournament battle
|rule|Species Clause: Limit one of each Pokémon
|rule|Item Clause: Limit 1 of each item
|raw|<div class="infobox"><details class="readmore" open><summary><strong>3 custom rules:</strong></summary> Force Open Team Sheets, !Open Team Sheets, Best of = 3</details></div>
|clearpoke
|poke|p1|Calyrex-Ice, L50|
|poke|p1|Miraidon, L50|
|poke|p1|Farigiraf, L50, F|
|poke|p1|Volcarona, L50, F|
|poke|p1|Iron Hands, L50|
|poke|p1|Grimmsnarl, L50, M|
|poke|p2|Incineroar, L50, M|
|poke|p2|Urshifu-*, L50, M|
|poke|p2|Amoonguss, L50, M|
|poke|p2|Calyrex-Shadow, L50|
|poke|p2|Tornadus, L50, M|
|poke|p2|Terapagos, L50, M|
|teampreview|4
|showteam|p1|Calyrex-Ice||ClearAmulet|AsOneGlastrier|GlacialLance,HighHorsepower,TrickRoom,Protect||||||50|,,,,,Fire]Miraidon||ChoiceSpecs|HadronEngine|ElectroDrift,VoltSwitch,DracoMeteor,DazzlingGleam||||||50|,,,,,Fairy]Farigiraf||MirrorHerb|ArmorTail|Psychic,ShadowBall,TrickRoom,HelpingHand|||F|||50|,,,,,Water]Volcarona||ElectricSeed|FlameBody|FieryDance,BugBuzz,QuiverDance,Protect|||F|||50|,,,,,Dragon]Iron Hands||AssaultVest|QuarkDrive|LowKick,DrainPunch,WildCharge,FakeOut||||||50|,,,,,Bug]Grimmsnarl||LightClay|Prankster|SpiritBreak,Reflect,LightScreen,PartingShot|||M|||50|,,,,,Steel
|showteam|p2|Incineroar||AssaultVest|Intimidate|FakeOut,Uturn,KnockOff,FlareBlitz|||M|||50|,,,,,Fairy]Urshifu-Rapid-Strike||ChoiceScarf|UnseenFist|SurgingStrikes,CloseCombat,Uturn,AquaJet|||M|||50|,,,,,Water]Amoonguss||SitrusBerry|Regenerator|Protect,SludgeBomb,Spore,RagePowder|||M|||50|,,,,,Water]Calyrex-Shadow||LifeOrb|AsOneSpectrier|Protect,AstralBarrage,Psychic,ShadowBall||||||50|,,,,,Ghost]Tornadus||FocusSash|Prankster|Protect,RainDance,BleakwindStorm,Tailwind|||M|||50|,,,,,Flying]Terapagos||ChoiceSpecs|TeraShift|TeraStarstorm,TriAttack,DarkPulse,HyperBeam|||M|||50|,,,,,Stellar
|inactive|Battle timer is ON: inactive players will automatically lose when time's up. (requested by HardFreaQ)
|inactive|It'sJustKen VGC also wants the timer to be on.
|inactive|It'sJustKen VGC has 60 seconds left.
|j| Iamsliverfish
|j| imgoldshark07
|inactive|It'sJustKen VGC has 30 seconds left.
|
|t:|1750815679
|start
|switch|p1a: Farigiraf|Farigiraf, L50, F|100/100
|switch|p1b: Grimmsnarl|Grimmsnarl, L50, M, shiny|100/100
|switch|p2a: Tera Cell|Terapagos, L50, M|100/100
|switch|p2b: Chicken Jockey|Calyrex-Shadow, L50|100/100
|-activate|p2a: Tera Cell|ability: Tera Shift
|detailschange|p2a: Tera Cell|Terapagos-Terastal, L50, M
|-heal|p2a: Tera Cell|100/100|[silent]
|-ability|p2b: Chicken Jockey|As One
|-ability|p2b: Chicken Jockey|Unnerve
|turn|1
|
|t:|1750815689
|move|p1b: Grimmsnarl|Light Screen|p1b: Grimmsnarl
|-sidestart|p1: HardFreaQ|move: Light Screen
|move|p2b: Chicken Jockey|Astral Barrage|p1b: Grimmsnarl|[spread] p1b
|-immune|p1a: Farigiraf
|-resisted|p1b: Grimmsnarl
|-damage|p1b: Grimmsnarl|73/100
|-damage|p2b: Chicken Jockey|91/100|[from] item: Life Orb
|move|p2a: Tera Cell|Tera Starstorm|p1b: Grimmsnarl
|-damage|p1b: Grimmsnarl|7/100
|move|p1a: Farigiraf|Shadow Ball|p2b: Chicken Jockey
|-supereffective|p2b: Chicken Jockey
|-damage|p2b: Chicken Jockey|19/100
|
|upkeep
|turn|2
|
|t:|1750815701
|move|p1b: Grimmsnarl|Reflect|p1b: Grimmsnarl
|-sidestart|p1: HardFreaQ|Reflect
|move|p2b: Chicken Jockey|Astral Barrage|p1b: Grimmsnarl|[spread] p1b
|-immune|p1a: Farigiraf
|-resisted|p1b: Grimmsnarl
|-damage|p1b: Grimmsnarl|0 fnt
|faint|p1b: Grimmsnarl
|-ability|p2b: Chicken Jockey|Grim Neigh|boost
|-boost|p2b: Chicken Jockey|spa|1
|-damage|p2b: Chicken Jockey|9/100|[from] item: Life Orb
|-enditem|p1a: Farigiraf|Mirror Herb
|-boost|p1a: Farigiraf|spa|1|[from] item: Mirror Herb
|move|p2a: Tera Cell|Tera Starstorm|p1a: Farigiraf
|-crit|p1a: Farigiraf
|-damage|p1a: Farigiraf|0 fnt
|faint|p1a: Farigiraf
|
|upkeep
|
|t:|1750815714
|switch|p1b: Miraidon|Miraidon, L50|100/100
|switch|p1a: Volcarona|Volcarona, L50, F|100/100
|-fieldstart|move: Electric Terrain|[from] ability: Hadron Engine|[of] p1b: Miraidon
|-enditem|p1a: Volcarona|Electric Seed
|-boost|p1a: Volcarona|def|1|[from] item: Electric Seed
|turn|3
|j| poop ass gamer
|inactive|It'sJustKen VGC has 30 seconds left.
|
|t:|1750815741
|move|p1a: Volcarona|Protect|p1a: Volcarona
|-singleturn|p1a: Volcarona|Protect
|move|p2b: Chicken Jockey|Astral Barrage|p1b: Miraidon|[spread] p1b
|-activate|p1a: Volcarona|move: Protect
|-damage|p1b: Miraidon|39/100
|-damage|p2b: Chicken Jockey|0 fnt|[from] item: Life Orb
|faint|p2b: Chicken Jockey
|move|p1b: Miraidon|Dazzling Gleam|p2a: Tera Cell
|-activate|p2a: Tera Cell|ability: Tera Shell
|-resisted|p2a: Tera Cell
|-damage|p2a: Tera Cell|71/100
|move|p2a: Tera Cell|Tera Starstorm|p1b: Miraidon
|-crit|p1b: Miraidon
|-damage|p1b: Miraidon|0 fnt
|faint|p1b: Miraidon
|
|upkeep
|
|t:|1750815746
|switch|p2b: Steven He|Urshifu-Rapid-Strike, L50, M|100/100
|turn|4
|
|t:|1750815752
|-terastallize|p1a: Volcarona|Dragon
|-terastallize|p2a: Tera Cell|Stellar
|detailschange|p2a: Tera Cell|Terapagos-Stellar, L50, M, tera:Stellar
|-heal|p2a: Tera Cell|79/100|[silent]
|-ability|p2a: Tera Cell|Teraform Zero
|-fieldend|move: Electric Terrain
|move|p2b: Steven He|Surging Strikes|p1a: Volcarona
|-resisted|p1a: Volcarona
|-crit|p1a: Volcarona
|-damage|p1a: Volcarona|89/100
|-status|p2b: Steven He|brn|[from] ability: Flame Body|[of] p1a: Volcarona
|-resisted|p1a: Volcarona
|-crit|p1a: Volcarona
|-damage|p1a: Volcarona|83/100
|-resisted|p1a: Volcarona
|-crit|p1a: Volcarona
|-damage|p1a: Volcarona|77/100
|-hitcount|p1a: Volcarona|3
|move|p1a: Volcarona|Quiver Dance|p1a: Volcarona
|-boost|p1a: Volcarona|spa|1
|-boost|p1a: Volcarona|spd|1
|-boost|p1a: Volcarona|spe|1
|move|p2a: Tera Cell|Tera Starstorm|p1a: Volcarona
|-supereffective|p1a: Volcarona
|-damage|p1a: Volcarona|8/100
|
|-damage|p2b: Steven He|94/100 brn|[from] brn
|upkeep
|turn|5
|-message|HardFreaQ forfeited.
|
|win|It'sJustKen VGC
