|j|☆Skh11
|j|☆Kakarona
|t:|1750869309
|gametype|doubles
|player|p1|Skh11|bruno|1558
|player|p2|Kakarona|265|1462
|teamsize|p1|6
|teamsize|p2|6
|gen|9
|tier|[Gen 9] VGC 2025 Reg I
|rated|
|rule|Species Clause: Limit one of each Pokémon
|rule|Item Clause: Limit 1 of each item
|clearpoke
|poke|p1|Calyrex-Ice, L50|
|poke|p1|Kyogre, L50|
|poke|p1|Amoonguss, L50, F|
|poke|p1|Urshifu-*, L50, F|
|poke|p1|Raging Bolt, L50|
|poke|p1|Grimmsnarl, L50, M|
|poke|p2|Wo-Chien, L50|
|poke|p2|Miraidon, L50|
|poke|p2|Incineroar, L50, F|
|poke|p2|Kyogre, L50|
|poke|p2|Landorus, L50, M|
|poke|p2|Archaludon, L50, F|
|teampreview|4
|inactive|Battle timer is ON: inactive players will automatically lose when time's up. (requested by Kakarona)
|inactive|Skh11 also wants the timer to be on.
|
|t:|1750869329
|start
|switch|p1a: Calyrex|Calyrex-Ice, L50|100/100
|switch|p1b: Grimmsnarl|Grimmsnarl, L50, M|100/100
|switch|p2a: Incineroar|Incineroar, L50, F|100/100
|switch|p2b: Miraidon|Miraidon, L50|100/100
|-ability|p1a: Calyrex|As One
|-ability|p1a: Calyrex|Unnerve
|-fieldstart|move: Electric Terrain|[from] ability: Hadron Engine|[of] p2b: Miraidon
|-enditem|p2b: Miraidon|Electric Seed
|-boost|p2b: Miraidon|def|1|[from] item: Electric Seed
|-ability|p2a: Incineroar|Intimidate|boost
|-fail|p1a: Calyrex|unboost|[from] item: Clear Amulet|[of] p1a: Calyrex
|-unboost|p1b: Grimmsnarl|atk|1
|turn|1
|
|t:|1750869341
|move|p1a: Calyrex|Protect|p1a: Calyrex
|-singleturn|p1a: Calyrex|Protect
|move|p2a: Incineroar|Fake Out|p1a: Calyrex
|-activate|p1a: Calyrex|move: Protect
|move|p1b: Grimmsnarl|Light Screen|p1b: Grimmsnarl
|-sidestart|p1: Skh11|move: Light Screen
|move|p2b: Miraidon|Calm Mind|p2b: Miraidon
|-boost|p2b: Miraidon|spa|1
|-boost|p2b: Miraidon|spd|1
|
|upkeep
|turn|2
|
|t:|1750869358
|-terastallize|p2b: Miraidon|Electric
|move|p1b: Grimmsnarl|Reflect|p1b: Grimmsnarl
|-sidestart|p1: Skh11|Reflect
|move|p2b: Miraidon|Parabolic Charge|p1b: Grimmsnarl|[spread] p2a,p1a,p1b
|-damage|p2a: Incineroar|39/100
|-damage|p1a: Calyrex|66/100
|-damage|p1b: Grimmsnarl|56/100
|move|p2a: Incineroar|Will-O-Wisp|p1a: Calyrex
|-status|p1a: Calyrex|brn
|move|p1a: Calyrex|Glacial Lance|p2b: Miraidon|[spread] p2a,p2b
|-resisted|p2a: Incineroar
|-damage|p2a: Incineroar|27/100
|-damage|p2b: Miraidon|83/100
|
|-damage|p1a: Calyrex|60/100 brn|[from] brn
|upkeep
|turn|3
|
|t:|1750869379
|move|p2b: Miraidon|Dragon Pulse|p1a: Calyrex
|-damage|p1a: Calyrex|26/100 brn
|move|p2a: Incineroar|Parting Shot|p1b: Grimmsnarl
|-unboost|p1b: Grimmsnarl|atk|1
|-unboost|p1b: Grimmsnarl|spa|1
|
|t:|1750869386
|switch|p2a: Archaludon|Archaludon, L50, F|100/100|[from] Parting Shot
|move|p1b: Grimmsnarl|Spirit Break|p2a: Archaludon
|-damage|p2a: Archaludon|89/100
|-unboost|p2a: Archaludon|spa|1
|-ability|p2a: Archaludon|Stamina|boost
|-boost|p2a: Archaludon|def|1
|move|p1a: Calyrex|Leech Seed|p2b: Miraidon
|-start|p2b: Miraidon|move: Leech Seed
|
|-damage|p2b: Miraidon|71/100|[from] Leech Seed|[of] p1a: Calyrex
|-heal|p1a: Calyrex|37/100 brn|[silent]
|-damage|p1a: Calyrex|31/100 brn|[from] brn
|upkeep
|turn|4
|
|t:|1750869400
|move|p1b: Grimmsnarl|Thunder Wave|p2a: Archaludon
|-status|p2a: Archaludon|par
|move|p2b: Miraidon|Parabolic Charge|p1a: Calyrex|[spread] p2a,p1a,p1b
|-resisted|p2a: Archaludon
|-damage|p2a: Archaludon|65/100 par
|-heal|p2b: Miraidon|83/100|[from] drain|[of] p2a: Archaludon
|-damage|p1a: Calyrex|0 fnt
|-heal|p2b: Miraidon|99/100|[from] drain|[of] p1a: Calyrex
|-damage|p1b: Grimmsnarl|6/100
|-heal|p2b: Miraidon|100/100|[from] drain|[of] p1b: Grimmsnarl
|-ability|p2a: Archaludon|Stamina|boost
|-boost|p2a: Archaludon|def|1
|faint|p1a: Calyrex
|move|p2a: Archaludon|Body Press|p1b: Grimmsnarl
|-damage|p1b: Grimmsnarl|0 fnt
|faint|p1b: Grimmsnarl
|
|upkeep
|
|t:|1750869414
|switch|p1b: Raging Bolt|Raging Bolt, L50|100/100
|switch|p1a: Kyogre|Kyogre, L50|100/100
|-weather|RainDance|[from] ability: Drizzle|[of] p1a: Kyogre
|turn|5
|
|t:|1750869429
|-terastallize|p1a: Kyogre|Grass
|move|p2b: Miraidon|Parabolic Charge|p1a: Kyogre|[spread] p2a,p1a,p1b
|-resisted|p2a: Archaludon
|-resisted|p1a: Kyogre
|-resisted|p1b: Raging Bolt
|-damage|p2a: Archaludon|44/100 par
|-damage|p1a: Kyogre|82/100
|-damage|p1b: Raging Bolt|93/100
|-ability|p2a: Archaludon|Stamina|boost
|-boost|p2a: Archaludon|def|1
|move|p1a: Kyogre|Origin Pulse|p2b: Miraidon|[spread] p2a,p2b
|-resisted|p2a: Archaludon
|-damage|p2a: Archaludon|19/100 par
|-damage|p2b: Miraidon|53/100
|-ability|p2a: Archaludon|Stamina|boost
|-boost|p2a: Archaludon|def|1
|move|p1b: Raging Bolt|Draco Meteor|p2b: Miraidon
|-damage|p2b: Miraidon|12/100
|-unboost|p1b: Raging Bolt|spa|2
|cant|p2a: Archaludon|par
|
|-weather|RainDance|[upkeep]
|-damage|p2b: Miraidon|0 fnt|[from] Leech Seed|[of] p1a: Kyogre
|-heal|p1a: Kyogre|93/100|[silent]
|faint|p2b: Miraidon
|-fieldend|move: Electric Terrain
|upkeep
|
|t:|1750869439
|switch|p2b: Wo-Chien|Wo-Chien, L50|100/100
|-ability|p2b: Wo-Chien|Tablets of Ruin
|turn|6
|
|t:|1750869462
|move|p1a: Kyogre|Water Spout|p2a: Archaludon|[spread] p2a,p2b
|-resisted|p2a: Archaludon
|-resisted|p2b: Wo-Chien
|-damage|p2a: Archaludon|0 fnt
|-damage|p2b: Wo-Chien|69/100
|faint|p2a: Archaludon
|move|p1b: Raging Bolt|Draco Meteor|p2b: Wo-Chien|[miss]
|-miss|p1b: Raging Bolt|p2b: Wo-Chien
|move|p2b: Wo-Chien|Leech Seed|p1b: Raging Bolt
|-start|p1b: Raging Bolt|move: Leech Seed
|
|-weather|RainDance|[upkeep]
|-heal|p2b: Wo-Chien|75/100|[from] item: Leftovers
|-damage|p1b: Raging Bolt|80/100|[from] Leech Seed|[of] p2b: Wo-Chien
|-heal|p2b: Wo-Chien|90/100|[silent]
|upkeep
|
|t:|1750869474
|switch|p2a: Incineroar|Incineroar, L50, F|27/100
|-ability|p2a: Incineroar|Intimidate|boost
|-unboost|p1a: Kyogre|atk|1
|-unboost|p1b: Raging Bolt|atk|1
|turn|7
|
|t:|1750869481
|move|p1a: Kyogre|Protect|p1a: Kyogre
|-singleturn|p1a: Kyogre|Protect
|move|p2a: Incineroar|Fake Out|p1a: Kyogre
|-activate|p1a: Kyogre|move: Protect
|move|p1b: Raging Bolt|Thunderbolt|p2a: Incineroar
|-damage|p2a: Incineroar|9/100
|move|p2b: Wo-Chien|Snarl|p1a: Kyogre|[spread] p1b
|-activate|p1a: Kyogre|move: Protect
|-damage|p1b: Raging Bolt|75/100
|-unboost|p1b: Raging Bolt|spa|1
|
|-weather|RainDance|[upkeep]
|-heal|p2b: Wo-Chien|96/100|[from] item: Leftovers
|-damage|p1b: Raging Bolt|63/100|[from] Leech Seed|[of] p2b: Wo-Chien
|-heal|p2b: Wo-Chien|100/100|[silent]
|upkeep
|turn|8
|
|t:|1750869496
|move|p1a: Kyogre|Water Spout|p2b: Wo-Chien|[spread] p2a,p2b
|-supereffective|p2a: Incineroar
|-resisted|p2b: Wo-Chien
|-damage|p2a: Incineroar|0 fnt
|-damage|p2b: Wo-Chien|69/100
|faint|p2a: Incineroar
|move|p1b: Raging Bolt|Draco Meteor|p2b: Wo-Chien|[miss]
|-miss|p1b: Raging Bolt|p2b: Wo-Chien
|move|p2b: Wo-Chien|Snarl|p1a: Kyogre|[spread] p1a,p1b
|-crit|p1b: Raging Bolt
|-damage|p1a: Kyogre|87/100
|-damage|p1b: Raging Bolt|52/100
|-unboost|p1a: Kyogre|spa|1
|-unboost|p1b: Raging Bolt|spa|1
|
|-weather|RainDance|[upkeep]
|-heal|p2b: Wo-Chien|75/100|[from] item: Leftovers
|-damage|p1b: Raging Bolt|40/100|[from] Leech Seed|[of] p2b: Wo-Chien
|-heal|p2b: Wo-Chien|90/100|[silent]
|-sideend|p1: Skh11|move: Light Screen
|upkeep
|turn|9
|
|t:|1750869510
|move|p1a: Kyogre|Water Spout|p2b: Wo-Chien
|-resisted|p2b: Wo-Chien
|-damage|p2b: Wo-Chien|61/100
|move|p1b: Raging Bolt|Draco Meteor|p2b: Wo-Chien
|-damage|p2b: Wo-Chien|48/100
|-unboost|p1b: Raging Bolt|spa|2
|move|p2b: Wo-Chien|Pollen Puff|p1a: Kyogre
|-supereffective|p1a: Kyogre
|-damage|p1a: Kyogre|62/100
|
|-weather|none
|-heal|p2b: Wo-Chien|55/100|[from] item: Leftovers
|-damage|p1b: Raging Bolt|27/100|[from] Leech Seed|[of] p2b: Wo-Chien
|-heal|p2b: Wo-Chien|69/100|[silent]
|-sideend|p1: Skh11|Reflect
|upkeep
|turn|10
|
|t:|1750869528
|move|p2b: Wo-Chien|Protect|p2b: Wo-Chien
|-singleturn|p2b: Wo-Chien|Protect
|move|p1a: Kyogre|Water Spout|p2b: Wo-Chien
|-activate|p2b: Wo-Chien|move: Protect
|move|p1b: Raging Bolt|Thunderbolt|p2b: Wo-Chien
|-activate|p2b: Wo-Chien|move: Protect
|
|-heal|p2b: Wo-Chien|75/100|[from] item: Leftovers
|-damage|p1b: Raging Bolt|15/100|[from] Leech Seed|[of] p2b: Wo-Chien
|-heal|p2b: Wo-Chien|90/100|[silent]
|upkeep
|turn|11
|
|t:|1750869539
|move|p1a: Kyogre|Water Spout|p2b: Wo-Chien
|-resisted|p2b: Wo-Chien
|-damage|p2b: Wo-Chien|78/100
|move|p1b: Raging Bolt|Thunderbolt|p2b: Wo-Chien
|-resisted|p2b: Wo-Chien
|-damage|p2b: Wo-Chien|74/100
|move|p2b: Wo-Chien|Pollen Puff|p1a: Kyogre
|-supereffective|p1a: Kyogre
|-damage|p1a: Kyogre|36/100
|
|-heal|p2b: Wo-Chien|80/100|[from] item: Leftovers
|-damage|p1b: Raging Bolt|2/100|[from] Leech Seed|[of] p2b: Wo-Chien
|-heal|p2b: Wo-Chien|95/100|[silent]
|upkeep
|turn|12
|-message|Skh11 forfeited.
|
|win|Kakarona
|raw|Skh11's rating: 1558 &rarr; <strong>1533</strong><br />(-25 for losing)
|raw|Kakarona's rating: 1462 &rarr; <strong>1487</strong><br />(+25 for winning)
|l|☆Skh11
|player|p1|
|l|☆Kakarona
|player|p2|
