|j|☆that1guy1998
|j|☆Soliidd
|t:|1750780976
|gametype|doubles
|player|p1|that1guy1998|1|1258
|player|p2|Soliidd|flannery|1234
|teamsize|p1|6
|teamsize|p2|6
|gen|9
|tier|[Gen 9] VGC 2025 Reg I
|rated|
|rule|Species Clause: Limit one of each Pokémon
|rule|Item Clause: Limit 1 of each item
|clearpoke
|poke|p1|Porygon2, L50|
|poke|p1|Munkidori, L50, M|
|poke|p1|Raging Bolt, L50|
|poke|p1|Basculegion, L50, M|
|poke|p1|Zacian-*, L50|
|poke|p1|Koraidon, L50|
|poke|p2|Miraidon, L50|
|poke|p2|Lunala, L50|
|poke|p2|Incineroar, L50, M|
|poke|p2|Whimsicott, L50, M|
|poke|p2|Grimmsnarl, L50, M|
|poke|p2|Urshifu-*, L50, M|
|teampreview|4
|j| Yeiiowbanana
Soliidd has agreed to open team sheets.
|
|t:|1750781013
|start
|switch|p1a: Porygon2|Porygon2, L50|100/100
|switch|p1b: Munkidori|Munkidori, L50, M|100/100
|switch|p2a: Miraidon|Miraidon, L50|100/100
|switch|p2b: Incineroar|Incineroar, L50, M|100/100
|-fieldstart|move: Electric Terrain|[from] ability: Hadron Engine|[of] p2a: Miraidon
|-ability|p1a: Porygon2|Download|boost
|-boost|p1a: Porygon2|atk|1
|-ability|p2b: Incineroar|Intimidate|boost
|-unboost|p1a: Porygon2|atk|1
|-unboost|p1b: Munkidori|atk|1
|turn|1
|l| Yeiiowbanana
|
|t:|1750781061
|move|p1b: Munkidori|Fake Out|p2b: Incineroar
|-damage|p2b: Incineroar|97/100
|-damage|p1b: Munkidori|84/100|[from] item: Rocky Helmet|[of] p2b: Incineroar
|-status|p2b: Incineroar|tox|[from] ability: Toxic Chain|[of] p1b: Munkidori
|cant|p2b: Incineroar|flinch
|move|p2a: Miraidon|Electro Drift|p1a: Porygon2
|-damage|p1a: Porygon2|15/100
|move|p1a: Porygon2|Icy Wind|p2b: Incineroar|[spread] p2a,p2b
|-supereffective|p2a: Miraidon
|-resisted|p2b: Incineroar
|-damage|p2a: Miraidon|76/100
|-damage|p2b: Incineroar|92/100 tox
|-unboost|p2a: Miraidon|spe|1
|-unboost|p2b: Incineroar|spe|1
|
|-damage|p2b: Incineroar|86/100 tox|[from] psn
|upkeep
|turn|2
|
|t:|1750781094
|move|p1a: Porygon2|Protect|p1a: Porygon2
|-singleturn|p1a: Porygon2|Protect
|move|p1b: Munkidori|Psychic|p2a: Miraidon
|-damage|p2a: Miraidon|36/100
|-status|p2a: Miraidon|tox|[from] ability: Toxic Chain|[of] p1b: Munkidori
|move|p2a: Miraidon|Electro Drift|p1b: Munkidori
|-damage|p1b: Munkidori|0 fnt
|faint|p1b: Munkidori
|move|p2b: Incineroar|Knock Off|p1a: Porygon2
|-activate|p1a: Porygon2|move: Protect
|
|-damage|p2a: Miraidon|31/100 tox|[from] psn
|-damage|p2b: Incineroar|74/100 tox|[from] psn
|upkeep
|
|t:|1750781114
|switch|p1b: Basculegion|Basculegion, L50, M|100/100
|turn|3
|
|t:|1750781140
|switch|p2a: Grimmsnarl|Grimmsnarl, L50, M|100/100
|move|p1b: Basculegion|Last Respects|p2a: Grimmsnarl
|-resisted|p2a: Grimmsnarl
|-damage|p2a: Grimmsnarl|62/100
|move|p1a: Porygon2|Tri Attack|p2b: Incineroar
|-damage|p2b: Incineroar|42/100 tox
|move|p2b: Incineroar|Knock Off|p1a: Porygon2
|-damage|p1a: Porygon2|0 fnt
|-enditem|p1a: Porygon2|Eviolite|[from] move: Knock Off|[of] p2b: Incineroar
|faint|p1a: Porygon2
|
|-damage|p2b: Incineroar|24/100 tox|[from] psn
|upkeep
|
|t:|1750781156
|switch|p1a: Zacian|Zacian-Crowned, L50|100/100
|-ability|p1a: Zacian|Intrepid Sword|boost
|-boost|p1a: Zacian|atk|1
|turn|4
|
|t:|1750781180
|switch|p2b: Lunala|Lunala, L50|100/100
|move|p2a: Grimmsnarl|Reflect|p2a: Grimmsnarl
|-sidestart|p2: Soliidd|Reflect
|move|p1a: Zacian|Play Rough|p2a: Grimmsnarl
|-supereffective|p2a: Grimmsnarl
|-damage|p2a: Grimmsnarl|0 fnt
|faint|p2a: Grimmsnarl
|move|p1b: Basculegion|Last Respects|p2b: Lunala
|-supereffective|p2b: Lunala
|-damage|p2b: Lunala|0 fnt
|faint|p2b: Lunala
|
|upkeep
|
|t:|1750781191
|switch|p2b: Miraidon|Miraidon, L50|31/100 tox
|switch|p2a: Incineroar|Incineroar, L50, M|24/100 tox
|-activate|p2b: Miraidon|ability: Hadron Engine
|-ability|p2a: Incineroar|Intimidate|boost
|-unboost|p1a: Zacian|atk|1
|-unboost|p1b: Basculegion|atk|1
|turn|5
|
|t:|1750781210
|move|p1a: Zacian|Protect|p1a: Zacian
|-singleturn|p1a: Zacian|Protect
|move|p2a: Incineroar|Fake Out|p1a: Zacian
|-activate|p1a: Zacian|move: Protect
|move|p1b: Basculegion|Last Respects|p2b: Miraidon
|-damage|p2b: Miraidon|0 fnt
|faint|p2b: Miraidon
|
|-damage|p2a: Incineroar|18/100 tox|[from] psn
|-fieldend|move: Electric Terrain
|upkeep
|turn|6
|
|t:|1750781227
|move|p1a: Zacian|Sacred Sword|p2a: Incineroar
|-supereffective|p2a: Incineroar
|-damage|p2a: Incineroar|0 fnt
|-damage|p1a: Zacian|84/100|[from] item: Rocky Helmet|[of] p2a: Incineroar
|faint|p2a: Incineroar
|
|win|that1guy1998
|raw|that1guy1998's rating: 1258 &rarr; <strong>1281</strong><br />(+23 for winning)
|raw|Soliidd's rating: 1234 &rarr; <strong>1211</strong><br />(-23 for losing)
|l|☆that1guy1998
|player|p1|
|l|☆Soliidd
|player|p2|
