|j|☆Megaman087
|j|☆La Firma VGC
|t:|1750740142
|gametype|doubles
|player|p1|Megaman087|lucas|1381
|player|p2|La Firma VGC|shadowtriad|1422
|teamsize|p1|6
|teamsize|p2|6
|gen|9
|tier|[Gen 9] VGC 2025 Reg I
|rated|
|rule|Species Clause: Limit one of each Pokémon
|rule|Item Clause: Limit 1 of each item
|clearpoke
|poke|p1|Eternatus, L50|
|poke|p1|Grimmsnarl, L50, M|
|poke|p1|Wo-Chien, L50|
|poke|p1|Qwilfish-Hisui, L50, M|
|poke|p1|Cresselia, L50, F|
|poke|p1|Dialga-Origin, L50|
|poke|p2|Calyrex-Ice, L50|
|poke|p2|Incineroar, L50, F|
|poke|p2|Rillaboom, L50, M|
|poke|p2|Thundurus, L50, M|
|poke|p2|Kyogre, L50|
|poke|p2|Farigiraf, L50, M|
|teampreview|4
|inactive|Battle timer is ON: inactive players will automatically lose when time's up. (requested by La Firma VGC)
|inactive|La Firma VGC has 60 seconds left.
|
|t:|1750740197
|start
|switch|p1a: Grimmsnarl|Grimmsnarl, L50, M|100/100
|switch|p1b: Eternatus|Eternatus, L50|100/100
|switch|p2a: Calyrex|Calyrex-Ice, L50|100/100
|switch|p2b: Rillaboom|Rillaboom, L50, M|100/100
|-ability|p2a: Calyrex|As One
|-ability|p2a: Calyrex|Unnerve
|-ability|p1b: Eternatus|Pressure
|-fieldstart|move: Grassy Terrain|[from] ability: Grassy Surge|[of] p2b: Rillaboom
|turn|1
|
|t:|1750740218
|move|p1a: Grimmsnarl|Reflect|p1a: Grimmsnarl
|-sidestart|p1: Megaman087|Reflect
|move|p1b: Eternatus|Cosmic Power|p1b: Eternatus
|-boost|p1b: Eternatus|def|1
|-boost|p1b: Eternatus|spd|1
|move|p2b: Rillaboom|High Horsepower|p1b: Eternatus
|-supereffective|p1b: Eternatus
|-damage|p1b: Eternatus|72/100
|-damage|p2b: Rillaboom|91/100|[from] item: Life Orb
|move|p2a: Calyrex|Leech Seed|p1b: Eternatus
|-start|p1b: Eternatus|move: Leech Seed
|
|-heal|p1b: Eternatus|78/100|[from] Grassy Terrain
|-heal|p2b: Rillaboom|97/100|[from] Grassy Terrain
|-damage|p1b: Eternatus|66/100|[from] Leech Seed|[of] p2a: Calyrex
|upkeep
|turn|2
|
|t:|1750740240
|switch|p1b: Dialga|Dialga-Origin, L50|100/100
|-ability|p1b: Dialga|Pressure
|-terastallize|p2a: Calyrex|Water
|move|p1a: Grimmsnarl|Thunder Wave|p2a: Calyrex
|-status|p2a: Calyrex|par
|move|p2b: Rillaboom|High Horsepower|p1b: Dialga
|-supereffective|p1b: Dialga
|-damage|p1b: Dialga|60/100
|-damage|p2b: Rillaboom|87/100|[from] item: Life Orb
|cant|p2a: Calyrex|par
|
|-heal|p2b: Rillaboom|93/100|[from] Grassy Terrain
|-heal|p1b: Dialga|66/100|[from] Grassy Terrain
|upkeep
|turn|3
|inactive|Megaman087 has 30 seconds left.
|inactive|La Firma VGC has 30 seconds left.
|
|t:|1750740274
|switch|p1a: Eternatus|Eternatus, L50|66/100
|-ability|p1a: Eternatus|Pressure
|move|p2b: Rillaboom|High Horsepower|p1b: Dialga
|-supereffective|p1b: Dialga
|-damage|p1b: Dialga|22/100
|-damage|p2b: Rillaboom|83/100|[from] item: Life Orb
|move|p1b: Dialga|Dragon Pulse|p2a: Calyrex
|-damage|p2a: Calyrex|69/100 par
|move|p2a: Calyrex|Leech Seed|p1b: Dialga|[miss]
|-miss|p2a: Calyrex|p1b: Dialga
|
|-heal|p1a: Eternatus|72/100|[from] Grassy Terrain
|-heal|p2b: Rillaboom|89/100|[from] Grassy Terrain
|-heal|p1b: Dialga|29/100|[from] Grassy Terrain
|-heal|p2a: Calyrex|74/100 par|[from] Grassy Terrain
|-heal|p2a: Calyrex|80/100 par|[from] item: Leftovers
|upkeep
|turn|4
|
|t:|1750740293
|switch|p1b: Cresselia|Cresselia, L50, F|100/100
|move|p1a: Eternatus|Fire Spin|p2a: Calyrex
|-resisted|p2a: Calyrex
|-damage|p2a: Calyrex|77/100 par
|-activate|p2a: Calyrex|move: Fire Spin|[of] p1a: Eternatus
|move|p2b: Rillaboom|High Horsepower|p1b: Cresselia
|-immune|p1b: Cresselia|[from] ability: Levitate
|move|p2a: Calyrex|Leech Seed|p1a: Eternatus
|-start|p1a: Eternatus|move: Leech Seed
|
|-heal|p1a: Eternatus|78/100|[from] Grassy Terrain
|-heal|p2b: Rillaboom|95/100|[from] Grassy Terrain
|-heal|p2a: Calyrex|83/100 par|[from] Grassy Terrain
|-heal|p2a: Calyrex|89/100 par|[from] item: Leftovers
|-damage|p1a: Eternatus|66/100|[from] Leech Seed|[of] p2a: Calyrex
|-heal|p2a: Calyrex|100/100 par|[silent]
|-damage|p2a: Calyrex|88/100 par|[from] move: Fire Spin|[partiallytrapped]
|upkeep
|turn|5
|inactive|Megaman087 has 30 seconds left.
|inactive|Megaman087 has 20 seconds left.
|
|t:|1750740333
|switch|p1a: Dialga|Dialga-Origin, L50|29/100
|-ability|p1a: Dialga|Pressure
|move|p2b: Rillaboom|High Horsepower|p1a: Dialga
|-supereffective|p1a: Dialga
|-damage|p1a: Dialga|0 fnt
|faint|p1a: Dialga
|-damage|p2b: Rillaboom|86/100|[from] item: Life Orb
|move|p1b: Cresselia|Lunar Blessing||[still]
|-fail|p1b: Cresselia
|move|p2a: Calyrex|Glacial Lance|p1b: Cresselia
|-damage|p1b: Cresselia|73/100
|
|-heal|p2b: Rillaboom|91/100|[from] Grassy Terrain
|-heal|p2a: Calyrex|94/100 par|[from] Grassy Terrain
|-heal|p2a: Calyrex|99/100 par|[from] item: Leftovers
|-end|p2a: Calyrex|Fire Spin|[partiallytrapped]|[silent]
|-fieldend|move: Grassy Terrain
|upkeep
|
|t:|1750740348
|switch|p1a: Eternatus|Eternatus, L50|66/100
|-ability|p1a: Eternatus|Pressure
|turn|6
|
|t:|1750740356
|-terastallize|p1a: Eternatus|Fairy
|move|p1a: Eternatus|Cosmic Power|p1a: Eternatus
|-boost|p1a: Eternatus|def|1
|-boost|p1a: Eternatus|spd|1
|move|p2b: Rillaboom|High Horsepower|p1a: Eternatus
|-damage|p1a: Eternatus|52/100
|-damage|p2b: Rillaboom|82/100|[from] item: Life Orb
|move|p1b: Cresselia|Lunar Blessing|p1b: Cresselia|[spread] p1a,p1b
|-heal|p1a: Eternatus|77/100
|-heal|p1b: Cresselia|98/100
|move|p2a: Calyrex|Leech Seed|p1a: Eternatus
|-start|p1a: Eternatus|move: Leech Seed
|
|-heal|p2a: Calyrex|100/100 par|[from] item: Leftovers
|-damage|p1a: Eternatus|64/100|[from] Leech Seed|[of] p2a: Calyrex
|upkeep
|turn|7
|
|t:|1750740378
|switch|p1a: Grimmsnarl|Grimmsnarl, L50, M|100/100
|switch|p2a: Kyogre|Kyogre, L50|100/100
|-weather|RainDance|[from] ability: Drizzle|[of] p2a: Kyogre
|move|p2b: Rillaboom|Wood Hammer|p1a: Grimmsnarl
|-damage|p1a: Grimmsnarl|50/100
|-damage|p2b: Rillaboom|64/100|[from] Recoil
|-damage|p2b: Rillaboom|55/100|[from] item: Life Orb
|move|p1b: Cresselia|Psychic|p2a: Kyogre
|-damage|p2a: Kyogre|79/100
|
|-weather|RainDance|[upkeep]
|upkeep
|turn|8
|
|t:|1750740398
|switch|p2b: Incineroar|Incineroar, L50, F|100/100
|-ability|p2b: Incineroar|Intimidate|boost
|-unboost|p1a: Grimmsnarl|atk|1
|-unboost|p1b: Cresselia|atk|1
|move|p1b: Cresselia|Protect|p1b: Cresselia
|-singleturn|p1b: Cresselia|Protect
|move|p1a: Grimmsnarl|Light Screen|p1a: Grimmsnarl
|-sidestart|p1: Megaman087|move: Light Screen
|move|p2a: Kyogre|Origin Pulse|p1b: Cresselia|[spread] p1a
|-activate|p1b: Cresselia|move: Protect
|-damage|p1a: Grimmsnarl|0 fnt
|faint|p1a: Grimmsnarl
|
|-weather|RainDance|[upkeep]
|-sideend|p1: Megaman087|Reflect
|upkeep
|
|t:|1750740410
|switch|p1a: Eternatus|Eternatus, L50, tera:Fairy|64/100
|-ability|p1a: Eternatus|Pressure
|turn|9
|
|t:|1750740421
|move|p2a: Kyogre|Origin Pulse|p1b: Cresselia|[spread] p1a,p1b
|-damage|p1a: Eternatus|38/100
|-damage|p1b: Cresselia|69/100
|move|p1a: Eternatus|Cosmic Power|p1a: Eternatus
|-boost|p1a: Eternatus|def|1
|-boost|p1a: Eternatus|spd|1
|move|p2b: Incineroar|Knock Off|p1b: Cresselia
|-supereffective|p1b: Cresselia
|-damage|p1b: Cresselia|27/100
|-enditem|p1b: Cresselia|Mental Herb|[from] move: Knock Off|[of] p2b: Incineroar
|move|p1b: Cresselia|Lunar Blessing|p1b: Cresselia|[spread] p1a,p1b
|-heal|p1a: Eternatus|63/100
|-heal|p1b: Cresselia|52/100
|
|-weather|RainDance|[upkeep]
|upkeep
|turn|10
|
|t:|1750740439
|move|p1b: Cresselia|Protect|p1b: Cresselia
|-singleturn|p1b: Cresselia|Protect
|move|p2a: Kyogre|Origin Pulse|p1b: Cresselia|[spread] p1a
|-activate|p1b: Cresselia|move: Protect
|-damage|p1a: Eternatus|44/100
|move|p1a: Eternatus|Cosmic Power|p1a: Eternatus
|-boost|p1a: Eternatus|def|1
|-boost|p1a: Eternatus|spd|1
|move|p2b: Incineroar|Knock Off|p1b: Cresselia
|-activate|p1b: Cresselia|move: Protect
|
|-weather|RainDance|[upkeep]
|upkeep
|turn|11
|
|t:|1750740457
|move|p2a: Kyogre|Origin Pulse|p1b: Cresselia|[spread] p1a,p1b
|-damage|p1a: Eternatus|30/100
|-damage|p1b: Cresselia|25/100
|move|p1a: Eternatus|Recover|p1a: Eternatus
|-heal|p1a: Eternatus|80/100
|move|p2b: Incineroar|Knock Off|p1b: Cresselia
|-supereffective|p1b: Cresselia
|-damage|p1b: Cresselia|0 fnt
|faint|p1b: Cresselia
|
|-weather|none
|upkeep
|turn|12
|-message|Megaman087 forfeited.
|
|win|La Firma VGC
|raw|Megaman087's rating: 1381 &rarr; <strong>1363</strong><br />(-18 for losing)
|raw|La Firma VGC's rating: 1422 &rarr; <strong>1440</strong><br />(+18 for winning)
|l|☆Megaman087
|player|p1|
|l|☆La Firma VGC
|player|p2|
