|j|☆garchomp el buques
|j|☆juho021227
|t:|1750854821
|gametype|doubles
|player|p1|garchomp el buques|266|1214
|player|p2|juho021227|2|1170
|teamsize|p1|6
|teamsize|p2|6
|gen|9
|tier|[Gen 9] VGC 2025 Reg I
|rated|
|rule|Species Clause: Limit one of each Pokémon
|rule|Item Clause: Limit 1 of each item
|clearpoke
|poke|p1|Miraidon, L50|
|poke|p1|Koraidon, L50|
|poke|p1|Incineroar, L50, M|
|poke|p1|Whimsicott, L50, F|
|poke|p1|Ogerpon, L50, F|
|poke|p1|Urshifu-*, L50, F|
|poke|p2|Terapagos, L50, M|
|poke|p2|Zacian-*, L50|
|poke|p2|Electivire, L50, F|
|poke|p2|Pelipper, L50, M|
|poke|p2|Landorus, L50, M|
|poke|p2|Sableye, L50, F|
|teampreview|4
|inactive|Battle timer is ON: inactive players will automatically lose when time's up. (requested by garchomp el buques)
garchomp el buques rejected open team sheets.
|inactive|garchomp el buques has 60 seconds left.
|inactive|juho021227 has 60 seconds left.
|
|t:|1750854864
|start
|switch|p1a: Whimsicott|Whimsicott, L50, F|100/100
|switch|p1b: Miraidon|Miraidon, L50|100/100
|switch|p2a: Terapagos|Terapagos, L50, M|100/100
|switch|p2b: Electivire|Electivire, L50, F|100/100
|-activate|p2a: Terapagos|ability: Tera Shift
|detailschange|p2a: Terapagos|Terapagos-Terastal, L50, M
|-heal|p2a: Terapagos|100/100|[silent]
|-fieldstart|move: Electric Terrain|[from] ability: Hadron Engine|[of] p1b: Miraidon
|turn|1
|inactive|juho021227 has 30 seconds left.
|inactive|garchomp el buques has 30 seconds left.
|inactive|juho021227 has 20 seconds left.
|inactive|garchomp el buques has 20 seconds left.
|inactive|juho021227 has 15 seconds left.
|inactive|juho021227 has 10 seconds left.
|
|t:|1750854911
|move|p1a: Whimsicott|Tailwind|p1a: Whimsicott
|-sidestart|p1: garchomp el buques|move: Tailwind
|move|p1b: Miraidon|Dazzling Gleam|p2a: Terapagos|[spread] p2a,p2b
|-activate|p2a: Terapagos|ability: Tera Shell
|-resisted|p2a: Terapagos
|-damage|p2a: Terapagos|87/100
|-damage|p2b: Electivire|65/100
|move|p2a: Terapagos|Meteor Beam||[still]
|-prepare|p2a: Terapagos|Meteor Beam
|-boost|p2a: Terapagos|spa|1
|-enditem|p2a: Terapagos|Power Herb
|-anim|p2a: Terapagos|Meteor Beam|p1b: Miraidon
|-damage|p1b: Miraidon|54/100
|move|p2b: Electivire|Taunt|p1a: Whimsicott
|-start|p1a: Whimsicott|move: Taunt
|
|upkeep
|turn|2
|inactive|juho021227 has 30 seconds left.
|inactive|juho021227 has 20 seconds left.
|
|t:|1750854949
|switch|p1a: Incineroar|Incineroar, L50, M, shiny|100/100
|-ability|p1a: Incineroar|Intimidate|boost
|-unboost|p2a: Terapagos|atk|1
|-unboost|p2b: Electivire|atk|1
|move|p2a: Terapagos|Protect|p2a: Terapagos
|-singleturn|p2a: Terapagos|Protect
|move|p1b: Miraidon|Electro Drift|p2a: Terapagos
|-activate|p2a: Terapagos|move: Protect
|move|p2b: Electivire|Electroweb|p1b: Miraidon|[spread] p1a,p1b
|-resisted|p1b: Miraidon
|-damage|p1a: Incineroar|90/100
|-damage|p1b: Miraidon|50/100
|-unboost|p1a: Incineroar|spe|1
|-unboost|p1b: Miraidon|spe|1
|
|upkeep
|turn|3
|inactive|garchomp el buques has 30 seconds left.
|inactive|juho021227 has 30 seconds left.
|inactive|garchomp el buques has 20 seconds left.
|inactive|garchomp el buques has 15 seconds left.
|
|t:|1750854993
|move|p1a: Incineroar|Fake Out|p2a: Terapagos
|-damage|p2a: Terapagos|74/100
|move|p2b: Electivire|Follow Me|p2b: Electivire
|-singleturn|p2b: Electivire|move: Follow Me
|move|p1b: Miraidon|Electro Drift|p2b: Electivire
|-ability|p2b: Electivire|Motor Drive|boost
|-boost|p2b: Electivire|spe|1
|cant|p2a: Terapagos|flinch
|
|upkeep
|turn|4
|inactive|juho021227 has 30 seconds left.
|
|t:|1750855022
|move|p1b: Miraidon|Protect|p1b: Miraidon
|-singleturn|p1b: Miraidon|Protect
|move|p2b: Electivire|Follow Me|p2b: Electivire
|-singleturn|p2b: Electivire|move: Follow Me
|move|p2a: Terapagos|Earth Power|p1b: Miraidon
|-activate|p1b: Miraidon|move: Protect
|move|p1a: Incineroar|U-turn|p2b: Electivire
|-damage|p2b: Electivire|41/100
|-damage|p1a: Incineroar|74/100|[from] item: Rocky Helmet|[of] p2b: Electivire
|
|t:|1750855027
|switch|p1a: Whimsicott|Whimsicott, L50, F|100/100|[from] U-turn
|
|-sideend|p1: garchomp el buques|move: Tailwind
|upkeep
|turn|5
|inactive|juho021227 has 30 seconds left.
|inactive|juho021227 has 20 seconds left.
|inactive|juho021227 has 15 seconds left.
|
|t:|1750855068
|switch|p1b: Koraidon|Koraidon, L50|100/100
|-weather|SunnyDay|[from] ability: Orichalcum Pulse|[of] p1b: Koraidon
|-activate|p1b: Koraidon|Orichalcum Pulse|[source]
|move|p2b: Electivire|Follow Me|p2b: Electivire
|-singleturn|p2b: Electivire|move: Follow Me
|move|p1a: Whimsicott|Taunt|p2b: Electivire
|-start|p2b: Electivire|move: Taunt
|move|p2a: Terapagos|Earth Power|p1b: Koraidon
|-damage|p1b: Koraidon|60/100
|
|-weather|SunnyDay|[upkeep]
|-fieldend|move: Electric Terrain
|upkeep
|turn|6
|inactive|garchomp el buques has 30 seconds left.
|inactive|juho021227 has 30 seconds left.
|inactive|juho021227 has 20 seconds left.
|
|t:|1750855104
|-terastallize|p2a: Terapagos|Stellar
|detailschange|p2a: Terapagos|Terapagos-Stellar, L50, M, tera:Stellar
|-heal|p2a: Terapagos|81/100|[silent]
|-ability|p2a: Terapagos|Teraform Zero
|-weather|none
|move|p1a: Whimsicott|Encore|p2b: Electivire
|-start|p2b: Electivire|Encore
|move|p1b: Koraidon|Collision Course|p2a: Terapagos
|-supereffective|p2a: Terapagos
|-damage|p2a: Terapagos|0 fnt
|faint|p2a: Terapagos
|detailschange|p2: Terapagos|Terapagos, L50, M|[silent]
|cant|p2b: Electivire|move: Taunt|Follow Me
|
|upkeep
|
|t:|1750855119
|switch|p2a: Zacian|Zacian-Crowned, L50|100/100
|-ability|p2a: Zacian|Intrepid Sword|boost
|-boost|p2a: Zacian|atk|1
|turn|7
|
|t:|1750855143
|switch|p1a: Incineroar|Incineroar, L50, M, shiny|74/100
|-ability|p1a: Incineroar|Intimidate|boost
|-unboost|p2a: Zacian|atk|1
|-unboost|p2b: Electivire|atk|1
|switch|p2b: Landorus|Landorus, L50, M|100/100
|move|p1b: Koraidon|Protect|p1b: Koraidon
|-singleturn|p1b: Koraidon|Protect
|move|p2a: Zacian|Play Rough|p1b: Koraidon
|-activate|p1b: Koraidon|move: Protect
|
|upkeep
|turn|8
|
|t:|1750855164
|switch|p1b: Whimsicott|Whimsicott, L50, F|100/100
|move|p2a: Zacian|Protect|p2a: Zacian
|-singleturn|p2a: Zacian|Protect
|move|p1a: Incineroar|Fake Out|p2b: Landorus
|-damage|p2b: Landorus|85/100
|cant|p2b: Landorus|flinch
|
|upkeep
|turn|9
|
|t:|1750855187
|switch|p2a: Electivire|Electivire, L50, F|41/100
|move|p1b: Whimsicott|Tailwind|p1b: Whimsicott
|-sidestart|p1: garchomp el buques|move: Tailwind
|move|p2b: Landorus|Sandsear Storm|p1b: Whimsicott|[spread] p1a,p1b
|-supereffective|p1a: Incineroar
|-resisted|p1b: Whimsicott
|-damage|p1a: Incineroar|10/100
|-damage|p1b: Whimsicott|70/100
|move|p1a: Incineroar|U-turn|p2a: Electivire
|-damage|p2a: Electivire|16/100
|-damage|p1a: Incineroar|0 fnt|[from] item: Rocky Helmet|[of] p2a: Electivire
|faint|p1a: Incineroar
|
|upkeep
|
|t:|1750855196
|switch|p1a: Koraidon|Koraidon, L50|60/100
|-weather|SunnyDay|[from] ability: Orichalcum Pulse|[of] p1a: Koraidon
|-activate|p1a: Koraidon|Orichalcum Pulse|[source]
|turn|10
|
|t:|1750855217
|move|p2a: Electivire|Follow Me|p2a: Electivire
|-singleturn|p2a: Electivire|move: Follow Me
|move|p1b: Whimsicott|Light Screen|p1b: Whimsicott
|-sidestart|p1: garchomp el buques|move: Light Screen
|move|p1a: Koraidon|U-turn|p2a: Electivire
|-damage|p2a: Electivire|0 fnt
|-damage|p1a: Koraidon|44/100|[from] item: Rocky Helmet|[of] p2a: Electivire
|faint|p2a: Electivire
|
|t:|1750855222
|switch|p1a: Miraidon|Miraidon, L50|50/100|[from] U-turn
|-fieldstart|move: Electric Terrain|[from] ability: Hadron Engine|[of] p1a: Miraidon
|move|p2b: Landorus|Sandsear Storm|p1b: Whimsicott|[spread] p1a,p1b
|-supereffective|p1a: Miraidon
|-resisted|p1b: Whimsicott
|-crit|p1b: Whimsicott
|-damage|p1a: Miraidon|0 fnt
|-damage|p1b: Whimsicott|26/100
|faint|p1a: Miraidon
|
|-weather|SunnyDay|[upkeep]
|upkeep
|
|t:|1750855233
|switch|p1a: Koraidon|Koraidon, L50|44/100
|switch|p2a: Zacian|Zacian-Crowned, L50|100/100
|-activate|p1a: Koraidon|ability: Orichalcum Pulse
|turn|11
|inactive|garchomp el buques has 30 seconds left.
|
|t:|1750855267
|-terastallize|p1a: Koraidon|Grass
|move|p1b: Whimsicott|Taunt|p2a: Zacian
|-start|p2a: Zacian|move: Taunt
|move|p1a: Koraidon|Flare Blitz|p2b: Landorus
|-damage|p2b: Landorus|0 fnt
|faint|p2b: Landorus
|-damage|p1a: Koraidon|18/100|[from] Recoil
|move|p2a: Zacian|Play Rough|p1a: Koraidon|[miss]
|-miss|p2a: Zacian|p1a: Koraidon
|
|-weather|SunnyDay|[upkeep]
|upkeep
|turn|12
|inactive|juho021227 has 30 seconds left.
|
|t:|1750855297
|move|p1b: Whimsicott|Tailwind||[still]
|-fail|p1b: Whimsicott
|move|p2a: Zacian|Quick Attack|p1a: Koraidon
|-damage|p1a: Koraidon|3/100
|move|p1a: Koraidon|Flare Blitz|p2a: Zacian
|-supereffective|p2a: Zacian
|-damage|p2a: Zacian|0 fnt
|faint|p2a: Zacian
|-damage|p1a: Koraidon|0 fnt|[from] Recoil
|faint|p1a: Koraidon
|
|win|garchomp el buques
|raw|garchomp el buques's rating: 1214 &rarr; <strong>1236</strong><br />(+22 for winning)
|raw|juho021227's rating: 1170 &rarr; <strong>1148</strong><br />(-22 for losing)
|l|☆juho021227
|player|p2|
|l|☆garchomp el buques
|player|p1|
