|j|☆crimdawgx2
|j|☆jigglypuffly
|t:|1750796001
|gametype|doubles
|player|p1|crimdawgx2|1|1289
|player|p2|jigglypuffly|rood|1223
|teamsize|p1|6
|teamsize|p2|6
|gen|9
|tier|[Gen 9] VGC 2025 Reg I
|rated|
|rule|Species Clause: Limit one of each Pokémon
|rule|Item Clause: Limit 1 of each item
|clearpoke
|poke|p1|Calyrex-Ice, L50|
|poke|p1|Scraggy, L50, F|
|poke|p1|Miraidon, L50|
|poke|p1|Farigiraf, L50, M|
|poke|p1|Iron Treads, L50|
|poke|p1|Grimmsnarl, L50, M|
|poke|p2|Moltres-Galar, L50|
|poke|p2|Amoonguss, L50, M|
|poke|p2|Calyrex-Shadow, L50|
|poke|p2|Miraidon, L50|
|poke|p2|Urshifu-*, L50, F|
|poke|p2|Incineroar, L50, F|
|teampreview|4
|
|t:|1750796026
|start
|switch|p1a: Iron Treads|Iron Treads, L50|100/100
|switch|p1b: Miraidon|Miraidon, L50|100/100
|switch|p2a: Calyrex|Calyrex-Shadow, L50|100/100
|switch|p2b: Moltres|Moltres-Galar, L50|100/100
|-ability|p2a: Calyrex|As One
|-ability|p2a: Calyrex|Unnerve
|-fieldstart|move: Electric Terrain|[from] ability: Hadron Engine|[of] p1b: Miraidon
|-activate|p1a: Iron Treads|ability: Quark Drive
|-start|p1a: Iron Treads|quarkdrivespe
|turn|1
|inactive|Battle timer is ON: inactive players will automatically lose when time's up. (requested by crimdawgx2)
|inactive|crimdawgx2 has 60 seconds left.
|
|t:|1750796068
|move|p1a: Iron Treads|Iron Head|p2b: Moltres
|-damage|p2b: Moltres|37/100
|-ability|p2b: Moltres|Berserk|boost
|-boost|p2b: Moltres|spa|1
|-damage|p1a: Iron Treads|91/100|[from] item: Life Orb
|-enditem|p2b: Moltres|Sitrus Berry|[eat]
|-heal|p2b: Moltres|62/100|[from] item: Sitrus Berry
|move|p2a: Calyrex|Astral Barrage|p1a: Iron Treads|[spread] p1a,p1b
|-damage|p1a: Iron Treads|0 fnt
|-damage|p1b: Miraidon|41/100
|faint|p1a: Iron Treads
|-end|p1a: Iron Treads|Quark Drive|[silent]
|-ability|p2a: Calyrex|Grim Neigh|boost
|-boost|p2a: Calyrex|spa|1
|-damage|p2a: Calyrex|91/100|[from] item: Life Orb
|move|p1b: Miraidon|Dazzling Gleam|p2a: Calyrex|[spread] p2a,p2b
|-supereffective|p2b: Moltres
|-damage|p2a: Calyrex|47/100
|-damage|p2b: Moltres|0 fnt
|faint|p2b: Moltres
|
|upkeep
|
|t:|1750796090
|switch|p1a: Farigiraf|Farigiraf, L50, M|100/100
|switch|p2b: Incineroar|Incineroar, L50, F|100/100
|-ability|p2b: Incineroar|Intimidate|boost
|-unboost|p1a: Farigiraf|atk|1
|-unboost|p1b: Miraidon|atk|1
|-enditem|p1a: Farigiraf|Electric Seed
|-boost|p1a: Farigiraf|def|1|[from] item: Electric Seed
|turn|2
|inactive|crimdawgx2 has 30 seconds left.
|
|t:|1750796116
|move|p2a: Calyrex|Psyshock|p1b: Miraidon
|-damage|p1b: Miraidon|0 fnt
|faint|p1b: Miraidon
|-ability|p2a: Calyrex|Grim Neigh|boost
|-boost|p2a: Calyrex|spa|1
|-damage|p2a: Calyrex|37/100|[from] item: Life Orb
|move|p2b: Incineroar|Knock Off|p1a: Farigiraf
|-supereffective|p1a: Farigiraf
|-damage|p1a: Farigiraf|66/100
|move|p1a: Farigiraf|Trick Room|p1a: Farigiraf
|-fieldstart|move: Trick Room|[of] p1a: Farigiraf
|
|upkeep
|
|t:|1750796126
|switch|p1b: Calyrex|Calyrex-Ice, L50|100/100
|-ability|p1b: Calyrex|As One
|-ability|p1b: Calyrex|Unnerve
|turn|3
|
|t:|1750796148
|-terastallize|p1b: Calyrex|Fire
|move|p2a: Calyrex|Protect|p2a: Calyrex
|-singleturn|p2a: Calyrex|Protect
|move|p1b: Calyrex|Glacial Lance|p2b: Incineroar|[spread] p2b
|-activate|p2a: Calyrex|move: Protect
|-resisted|p2b: Incineroar
|-damage|p2b: Incineroar|74/100
|move|p2b: Incineroar|Flare Blitz|p1b: Calyrex
|-resisted|p1b: Calyrex
|-damage|p1b: Calyrex|83/100
|-damage|p2b: Incineroar|67/100|[from] Recoil
|move|p1a: Farigiraf|Foul Play|p2a: Calyrex
|-activate|p2a: Calyrex|move: Protect
|
|upkeep
|turn|4
|
|t:|1750796170
|move|p1a: Farigiraf|Helping Hand|p1b: Calyrex
|-singleturn|p1b: Calyrex|Helping Hand|[of] p1a: Farigiraf
|move|p1b: Calyrex|Glacial Lance|p2a: Calyrex|[spread] p2a,p2b
|-resisted|p2b: Incineroar
|-damage|p2a: Calyrex|0 fnt
|-damage|p2b: Incineroar|26/100
|faint|p2a: Calyrex
|-ability|p1b: Calyrex|Chilling Neigh|boost
|-boost|p1b: Calyrex|atk|1
|move|p2b: Incineroar|Knock Off|p1a: Farigiraf
|-supereffective|p1a: Farigiraf
|-damage|p1a: Farigiraf|34/100
|
|upkeep
|
|t:|1750796180
|switch|p2a: Miraidon|Miraidon, L50|100/100
|-activate|p2a: Miraidon|ability: Hadron Engine
|turn|5
|
|t:|1750796193
|-terastallize|p2a: Miraidon|Fairy
|move|p1a: Farigiraf|Helping Hand|p1b: Calyrex
|-singleturn|p1b: Calyrex|Helping Hand|[of] p1a: Farigiraf
|move|p1b: Calyrex|Glacial Lance|p2a: Miraidon|[spread] p2a,p2b
|-resisted|p2b: Incineroar
|-damage|p2a: Miraidon|0 fnt
|-damage|p2b: Incineroar|0 fnt
|faint|p2a: Miraidon
|faint|p2b: Incineroar
|
|win|crimdawgx2
|raw|crimdawgx2's rating: 1289 &rarr; <strong>1309</strong><br />(+20 for winning)
|raw|jigglypuffly's rating: 1223 &rarr; <strong>1203</strong><br />(-20 for losing)
|l|☆jigglypuffly
|player|p2|
