|j|☆PikaTROD
|j|☆Yoohohohobrook
|t:|1750803264
|gametype|doubles
|player|p1|PikaTROD|102|1553
|player|p2|Yoohohohobrook|red|1502
|teamsize|p1|6
|teamsize|p2|6
|gen|9
|tier|[Gen 9] VGC 2025 Reg I
|rated|
|rule|Species Clause: Limit one of each Pokémon
|rule|Item Clause: Limit 1 of each item
|clearpoke
|poke|p1|Groudon, L50|
|poke|p1|Miraidon, L50|
|poke|p1|Scovillain, L50, F|
|poke|p1|Flutter Mane, L50|
|poke|p1|Iron Hands, L50|
|poke|p1|Clefairy, L50, F|
|poke|p2|Calyrex-Shadow, L50|
|poke|p2|Zamazenta-*, L50|
|poke|p2|Rillaboom, L50, F|
|poke|p2|Incineroar, L50, F|
|poke|p2|Regieleki, L50|
|poke|p2|Landorus, L50, M|
|teampreview|4
|inactive|Battle timer is ON: inactive players will automatically lose when time's up. (requested by Yoohohohobrook)
|
|t:|1750803286
|start
|switch|p1a: Groudon|Groudon, L50|100/100
|switch|p1b: Scovillain|Scovillain, L50, F|100/100
|switch|p2a: Regieleki|Regieleki, L50|100/100
|switch|p2b: Landorus|Landorus, L50, M|100/100
|-weather|SunnyDay|[from] ability: Drought|[of] p1a: Groudon
|turn|1
|
|t:|1750803299
|-terastallize|p2a: Regieleki|Normal
|move|p2b: Landorus|Protect|p2b: Landorus
|-singleturn|p2b: Landorus|Protect
|move|p2a: Regieleki|Explosion|p1b: Scovillain|[spread] p1a,p1b
|-activate|p2b: Landorus|move: Protect
|-damage|p1a: Groudon|3/100
|-damage|p1b: Scovillain|0 fnt
|faint|p2a: Regieleki
|faint|p1b: Scovillain
|move|p1a: Groudon|High Horsepower|p2b: Landorus
|-activate|p2b: Landorus|move: Protect
|
|-weather|SunnyDay|[upkeep]
|upkeep
|
|t:|1750803322
|switch|p2a: Calyrex|Calyrex-Shadow, L50|100/100
|switch|p1b: Flutter Mane|Flutter Mane, L50|100/100
|-ability|p2a: Calyrex|As One
|-ability|p2a: Calyrex|Unnerve
|-activate|p1b: Flutter Mane|ability: Protosynthesis
|-start|p1b: Flutter Mane|protosynthesisspe
|turn|2
|
|t:|1750803337
|move|p2a: Calyrex|Protect|p2a: Calyrex
|-singleturn|p2a: Calyrex|Protect
|move|p1b: Flutter Mane|Icy Wind|p2b: Landorus|[spread] p2b
|-activate|p2a: Calyrex|move: Protect
|-supereffective|p2b: Landorus
|-damage|p2b: Landorus|35/100
|-unboost|p2b: Landorus|spe|1
|move|p1a: Groudon|Heat Crash|p2b: Landorus
|-damage|p2b: Landorus|0 fnt
|faint|p2b: Landorus
|
|-weather|SunnyDay|[upkeep]
|upkeep
|
|t:|1750803346
|switch|p2b: Rillaboom|Rillaboom, L50, F|100/100
|-fieldstart|move: Grassy Terrain|[from] ability: Grassy Surge|[of] p2b: Rillaboom
|turn|3
|
|t:|1750803362
|move|p1b: Flutter Mane|Protect|p1b: Flutter Mane
|-singleturn|p1b: Flutter Mane|Protect
|move|p2b: Rillaboom|Grassy Glide|p1b: Flutter Mane
|-activate|p1b: Flutter Mane|move: Protect
|move|p2a: Calyrex|Astral Barrage|p1b: Flutter Mane|[spread] p1a
|-activate|p1b: Flutter Mane|move: Protect
|-crit|p1a: Groudon
|-damage|p1a: Groudon|0 fnt
|faint|p1a: Groudon
|-ability|p2a: Calyrex|Grim Neigh|boost
|-boost|p2a: Calyrex|spa|1
|
|-weather|SunnyDay|[upkeep]
|upkeep
|
|t:|1750803370
|switch|p1a: Miraidon|Miraidon, L50|100/100
|-fieldstart|move: Electric Terrain|[from] ability: Hadron Engine|[of] p1a: Miraidon
|turn|4
|inactive|PikaTROD has 30 seconds left.
|
|t:|1750803398
|-terastallize|p1a: Miraidon|Electric
|move|p2a: Calyrex|Protect|p2a: Calyrex
|-singleturn|p2a: Calyrex|Protect
|move|p1b: Flutter Mane|Icy Wind|p2b: Rillaboom|[spread] p2b
|-activate|p2a: Calyrex|move: Protect
|-supereffective|p2b: Rillaboom
|-crit|p2b: Rillaboom
|-damage|p2b: Rillaboom|66/100
|-unboost|p2b: Rillaboom|spe|1
|move|p1a: Miraidon|Electro Drift|p2a: Calyrex
|-activate|p2a: Calyrex|move: Protect
|move|p2b: Rillaboom|Wood Hammer|p1b: Flutter Mane
|-enditem|p1b: Flutter Mane|Focus Sash
|-damage|p1b: Flutter Mane|1/100
|-damage|p2b: Rillaboom|43/100|[from] Recoil
|
|-weather|SunnyDay|[upkeep]
|upkeep
|turn|5
|
|t:|1750803418
|move|p1b: Flutter Mane|Icy Wind|p2b: Rillaboom|[spread] p2a,p2b
|-supereffective|p2b: Rillaboom
|-damage|p2a: Calyrex|84/100
|-damage|p2b: Rillaboom|18/100
|-unboost|p2a: Calyrex|spe|1
|-unboost|p2b: Rillaboom|spe|1
|move|p1a: Miraidon|Electro Drift|p2a: Calyrex
|-damage|p2a: Calyrex|0 fnt
|faint|p2a: Calyrex
|move|p2b: Rillaboom|Wood Hammer|p1a: Miraidon
|-crit|p1a: Miraidon
|-damage|p1a: Miraidon|22/100
|-damage|p2b: Rillaboom|0 fnt|[from] Recoil
|faint|p2b: Rillaboom
|
|win|PikaTROD
|raw|PikaTROD's rating: 1553 &rarr; <strong>1570</strong><br />(+17 for winning)
|raw|Yoohohohobrook's rating: 1502 &rarr; <strong>1485</strong><br />(-17 for losing)
|l|☆PikaTROD
|player|p1|
|l|☆Yoohohohobrook
|player|p2|
