|j|☆Papaburt4
|j|☆13art
|t:|1750827101
|gametype|doubles
|player|p1|Papaburt4|265|1310
|player|p2|13art|102|1283
|teamsize|p1|6
|teamsize|p2|6
|gen|9
|tier|[Gen 9] VGC 2025 Reg I
|rated|
|rule|Species Clause: Limit one of each Pokémon
|rule|Item Clause: Limit 1 of each item
|clearpoke
|poke|p1|Lunala, L50|
|poke|p1|Ursaluna, L50, F|
|poke|p1|Urshifu-*, L50, M|
|poke|p1|Miraidon, L50|
|poke|p1|Grimmsnarl, L50, M|
|poke|p1|Incineroar, L50, F|
|poke|p2|Koraidon, L50|
|poke|p2|Flutter Mane, L50|
|poke|p2|Scream Tail, L50|
|poke|p2|Brute Bonnet, L50|
|poke|p2|Calyrex-Ice, L50|
|poke|p2|Rillaboom, L50, M|
|teampreview|4
|inactive|Battle timer is ON: inactive players will automatically lose when time's up. (requested by 13art)
|inactive|Papaburt4 has 60 seconds left.
|inactive|13art has 60 seconds left.
|inactive|Papaburt4 has 30 seconds left.
|inactive|13art has 30 seconds left.
|inactive|Papaburt4 has 20 seconds left.
|inactive|13art has 20 seconds left.
|inactive|Papaburt4 has 15 seconds left.
|inactive|13art has 15 seconds left.
|inactive|Papaburt4 has 10 seconds left.
|inactive|13art has 10 seconds left.
|inactive|13art has 5 seconds left.
|
|t:|1750827195
|start
|switch|p1a: Lunala|Lunala, L50|100/100
|switch|p1b: Incineroar|Incineroar, L50, F|100/100
|switch|p2a: Koraidon|Koraidon, L50|100/100
|switch|p2b: Flutter Mane|Flutter Mane, L50|100/100
|-weather|SunnyDay|[from] ability: Orichalcum Pulse|[of] p2a: Koraidon
|-activate|p2b: Flutter Mane|ability: Protosynthesis
|-start|p2b: Flutter Mane|protosynthesisspe
|-activate|p2a: Koraidon|Orichalcum Pulse|[source]
|-ability|p1b: Incineroar|Intimidate|boost
|-unboost|p2a: Koraidon|atk|1
|-unboost|p2b: Flutter Mane|atk|1
|turn|1
|inactive|Papaburt4 has 30 seconds left.
|inactive|13art has 30 seconds left.
|inactive|13art has 20 seconds left.
|inactive|13art has 15 seconds left.
|inactive|13art has 10 seconds left.
|inactive|13art has 5 seconds left.
|
|t:|1750827250
|-terastallize|p1a: Lunala|Fairy
|move|p2b: Flutter Mane|Icy Wind|p1b: Incineroar|[spread] p1a,p1b
|-resisted|p1b: Incineroar
|-damage|p1a: Lunala|95/100
|-damage|p1b: Incineroar|94/100
|-unboost|p1a: Lunala|spe|1
|-unboost|p1b: Incineroar|spe|1
|move|p2a: Koraidon|Flame Charge|p1b: Incineroar
|-resisted|p1b: Incineroar
|-damage|p1b: Incineroar|83/100
|-boost|p2a: Koraidon|spe|1
|-damage|p2a: Koraidon|84/100|[from] item: Rocky Helmet|[of] p1b: Incineroar
|-damage|p2a: Koraidon|74/100|[from] item: Life Orb
|move|p1b: Incineroar|Parting Shot|p2b: Flutter Mane
|-unboost|p2b: Flutter Mane|atk|1
|-unboost|p2b: Flutter Mane|spa|1
|
|t:|1750827266
|switch|p1b: Ursaluna|Ursaluna, L50, F|100/100|[from] Parting Shot
|move|p1a: Lunala|Trick Room|p1a: Lunala
|-fieldstart|move: Trick Room|[of] p1a: Lunala
|
|-weather|SunnyDay|[upkeep]
|-status|p1b: Ursaluna|brn|[from] item: Flame Orb
|upkeep
|turn|2
|inactive|Papaburt4 has 30 seconds left.
|inactive|13art has 30 seconds left.
|inactive|Papaburt4 has 20 seconds left.
|inactive|13art has 20 seconds left.
|inactive|Papaburt4 has 15 seconds left.
|inactive|13art has 15 seconds left.
|inactive|13art has 10 seconds left.
|inactive|13art has 5 seconds left.
|
|t:|1750827321
|move|p1b: Ursaluna|Earthquake|p2a: Koraidon|[spread] p1a,p2a,p2b
|-damage|p1a: Lunala|42/100
|-damage|p2a: Koraidon|13/100
|-enditem|p2b: Flutter Mane|Focus Sash
|-damage|p2b: Flutter Mane|1/100
|move|p1a: Lunala|Moongeist Beam|p2b: Flutter Mane
|-supereffective|p2b: Flutter Mane
|-damage|p2b: Flutter Mane|0 fnt
|faint|p2b: Flutter Mane
|-end|p2b: Flutter Mane|Protosynthesis|[silent]
|move|p2a: Koraidon|Flame Charge|p1a: Lunala
|-damage|p1a: Lunala|16/100
|-boost|p2a: Koraidon|spe|1
|-damage|p2a: Koraidon|3/100|[from] item: Life Orb
|
|-weather|SunnyDay|[upkeep]
|-damage|p1b: Ursaluna|95/100 brn|[from] brn
|upkeep
|inactive|13art has 30 seconds left.
|inactive|13art has 20 seconds left.
|inactive|13art has 15 seconds left.
|inactive|13art has 10 seconds left.
|inactive|13art has 5 seconds left.
|
|t:|1750827376
|switch|p2b: Scream Tail|Scream Tail, L50|100/100
|-activate|p2b: Scream Tail|ability: Protosynthesis
|-start|p2b: Scream Tail|protosynthesisspe
|turn|3
|inactive|13art has 30 seconds left.
|inactive|13art has 20 seconds left.
|inactive|13art has 15 seconds left.
|inactive|13art has 10 seconds left.
|inactive|13art has 5 seconds left.
|
|t:|1750827431
|move|p1b: Ursaluna|Earthquake|p2a: Koraidon|[spread] p1a,p2a,p2b
|-damage|p1a: Lunala|0 fnt
|-damage|p2a: Koraidon|0 fnt
|-damage|p2b: Scream Tail|46/100
|faint|p1a: Lunala
|faint|p2a: Koraidon
|move|p2b: Scream Tail|Encore|p1b: Ursaluna
|-start|p1b: Ursaluna|Encore
|
|-weather|SunnyDay|[upkeep]
|-damage|p1b: Ursaluna|89/100 brn|[from] brn
|upkeep
|inactive|13art has 30 seconds left.
|inactive|13art has 20 seconds left.
|inactive|13art has 15 seconds left.
|inactive|13art has 10 seconds left.
|inactive|13art has 5 seconds left.
|
|t:|1750827486
|switch|p1a: Incineroar|Incineroar, L50, F|83/100
|switch|p2a: Brute Bonnet|Brute Bonnet, L50|100/100
|-ability|p1a: Incineroar|Intimidate|boost
|-unboost|p2a: Brute Bonnet|atk|1
|-unboost|p2b: Scream Tail|atk|1
|-activate|p2a: Brute Bonnet|ability: Protosynthesis
|-start|p2a: Brute Bonnet|protosynthesisspd
|turn|4
|inactive|13art has 30 seconds left.
|inactive|13art has 20 seconds left.
|inactive|13art has 15 seconds left.
|inactive|13art has 10 seconds left.
|inactive|13art has 5 seconds left.
|
|t:|1750827541
|move|p1a: Incineroar|Fake Out|p2b: Scream Tail
|-damage|p2b: Scream Tail|38/100
|move|p2a: Brute Bonnet|Rage Powder|p2a: Brute Bonnet
|-singleturn|p2a: Brute Bonnet|move: Rage Powder
|move|p1b: Ursaluna|Earthquake|p2b: Scream Tail|[spread] p1a,p2a,p2b
|-supereffective|p1a: Incineroar
|-resisted|p2a: Brute Bonnet
|-damage|p1a: Incineroar|0 fnt
|-damage|p2a: Brute Bonnet|68/100
|-damage|p2b: Scream Tail|0 fnt
|faint|p1a: Incineroar
|faint|p2b: Scream Tail
|-end|p2b: Scream Tail|Protosynthesis|[silent]
|
|-weather|SunnyDay|[upkeep]
|-damage|p1b: Ursaluna|83/100 brn|[from] brn
|upkeep
|
|t:|1750827555
|switch|p1a: Miraidon|Miraidon, L50|100/100
|-fieldstart|move: Electric Terrain|[from] ability: Hadron Engine|[of] p1a: Miraidon
|turn|5
|inactive|13art has 30 seconds left.
|inactive|13art has 20 seconds left.
|inactive|13art has 15 seconds left.
|inactive|13art has 10 seconds left.
|inactive|13art has 5 seconds left.
|
|t:|1750827610
|move|p2a: Brute Bonnet|Rage Powder|p2a: Brute Bonnet
|-singleturn|p2a: Brute Bonnet|move: Rage Powder
|move|p1b: Ursaluna|Earthquake|p2a: Brute Bonnet|[spread] p1a,p2a
|-supereffective|p1a: Miraidon
|-resisted|p2a: Brute Bonnet
|-damage|p1a: Miraidon|0 fnt
|-damage|p2a: Brute Bonnet|38/100
|faint|p1a: Miraidon
|
|-weather|none
|-end|p2a: Brute Bonnet|Protosynthesis
|-damage|p1b: Ursaluna|77/100 brn|[from] brn
|-fieldend|move: Trick Room
|upkeep
|turn|6
|inactive|13art has 30 seconds left.
|inactive|13art has 20 seconds left.
|inactive|13art has 15 seconds left.
|inactive|13art has 10 seconds left.
|inactive|13art has 5 seconds left.
|-message|13art lost due to inactivity.
|
|win|Papaburt4
|raw|Papaburt4's rating: 1310 &rarr; <strong>1328</strong><br />(+18 for winning)
|raw|13art's rating: 1283 &rarr; <strong>1260</strong><br />(-23 for losing)
|l|☆Papaburt4
|player|p1|
