|j|☆luu d colo
|j|☆Yugi wit da hoodie
|t:|1750807620
|gametype|doubles
|player|p1|luu d colo|waiter-gen4|1324
|player|p2|Yugi wit da hoodie|265|1382
|teamsize|p1|6
|teamsize|p2|6
|gen|9
|tier|[Gen 9] VGC 2025 Reg I
|rated|
|rule|Species Clause: Limit one of each Pokémon
|rule|Item Clause: Limit 1 of each item
|clearpoke
|poke|p1|Ludicolo, L50, M|
|poke|p1|Miraidon, L50|
|poke|p1|Kyogre, L50|
|poke|p1|Tornadus, L50, M|
|poke|p1|Farigiraf, L50, M|
|poke|p1|Iron Hands, L50|
|poke|p2|Terapagos, L50, M|
|poke|p2|Ogerpon-Cornerstone, L50, F|
|poke|p2|Regidrago, L50|
|poke|p2|Tinkaton, L50, F|
|poke|p2|Hitmontop, L50, M|
|poke|p2|Salazzle, L50, F|
|teampreview|4
|inactive|Battle timer is ON: inactive players will automatically lose when time's up. (requested by luu d colo)
|inactive|luu d colo has 60 seconds left.
|
|t:|1750807658
|start
|switch|p1a: Ludicolo|Ludicolo, L50, M|100/100
|switch|p1b: Miraidon|Miraidon, L50|100/100
|switch|p2a: Smaug|Regidrago, L50|100/100
|switch|p2b: Tinkaton|Tinkaton, L50, F|100/100
|-fieldstart|move: Electric Terrain|[from] ability: Hadron Engine|[of] p1b: Miraidon
|-enditem|p1a: Ludicolo|Electric Seed
|-boost|p1a: Ludicolo|def|1|[from] item: Electric Seed
|-ability|p2b: Tinkaton|Mold Breaker
|turn|1
|inactive|Yugi wit da hoodie has 30 seconds left.
|inactive|Yugi wit da hoodie has 20 seconds left.
|inactive|Yugi wit da hoodie has 15 seconds left.
|inactive|luu d colo has 30 seconds left.
|
|t:|1750807705
|move|p1a: Ludicolo|Fake Out|p2b: Tinkaton
|-resisted|p2b: Tinkaton
|-damage|p2b: Tinkaton|97/100
|cant|p2b: Tinkaton|flinch
|move|p1b: Miraidon|Draco Meteor|p2a: Smaug
|-supereffective|p2a: Smaug
|-damage|p2a: Smaug|0 fnt
|-unboost|p1b: Miraidon|spa|2
|faint|p2a: Smaug
|
|upkeep
|
|t:|1750807715
|switch|p2a: Crush|Terapagos, L50, M|100/100
|-activate|p2a: Crush|ability: Tera Shift
|detailschange|p2a: Crush|Terapagos-Terastal, L50, M
|-heal|p2a: Crush|100/100|[silent]
|turn|2
|
|t:|1750807738
|switch|p1b: Iron Hands|Iron Hands, L50|100/100
|-activate|p1b: Iron Hands|ability: Quark Drive
|-start|p1b: Iron Hands|quarkdriveatk
|switch|p2b: Wiki-Tiki|Ogerpon-Cornerstone, L50, F|100/100
|move|p1a: Ludicolo|Giga Drain|p2a: Crush
|-activate|p2a: Crush|ability: Tera Shell
|-resisted|p2a: Crush
|-damage|p2a: Crush|91/100
|move|p2a: Crush|Calm Mind|p2a: Crush
|-boost|p2a: Crush|spa|1
|-boost|p2a: Crush|spd|1
|
|-heal|p2a: Crush|97/100|[from] item: Leftovers
|upkeep
|turn|3
|inactive|luu d colo has 30 seconds left.
|inactive|luu d colo has 20 seconds left.
|
|t:|1750807775
|move|p2b: Wiki-Tiki|Spiky Shield|p2b: Wiki-Tiki
|-singleturn|p2b: Wiki-Tiki|move: Protect
|move|p2a: Crush|Protect|p2a: Crush
|-singleturn|p2a: Crush|Protect
|move|p1b: Iron Hands|Fake Out|p2b: Wiki-Tiki
|-activate|p2b: Wiki-Tiki|move: Protect
|-damage|p1b: Iron Hands|88/100|[from] Spiky Shield|[of] p2b: Wiki-Tiki
|move|p1a: Ludicolo|Giga Drain|p2b: Wiki-Tiki
|-activate|p2b: Wiki-Tiki|move: Protect
|
|-heal|p2a: Crush|100/100|[from] item: Leftovers
|upkeep
|turn|4
|inactive|Yugi wit da hoodie has 30 seconds left.
|inactive|Yugi wit da hoodie has 20 seconds left.
|
|t:|1750807813
|move|p2b: Wiki-Tiki|Follow Me|p2b: Wiki-Tiki
|-singleturn|p2b: Wiki-Tiki|move: Follow Me
|move|p1a: Ludicolo|Sweet Scent|p2b: Wiki-Tiki|[spread] p2a,p2b
|-unboost|p2a: Crush|evasion|2
|-unboost|p2b: Wiki-Tiki|evasion|2
|move|p2a: Crush|Calm Mind|p2a: Crush
|-boost|p2a: Crush|spa|1
|-boost|p2a: Crush|spd|1
|move|p1b: Iron Hands|Drain Punch|p2b: Wiki-Tiki
|-supereffective|p2b: Wiki-Tiki
|-ability|p2b: Wiki-Tiki|Sturdy
|-damage|p2b: Wiki-Tiki|1/100
|-heal|p1b: Iron Hands|100/100|[from] drain|[of] p2b: Wiki-Tiki
|
|upkeep
|turn|5
|inactive|luu d colo has 30 seconds left.
|
|t:|1750807839
|-terastallize|p2a: Crush|Stellar
|detailschange|p2a: Crush|Terapagos-Stellar, L50, M, tera:Stellar
|-heal|p2a: Crush|100/100|[silent]
|-ability|p2a: Crush|Teraform Zero
|-fieldend|move: Electric Terrain
|-end|p1b: Iron Hands|Quark Drive
|move|p2b: Wiki-Tiki|Follow Me|p2b: Wiki-Tiki
|-singleturn|p2b: Wiki-Tiki|move: Follow Me
|move|p1a: Ludicolo|Giga Drain|p2b: Wiki-Tiki
|-damage|p2b: Wiki-Tiki|0 fnt
|faint|p2b: Wiki-Tiki
|move|p2a: Crush|Tera Starstorm|p1b: Iron Hands|[spread] p1a,p1b
|-damage|p1a: Ludicolo|25/100
|-damage|p1b: Iron Hands|63/100
|move|p1b: Iron Hands|Drain Punch|p2a: Crush
|-supereffective|p2a: Crush
|-damage|p2a: Crush|51/100
|-heal|p1b: Iron Hands|89/100|[from] drain|[of] p2a: Crush
|
|-heal|p2a: Crush|58/100|[from] item: Leftovers
|upkeep
|
|t:|1750807858
|switch|p2b: Tinkaton|Tinkaton, L50, F|97/100
|-ability|p2b: Tinkaton|Mold Breaker
|turn|6
|
|t:|1750807869
|move|p2b: Tinkaton|Fake Out|p1b: Iron Hands
|-damage|p1b: Iron Hands|84/100
|move|p1a: Ludicolo|Giga Drain|p2b: Tinkaton
|-resisted|p2b: Tinkaton
|-damage|p2b: Tinkaton|90/100
|-heal|p1a: Ludicolo|29/100|[from] drain|[of] p2b: Tinkaton
|move|p2a: Crush|Tera Starstorm|p1a: Ludicolo|[spread] p1a,p1b
|-damage|p1a: Ludicolo|0 fnt
|-damage|p1b: Iron Hands|47/100
|faint|p1a: Ludicolo
|cant|p1b: Iron Hands|flinch
|
|-heal|p2a: Crush|64/100|[from] item: Leftovers
|upkeep
|
|t:|1750807882
|switch|p1a: Kyogre|Kyogre, L50|100/100
|-weather|RainDance|[from] ability: Drizzle|[of] p1a: Kyogre
|turn|7
|
|t:|1750807894
|move|p2b: Tinkaton|Knock Off|p1b: Iron Hands
|-resisted|p1b: Iron Hands
|-damage|p1b: Iron Hands|40/100
|-enditem|p1b: Iron Hands|Assault Vest|[from] move: Knock Off|[of] p2b: Tinkaton
|move|p1a: Kyogre|Water Spout|p2a: Crush|[spread] p2a,p2b
|-crit|p2b: Tinkaton
|-damage|p2a: Crush|28/100
|-damage|p2b: Tinkaton|0 fnt
|faint|p2b: Tinkaton
|move|p2a: Crush|Tera Starstorm|p1b: Iron Hands|[spread] p1a,p1b
|-damage|p1a: Kyogre|53/100
|-damage|p1b: Iron Hands|0 fnt
|faint|p1b: Iron Hands
|-end|p1b: Iron Hands|Quark Drive|[silent]
|
|-weather|RainDance|[upkeep]
|-heal|p2a: Crush|34/100|[from] item: Leftovers
|upkeep
|
|t:|1750807907
|switch|p1b: Miraidon|Miraidon, L50|100/100
|-fieldstart|move: Electric Terrain|[from] ability: Hadron Engine|[of] p1b: Miraidon
|turn|8
|
|t:|1750807914
|move|p2a: Crush|Protect|p2a: Crush
|-singleturn|p2a: Crush|Protect
|move|p1b: Miraidon|Electro Drift|p2a: Crush
|-activate|p2a: Crush|move: Protect
|move|p1a: Kyogre|Origin Pulse|p2a: Crush
|-activate|p2a: Crush|move: Protect
|
|-weather|RainDance|[upkeep]
|-heal|p2a: Crush|40/100|[from] item: Leftovers
|upkeep
|turn|9
|
|t:|1750807926
|move|p1b: Miraidon|Electro Drift|p2a: Crush
|-damage|p2a: Crush|0 fnt
|faint|p2a: Crush
|detailschange|p2: Crush|Terapagos, L50, M|[silent]
|
|win|luu d colo
|raw|luu d colo's rating: 1324 &rarr; <strong>1347</strong><br />(+23 for winning)
|raw|Yugi wit da hoodie's rating: 1382 &rarr; <strong>1359</strong><br />(-23 for losing)
|l|☆Yugi wit da hoodie
|player|p2|
|l|☆luu d colo
|player|p1|
