|j|☆PizzaHungryCat43
|j|☆hagalupagalu
|t:|1750828446
|gametype|doubles
|player|p1|PizzaHungryCat43|unknown|1079
|player|p2|hagalupagalu|ghetsis|1112
|teamsize|p1|6
|teamsize|p2|6
|gen|9
|tier|[Gen 9] VGC 2025 Reg I
|rated|
|rule|Species Clause: Limit one of each Pokémon
|rule|Item Clause: Limit 1 of each item
|clearpoke
|poke|p1|Kyogre, L50|
|poke|p1|Whimsicott, L50, F|
|poke|p1|Golurk, L50|
|poke|p1|Lapras, L50, M|
|poke|p1|Calyrex-Ice, L50|
|poke|p1|Meowstic, L50, M|
|poke|p2|Miraidon, L50|
|poke|p2|Zamazenta-*, L50|
|poke|p2|Incineroar, L50, M|
|poke|p2|Indeedee-F, L50, F|
|poke|p2|Sinistcha-Masterpiece, L50|
|poke|p2|Tornadus, L50, M|
|teampreview|4
|
|t:|1750828510
|start
|switch|p1a: Meowstic|Meowstic, L50, M|100/100
|switch|p1b: Golurk|Golurk, L50|100/100
|switch|p2a: Zamazenta|Zamazenta-Crowned, L50|100/100
|switch|p2b: Incineroar|Incineroar, L50, M|100/100
|-ability|p2a: Zamazenta|Dauntless Shield|boost
|-boost|p2a: Zamazenta|def|1
|-ability|p2b: Incineroar|Intimidate|boost
|-unboost|p1a: Meowstic|atk|1
|-unboost|p1b: Golurk|atk|1
|turn|1
|
|t:|1750828528
|move|p1a: Meowstic|Skill Swap|p1b: Golurk
|-activate|p1a: Meowstic|move: Skill Swap|||[of] p1b: Golurk
|move|p1b: Golurk|Reflect|p1b: Golurk
|-sidestart|p1: PizzaHungryCat43|Reflect
|move|p2a: Zamazenta|Iron Defense|p2a: Zamazenta
|-boost|p2a: Zamazenta|def|2
|move|p2b: Incineroar|Parting Shot|p1b: Golurk
|-unboost|p1b: Golurk|atk|1
|-unboost|p1b: Golurk|spa|1
|
|t:|1750828550
|switch|p2b: Indeedee|Indeedee-F, L50, F|100/100|[from] Parting Shot
|-fieldstart|move: Psychic Terrain|[from] ability: Psychic Surge|[of] p2b: Indeedee
|-enditem|p2b: Indeedee|Psychic Seed
|-boost|p2b: Indeedee|spd|1|[from] item: Psychic Seed
|
|upkeep
|turn|2
|
|t:|1750828567
|move|p1a: Meowstic|Protect|p1a: Meowstic
|-singleturn|p1a: Meowstic|Protect
|move|p2b: Indeedee|Follow Me|p2b: Indeedee
|-singleturn|p2b: Indeedee|move: Follow Me
|move|p1b: Golurk|Curse|p2b: Indeedee
|-activate|p2b: Indeedee|move: Psychic Terrain
|move|p2a: Zamazenta|Iron Defense|p2a: Zamazenta
|-boost|p2a: Zamazenta|def|2
|
|upkeep
|turn|3
|
|t:|1750828594
|-terastallize|p1a: Meowstic|Ghost
|move|p2b: Indeedee|Follow Me|p2b: Indeedee
|-singleturn|p2b: Indeedee|move: Follow Me
|move|p2a: Zamazenta|Body Press|p1a: Meowstic
|-immune|p1a: Meowstic
|move|p1b: Golurk|Dynamic Punch|p2b: Indeedee
|-damage|p2b: Indeedee|87/100
|-start|p2b: Indeedee|confusion
|move|p1a: Meowstic|Trick Room|p1a: Meowstic
|-fieldstart|move: Trick Room|[of] p1a: Meowstic
|
|upkeep
|turn|4
|
|t:|1750828616
|switch|p2b: Incineroar|Incineroar, L50, M|100/100
|-ability|p2b: Incineroar|Intimidate|boost
|-unboost|p1a: Meowstic|atk|1
|-unboost|p1b: Golurk|atk|1
|move|p1a: Meowstic|Protect|p1a: Meowstic
|-singleturn|p1a: Meowstic|Protect
|move|p1b: Golurk|Dynamic Punch|p2a: Zamazenta|[miss]
|-miss|p1b: Golurk|p2a: Zamazenta
|move|p2a: Zamazenta|Body Press|p1b: Golurk
|-immune|p1b: Golurk
|
|upkeep
|turn|5
|
|t:|1750828668
|move|p1a: Meowstic|Protect|p1a: Meowstic
|-singleturn|p1a: Meowstic|Protect
|move|p1b: Golurk|Curse|p2a: Zamazenta
|-activate|p2a: Zamazenta|move: Psychic Terrain
|move|p2b: Incineroar|Knock Off|p1a: Meowstic
|-activate|p1a: Meowstic|move: Protect
|move|p2a: Zamazenta|Body Press|p1b: Golurk
|-immune|p1b: Golurk
|
|-sideend|p1: PizzaHungryCat43|Reflect
|-fieldend|move: Psychic Terrain
|upkeep
|turn|6
|
|t:|1750828704
|switch|p1a: Calyrex|Calyrex-Ice, L50|100/100
|-ability|p1a: Calyrex|As One
|-ability|p1a: Calyrex|Unnerve
|move|p1b: Golurk|Dynamic Punch|p2a: Zamazenta
|-supereffective|p2a: Zamazenta
|-damage|p2a: Zamazenta|95/100
|-start|p2a: Zamazenta|confusion
|move|p2b: Incineroar|Knock Off|p1a: Calyrex
|-supereffective|p1a: Calyrex
|-damage|p1a: Calyrex|44/100
|-enditem|p1a: Calyrex|Weakness Policy
|-boost|p1a: Calyrex|atk|2|[from] item: Weakness Policy
|-boost|p1a: Calyrex|spa|2|[from] item: Weakness Policy
|-activate|p2a: Zamazenta|confusion
|move|p2a: Zamazenta|Crunch|p1a: Calyrex
|-supereffective|p1a: Calyrex
|-damage|p1a: Calyrex|16/100
|
|upkeep
|turn|7
|
|t:|1750828737
|move|p1b: Golurk|Curse|p2b: Incineroar
|-hint|Since gen 7, Dark is immune to Prankster moves.
|-immune|p2b: Incineroar
|move|p1a: Calyrex|Glacial Lance|p2b: Incineroar|[spread] p2a,p2b
|-resisted|p2a: Zamazenta
|-resisted|p2b: Incineroar
|-damage|p2a: Zamazenta|84/100
|-damage|p2b: Incineroar|44/100
|move|p2b: Incineroar|Knock Off|p1b: Golurk
|-supereffective|p1b: Golurk
|-damage|p1b: Golurk|0 fnt
|-damage|p2b: Incineroar|28/100|[from] item: Rocky Helmet|[of] p1b: Golurk
|-enditem|p1b: Golurk|Rocky Helmet|[from] move: Knock Off|[of] p2b: Incineroar
|faint|p1b: Golurk
|-activate|p2a: Zamazenta|confusion
|-damage|p2a: Zamazenta|81/100|[from] confusion
|
|-fieldend|move: Trick Room
|upkeep
|
|t:|1750828752
|switch|p1b: Lapras|Lapras, L50, M|100/100
|turn|8
|
|t:|1750828767
|-activate|p2a: Zamazenta|confusion
|move|p2a: Zamazenta|Body Press|p1b: Lapras
|-supereffective|p1b: Lapras
|-damage|p1b: Lapras|0 fnt
|faint|p1b: Lapras
|move|p2b: Incineroar|Flare Blitz|p1a: Calyrex
|-supereffective|p1a: Calyrex
|-damage|p1a: Calyrex|0 fnt
|-enditem|p2b: Incineroar|Sitrus Berry|[eat]
|-heal|p2b: Incineroar|52/100|[from] item: Sitrus Berry
|faint|p1a: Calyrex
|-damage|p2b: Incineroar|47/100|[from] Recoil
|
|upkeep
|-message|PizzaHungryCat43 forfeited.
|
|win|hagalupagalu
|raw|PizzaHungryCat43's rating: 1079 &rarr; <strong>1059</strong><br />(-20 for losing)
|raw|hagalupagalu's rating: 1112 &rarr; <strong>1135</strong><br />(+23 for winning)
|l|☆PizzaHungryCat43
|player|p1|
|l|☆hagalupagalu
|player|p2|
