|j|☆complutel
|j|☆DOAKZYN
|t:|1750771003
|gametype|doubles
|player|p1|complutel|102|1455
|player|p2|DOAKZYN|170|1392
|teamsize|p1|6
|teamsize|p2|6
|gen|9
|tier|[Gen 9] VGC 2025 Reg I
|rated|
|rule|Species Clause: Limit one of each Pokémon
|rule|Item Clause: Limit 1 of each item
|clearpoke
|poke|p1|Rayquaza, L50|
|poke|p1|Chien-Pao, L50|
|poke|p1|Lunala, L50|
|poke|p1|Rillaboom, L50, F|
|poke|p1|Ogerpon-Hearthflame, L50, F|
|poke|p1|Kingambit, L50, F|
|poke|p2|Kyogre, L50|
|poke|p2|Urshifu-*, L50, F|
|poke|p2|Tornadus, L50, M|
|poke|p2|Miraidon, L50|
|poke|p2|Ursaluna-Bloodmoon, L50, M|
|poke|p2|Farigiraf, L50, M|
|teampreview|4
|inactive|Battle timer is ON: inactive players will automatically lose when time's up. (requested by DOAKZYN)
|
|t:|1750771065
|start
|switch|p1a: Lunala|Lunala, L50|100/100
|switch|p1b: Rillaboom|Rillaboom, L50, F|100/100
|switch|p2a: Tornadus|Tornadus, L50, M|100/100
|switch|p2b: Urshifu|Urshifu-Rapid-Strike, L50, F|100/100
|-fieldstart|move: Grassy Terrain|[from] ability: Grassy Surge|[of] p1b: Rillaboom
|turn|1
|inactive|DOAKZYN has 30 seconds left.
|inactive|DOAKZYN has 20 seconds left.
|
|t:|1750771100
|switch|p2b: Farigiraf|Farigiraf, L50, M|100/100
|move|p2a: Tornadus|Taunt|p1a: Lunala
|-start|p1a: Lunala|move: Taunt
|move|p1a: Lunala|Meteor Beam||[still]
|-prepare|p1a: Lunala|Meteor Beam
|-boost|p1a: Lunala|spa|1
|-enditem|p1a: Lunala|Power Herb
|-anim|p1a: Lunala|Meteor Beam|p2a: Tornadus|[miss]
|-miss|p1a: Lunala|p2a: Tornadus
|move|p1b: Rillaboom|Wood Hammer|p2b: Farigiraf
|-damage|p2b: Farigiraf|43/100
|-enditem|p2b: Farigiraf|Sitrus Berry|[eat]
|-heal|p2b: Farigiraf|68/100|[from] item: Sitrus Berry
|-damage|p1b: Rillaboom|80/100|[from] Recoil
|
|-heal|p1b: Rillaboom|86/100|[from] Grassy Terrain
|-heal|p2b: Farigiraf|74/100|[from] Grassy Terrain
|upkeep
|turn|2
|
|t:|1750771121
|move|p2a: Tornadus|Tailwind|p2a: Tornadus
|-sidestart|p2: DOAKZYN|move: Tailwind
|move|p2b: Farigiraf|Foul Play|p1a: Lunala
|-supereffective|p1a: Lunala
|-damage|p1a: Lunala|71/100
|move|p1a: Lunala|Moongeist Beam|p2a: Tornadus
|-enditem|p2a: Tornadus|Focus Sash
|-damage|p2a: Tornadus|1/100
|move|p1b: Rillaboom|U-turn|p2b: Farigiraf
|-supereffective|p2b: Farigiraf
|-damage|p2b: Farigiraf|36/100
|
|t:|1750771133
|switch|p1b: Chien-Pao|Chien-Pao, L50|100/100|[from] U-turn
|-ability|p1b: Chien-Pao|Sword of Ruin
|
|-heal|p2b: Farigiraf|42/100|[from] Grassy Terrain
|-heal|p1a: Lunala|77/100|[from] Grassy Terrain
|upkeep
|turn|3
|
|t:|1750771145
|-terastallize|p1a: Lunala|Dark
|move|p2a: Tornadus|Rain Dance|p2a: Tornadus
|-weather|RainDance
|move|p1b: Chien-Pao|Ice Spinner|p2b: Farigiraf
|-damage|p2b: Farigiraf|3/100
|-fieldend|move: Grassy Terrain
|move|p2b: Farigiraf|Foul Play|p1b: Chien-Pao
|-resisted|p1b: Chien-Pao
|-damage|p1b: Chien-Pao|77/100
|move|p1a: Lunala|Moongeist Beam|p2a: Tornadus
|-damage|p2a: Tornadus|0 fnt
|faint|p2a: Tornadus
|
|-weather|RainDance|[upkeep]
|-end|p1a: Lunala|move: Taunt
|upkeep
|
|t:|1750771157
|switch|p2a: Miraidon|Miraidon, L50|100/100
|-fieldstart|move: Electric Terrain|[from] ability: Hadron Engine|[of] p2a: Miraidon
|turn|4
|
|t:|1750771173
|switch|p1b: Rillaboom|Rillaboom, L50, F|86/100
|-fieldstart|move: Grassy Terrain|[from] ability: Grassy Surge|[of] p1b: Rillaboom
|move|p2a: Miraidon|Dazzling Gleam|p1a: Lunala|[spread] p1a,p1b
|-supereffective|p1a: Lunala
|-damage|p1a: Lunala|29/100
|-damage|p1b: Rillaboom|60/100
|move|p2b: Farigiraf|Foul Play|p1a: Lunala
|-resisted|p1a: Lunala
|-damage|p1a: Lunala|21/100
|move|p1a: Lunala|Moongeist Beam|p2a: Miraidon
|-damage|p2a: Miraidon|24/100
|
|-weather|RainDance|[upkeep]
|-heal|p2a: Miraidon|30/100|[from] Grassy Terrain
|-heal|p2b: Farigiraf|9/100|[from] Grassy Terrain
|-heal|p1a: Lunala|27/100|[from] Grassy Terrain
|-heal|p1b: Rillaboom|66/100|[from] Grassy Terrain
|upkeep
|turn|5
|inactive|complutel has 30 seconds left.
|
|t:|1750771200
|switch|p1a: Kingambit|Kingambit, L50, F|100/100
|move|p2a: Miraidon|Dazzling Gleam|p1b: Rillaboom|[spread] p1a,p1b
|-damage|p1a: Kingambit|67/100
|-damage|p1b: Rillaboom|42/100
|move|p2b: Farigiraf|Foul Play|p1b: Rillaboom
|-damage|p1b: Rillaboom|14/100
|move|p1b: Rillaboom|U-turn|p2b: Farigiraf
|-supereffective|p2b: Farigiraf
|-damage|p2b: Farigiraf|0 fnt
|faint|p2b: Farigiraf
|
|t:|1750771211
|switch|p1b: Chien-Pao|Chien-Pao, L50|77/100|[from] U-turn
|-ability|p1b: Chien-Pao|Sword of Ruin
|
|-weather|RainDance|[upkeep]
|-heal|p2a: Miraidon|36/100|[from] Grassy Terrain
|-heal|p1b: Chien-Pao|83/100|[from] Grassy Terrain
|-heal|p1a: Kingambit|72/100|[from] Grassy Terrain
|-sideend|p2: DOAKZYN|move: Tailwind
|upkeep
|
|t:|1750771215
|switch|p2b: Urshifu|Urshifu-Rapid-Strike, L50, F|100/100
|turn|6
|
|t:|1750771227
|-terastallize|p2b: Urshifu|Water
|move|p1b: Chien-Pao|Sucker Punch|p2a: Miraidon
|-damage|p2a: Miraidon|0 fnt
|faint|p2a: Miraidon
|move|p2b: Urshifu|Aqua Jet|p1b: Chien-Pao
|-damage|p1b: Chien-Pao|0 fnt
|faint|p1b: Chien-Pao
|move|p1a: Kingambit|Sucker Punch||[still]
|-fail|p1a: Kingambit
|
|-weather|RainDance|[upkeep]
|-heal|p1a: Kingambit|78/100|[from] Grassy Terrain
|upkeep
|
|t:|1750771241
|switch|p1b: Rillaboom|Rillaboom, L50, F|14/100
|turn|7
|
|t:|1750771248
|move|p1b: Rillaboom|Fake Out|p2b: Urshifu
|-damage|p2b: Urshifu|86/100
|cant|p2b: Urshifu|flinch
|move|p1a: Kingambit|Kowtow Cleave|p2b: Urshifu
|-damage|p2b: Urshifu|24/100
|
|-weather|none
|-heal|p2b: Urshifu|31/100|[from] Grassy Terrain
|-heal|p1b: Rillaboom|19/100|[from] Grassy Terrain
|-heal|p1a: Kingambit|84/100|[from] Grassy Terrain
|upkeep
|turn|8
|
|t:|1750771258
|move|p2b: Urshifu|Aqua Jet|p1b: Rillaboom
|-resisted|p1b: Rillaboom
|-damage|p1b: Rillaboom|0 fnt
|faint|p1b: Rillaboom
|move|p1a: Kingambit|Kowtow Cleave|p2b: Urshifu
|-damage|p2b: Urshifu|0 fnt
|faint|p2b: Urshifu
|
|win|complutel
|raw|complutel's rating: 1455 &rarr; <strong>1471</strong><br />(+16 for winning)
|raw|DOAKZYN's rating: 1392 &rarr; <strong>1376</strong><br />(-16 for losing)
|l|☆complutel
|player|p1|
|l|☆DOAKZYN
|player|p2|
