|j|☆Pantoskywalker
|j|☆eggs are very cool
|t:|1750717931
|gametype|doubles
|player|p1|Pantoskywalker|2|1197
|player|p2|eggs are very cool|drayden|1124
|teamsize|p1|6
|teamsize|p2|6
|gen|9
|tier|[Gen 9] VGC 2025 Reg I
|rated|
|rule|Species Clause: Limit one of each Pokémon
|rule|Item Clause: Limit 1 of each item
|clearpoke
|poke|p1|Koraidon, L50|
|poke|p1|Terapagos, L50, M|
|poke|p1|Flutter Mane, L50|
|poke|p1|Rillaboom, L50, M|
|poke|p1|Incineroar, L50, M|
|poke|p1|Volcarona, L50, M|
|poke|p2|Zamazenta-*, L50|
|poke|p2|Terapagos, L50, M|
|poke|p2|Chi-Yu, L50|
|poke|p2|Charjabug, L50, M|
|poke|p2|Dugtrio, L50, F|
|poke|p2|Whimsicott, L50, F|
|teampreview|4
|
|t:|1750717986
|start
|switch|p1a: Koraidon|Koraidon, L50|100/100
|switch|p1b: Terapagos|Terapagos, L50, M|100/100
|switch|p2a: Whimsicott|Whimsicott, L50, F|100/100
|switch|p2b: Dugtrio|Dugtrio, L50, F|100/100
|-activate|p1b: Terapagos|ability: Tera Shift
|detailschange|p1b: Terapagos|Terapagos-Terastal, L50, M
|-heal|p1b: Terapagos|100/100|[silent]
|-weather|SunnyDay|[from] ability: Orichalcum Pulse|[of] p1a: Koraidon
|-activate|p1a: Koraidon|Orichalcum Pulse|[source]
|turn|1
|
|t:|1750718004
|move|p2a: Whimsicott|Tailwind|p2a: Whimsicott
|-sidestart|p2: eggs are very cool|move: Tailwind
|move|p2b: Dugtrio|Bulldoze|p1a: Koraidon|[spread] p2a,p1a,p1b
|-resisted|p2a: Whimsicott
|-activate|p1b: Terapagos|ability: Tera Shell
|-resisted|p1b: Terapagos
|-damage|p2a: Whimsicott|90/100
|-damage|p1a: Koraidon|83/100
|-damage|p1b: Terapagos|94/100
|-unboost|p2a: Whimsicott|spe|1
|-unboost|p1a: Koraidon|spe|1
|-unboost|p1b: Terapagos|spe|1
|-enditem|p2a: Whimsicott|Eject Pack
|
|t:|1750718014
|switch|p2a: Chi-Yu|Chi-Yu, L50|100/100
|-ability|p2a: Chi-Yu|Beads of Ruin
|move|p1a: Koraidon|Flame Charge|p2a: Chi-Yu
|-resisted|p2a: Chi-Yu
|-damage|p2a: Chi-Yu|66/100
|-boost|p1a: Koraidon|spe|1
|-damage|p1a: Koraidon|74/100|[from] item: Life Orb
|move|p1b: Terapagos|Calm Mind|p1b: Terapagos
|-boost|p1b: Terapagos|spa|1
|-boost|p1b: Terapagos|spd|1
|
|-weather|SunnyDay|[upkeep]
|-heal|p1b: Terapagos|100/100|[from] item: Leftovers
|upkeep
|turn|2
|
|t:|1750718049
|switch|p2b: Charjabug|Charjabug, L50, M|100/100
|-terastallize|p2a: Chi-Yu|Fire
|move|p2a: Chi-Yu|Overheat|p1b: Terapagos
|-activate|p1b: Terapagos|ability: Tera Shell
|-resisted|p1b: Terapagos
|-damage|p1b: Terapagos|0 fnt
|-unboost|p2a: Chi-Yu|spa|2
|faint|p1b: Terapagos
|move|p1a: Koraidon|Close Combat|p2a: Chi-Yu
|-damage|p2a: Chi-Yu|0 fnt
|-unboost|p1a: Koraidon|def|1
|-unboost|p1a: Koraidon|spd|1
|faint|p2a: Chi-Yu
|-damage|p1a: Koraidon|64/100|[from] item: Life Orb
|
|-weather|SunnyDay|[upkeep]
|upkeep
|
|t:|1750718074
|switch|p2a: Whimsicott|Whimsicott, L50, F|90/100
|switch|p1b: Volcarona|Volcarona, L50, M|100/100
|turn|3
|
|t:|1750718095
|move|p2a: Whimsicott|Moonblast|p1a: Koraidon
|-supereffective|p1a: Koraidon
|-damage|p1a: Koraidon|0 fnt
|faint|p1a: Koraidon
|move|p1b: Volcarona|Overheat|p2b: Charjabug
|-supereffective|p2b: Charjabug
|-damage|p2b: Charjabug|0 fnt
|-unboost|p1b: Volcarona|spa|2
|faint|p2b: Charjabug
|
|-weather|SunnyDay|[upkeep]
|upkeep
|
|t:|1750718106
|switch|p1a: Flutter Mane|Flutter Mane, L50|100/100
|switch|p2b: Dugtrio|Dugtrio, L50, F|100/100
|-activate|p1a: Flutter Mane|ability: Protosynthesis
|-start|p1a: Flutter Mane|protosynthesisspe
|turn|4
|
|t:|1750718148
|-terastallize|p1b: Volcarona|Grass
|move|p2b: Dugtrio|Rock Slide|p1a: Flutter Mane|[spread] p1a,p1b
|-damage|p1a: Flutter Mane|65/100
|-damage|p1b: Volcarona|86/100
|move|p1a: Flutter Mane|Shadow Ball|p2a: Whimsicott
|-damage|p2a: Whimsicott|37/100
|move|p2a: Whimsicott|Moonblast|p1a: Flutter Mane
|-damage|p1a: Flutter Mane|23/100
|-unboost|p1a: Flutter Mane|spa|1
|move|p1b: Volcarona|Overheat|p2a: Whimsicott
|-supereffective|p2a: Whimsicott
|-damage|p2a: Whimsicott|0 fnt
|-unboost|p1b: Volcarona|spa|2
|faint|p2a: Whimsicott
|
|-weather|SunnyDay|[upkeep]
|-sideend|p2: eggs are very cool|move: Tailwind
|upkeep
|turn|5
|
|t:|1750718168
|move|p1a: Flutter Mane|Moonblast|p2b: Dugtrio
|-damage|p2b: Dugtrio|32/100
|-unboost|p2b: Dugtrio|spa|1
|move|p2b: Dugtrio|Rock Slide|p1b: Volcarona|[spread] p1a
|-miss|p2b: Dugtrio|p1b: Volcarona
|-damage|p1a: Flutter Mane|0 fnt
|faint|p1a: Flutter Mane
|-end|p1a: Flutter Mane|Protosynthesis|[silent]
|move|p1b: Volcarona|Overheat|p2b: Dugtrio
|-damage|p2b: Dugtrio|0 fnt
|-unboost|p1b: Volcarona|spa|2
|faint|p2b: Dugtrio
|
|win|Pantoskywalker
|raw|Pantoskywalker's rating: 1197 &rarr; <strong>1217</strong><br />(+20 for winning)
|raw|eggs are very cool's rating: 1124 &rarr; <strong>1104</strong><br />(-20 for losing)
|c|☆Pantoskywalker|Gg
|c|☆eggs are very cool|Gg
|l|☆Pantoskywalker
|player|p1|
