|j|☆Fediz
|j|☆Lewissquire
|t:|1750746471
|gametype|doubles
|player|p1|Fediz|170|1307
|player|p2|Lewissquire|102|1361
|teamsize|p1|6
|teamsize|p2|6
|gen|9
|tier|[Gen 9] VGC 2025 Reg I
|rated|
|rule|Species Clause: Limit one of each Pokémon
|rule|Item Clause: Limit 1 of each item
|clearpoke
|poke|p1|Miraidon, L50|
|poke|p1|Whimsicott, L50, M|
|poke|p1|Ursaluna, L50, F|
|poke|p1|Incineroar, L50, M|
|poke|p1|Lunala, L50|
|poke|p1|Urshifu-*, L50, M|
|poke|p2|Zamazenta-*, L50|
|poke|p2|Raging Bolt, L50|
|poke|p2|Incineroar, L50, F|
|poke|p2|Rillaboom, L50, M|
|poke|p2|Ogerpon-Hearthflame, L50, F|
|poke|p2|Calyrex-Shadow, L50|
|teampreview|4
|inactive|Battle timer is ON: inactive players will automatically lose when time's up. (requested by Fediz)
|
|t:|1750746492
|start
|switch|p1a: Incineroar|Incineroar, L50, M|100/100
|switch|p1b: Lunala|Lunala, L50|100/100
|switch|p2a: Incineroar|Incineroar, L50, F|100/100
|switch|p2b: Rillaboom|Rillaboom, L50, M|100/100
|-fieldstart|move: Grassy Terrain|[from] ability: Grassy Surge|[of] p2b: Rillaboom
|-ability|p1a: Incineroar|Intimidate|boost
|-unboost|p2a: Incineroar|atk|1
|-unboost|p2b: Rillaboom|atk|1
|-ability|p2a: Incineroar|Intimidate|boost
|-unboost|p1a: Incineroar|atk|1
|-unboost|p1b: Lunala|atk|1
|turn|1
|
|t:|1750746515
|-terastallize|p1b: Lunala|Fairy
|move|p2b: Rillaboom|Fake Out|p1a: Incineroar
|-damage|p1a: Incineroar|90/100
|-damage|p2b: Rillaboom|84/100|[from] item: Rocky Helmet|[of] p1a: Incineroar
|cant|p1a: Incineroar|flinch
|move|p2a: Incineroar|Knock Off|p1b: Lunala
|-resisted|p1b: Lunala
|-damage|p1b: Lunala|96/100
|-enditem|p1b: Lunala|Leftovers|[from] move: Knock Off|[of] p2a: Incineroar
|move|p1b: Lunala|Trick Room|p1b: Lunala
|-fieldstart|move: Trick Room|[of] p1b: Lunala
|
|-heal|p1a: Incineroar|96/100|[from] Grassy Terrain
|-heal|p2b: Rillaboom|90/100|[from] Grassy Terrain
|-heal|p1b: Lunala|100/100|[from] Grassy Terrain
|upkeep
|turn|2
|inactive|Lewissquire has 30 seconds left.
|inactive|Fediz has 30 seconds left.
|
|t:|1750746551
|move|p2a: Incineroar|Parting Shot|p1b: Lunala
|-unboost|p1b: Lunala|atk|1
|-unboost|p1b: Lunala|spa|1
|
|t:|1750746556
|switch|p2a: Zamazenta|Zamazenta-Crowned, L50|100/100|[from] Parting Shot
|-ability|p2a: Zamazenta|Dauntless Shield|boost
|-boost|p2a: Zamazenta|def|1
|move|p1a: Incineroar|Parting Shot|p2a: Zamazenta
|-unboost|p2a: Zamazenta|atk|1
|-unboost|p2a: Zamazenta|spa|1
|
|t:|1750746564
|switch|p1a: Ursaluna|Ursaluna, L50, F|100/100|[from] Parting Shot
|move|p2b: Rillaboom|Wood Hammer|p1a: Ursaluna
|-supereffective|p1a: Ursaluna
|-damage|p1a: Ursaluna|16/100
|-damage|p2b: Rillaboom|58/100|[from] Recoil
|move|p1b: Lunala|Moongeist Beam|p2b: Rillaboom
|-damage|p2b: Rillaboom|32/100
|
|-heal|p1a: Ursaluna|22/100|[from] Grassy Terrain
|-heal|p2b: Rillaboom|38/100|[from] Grassy Terrain
|-status|p1a: Ursaluna|brn|[from] item: Flame Orb
|upkeep
|turn|3
|inactive|Fediz has 30 seconds left.
|inactive|Lewissquire has 30 seconds left.
|
|t:|1750746593
|switch|p2b: Incineroar|Incineroar, L50, F|100/100
|-ability|p2b: Incineroar|Intimidate|boost
|-unboost|p1a: Ursaluna|atk|1
|-unboost|p1b: Lunala|atk|1
|move|p1a: Ursaluna|Protect|p1a: Ursaluna
|-singleturn|p1a: Ursaluna|Protect
|move|p2a: Zamazenta|Protect|p2a: Zamazenta
|-singleturn|p2a: Zamazenta|Protect
|move|p1b: Lunala|Moongeist Beam|p2b: Incineroar
|-resisted|p2b: Incineroar
|-damage|p2b: Incineroar|85/100
|
|-heal|p1a: Ursaluna|28/100 brn|[from] Grassy Terrain
|-heal|p2b: Incineroar|91/100|[from] Grassy Terrain
|-damage|p1a: Ursaluna|22/100 brn|[from] brn
|upkeep
|turn|4
|inactive|Fediz has 30 seconds left.
|inactive|Lewissquire has 30 seconds left.
|
|t:|1750746625
|switch|p1a: Incineroar|Incineroar, L50, M|96/100
|-ability|p1a: Incineroar|Intimidate|boost
|-unboost|p2a: Zamazenta|atk|1
|-unboost|p2b: Incineroar|atk|1
|move|p2b: Incineroar|Fake Out|p1a: Incineroar
|-damage|p1a: Incineroar|88/100
|-damage|p2b: Incineroar|75/100|[from] item: Rocky Helmet|[of] p1a: Incineroar
|move|p1b: Lunala|Moonblast|p2a: Zamazenta
|-damage|p2a: Zamazenta|77/100
|-unboost|p2a: Zamazenta|spa|1
|move|p2a: Zamazenta|Body Press|p1a: Incineroar
|-supereffective|p1a: Incineroar
|-damage|p1a: Incineroar|0 fnt
|-damage|p2a: Zamazenta|61/100|[from] item: Rocky Helmet|[of] p1a: Incineroar
|faint|p1a: Incineroar
|
|-heal|p2b: Incineroar|81/100|[from] Grassy Terrain
|-heal|p2a: Zamazenta|67/100|[from] Grassy Terrain
|upkeep
|
|t:|1750746641
|switch|p1a: Ursaluna|Ursaluna, L50, F|22/100 brn
|turn|5
|inactive|Lewissquire has 30 seconds left.
|
|t:|1750746673
|switch|p2b: Rillaboom|Rillaboom, L50, M|38/100
|move|p2a: Zamazenta|Protect|p2a: Zamazenta
|-singleturn|p2a: Zamazenta|Protect
|move|p1b: Lunala|Wide Guard|p1b: Lunala
|-singleturn|p1b: Lunala|Wide Guard
|move|p1a: Ursaluna|Earthquake|p2a: Zamazenta|[spread] p2b
|-activate|p1b: Lunala|move: Wide Guard
|-activate|p2a: Zamazenta|move: Protect
|-resisted|p2b: Rillaboom
|-damage|p2b: Rillaboom|24/100
|
|-heal|p1a: Ursaluna|28/100 brn|[from] Grassy Terrain
|-heal|p2b: Rillaboom|30/100|[from] Grassy Terrain
|-heal|p2a: Zamazenta|73/100|[from] Grassy Terrain
|-damage|p1a: Ursaluna|22/100 brn|[from] brn
|-fieldend|move: Trick Room
|-fieldend|move: Grassy Terrain
|upkeep
|turn|6
|inactive|Fediz has 30 seconds left.
|inactive|Lewissquire has 30 seconds left.
|
|t:|1750746708
|switch|p1a: Miraidon|Miraidon, L50|100/100
|-fieldstart|move: Electric Terrain|[from] ability: Hadron Engine|[of] p1a: Miraidon
|move|p2b: Rillaboom|Fake Out|p1b: Lunala
|-damage|p1b: Lunala|95/100
|move|p2a: Zamazenta|Body Press|p1a: Miraidon
|-damage|p1a: Miraidon|33/100
|cant|p1b: Lunala|flinch
|
|upkeep
|turn|7
|inactive|Lewissquire has 30 seconds left.
|inactive|Lewissquire has 20 seconds left.
|inactive|Lewissquire has 15 seconds left.
|inactive|Lewissquire has 10 seconds left.
|
|t:|1750746758
|move|p1a: Miraidon|Dazzling Gleam|p2a: Zamazenta|[spread] p2a,p2b
|-damage|p2a: Zamazenta|41/100
|-damage|p2b: Rillaboom|0 fnt
|faint|p2b: Rillaboom
|move|p2a: Zamazenta|Heavy Slam|p1b: Lunala
|-supereffective|p1b: Lunala
|-damage|p1b: Lunala|60/100
|move|p1b: Lunala|Moonblast|p2a: Zamazenta
|-damage|p2a: Zamazenta|19/100
|-unboost|p2a: Zamazenta|spa|1
|
|upkeep
|
|t:|1750746770
|switch|p2b: Calyrex|Calyrex-Shadow, L50|100/100
|-ability|p2b: Calyrex|As One
|-ability|p2b: Calyrex|Unnerve
|turn|8
|
|t:|1750746787
|switch|p1a: Ursaluna|Ursaluna, L50, F|22/100 brn
|move|p2b: Calyrex|Psychic|p1a: Ursaluna
|-damage|p1a: Ursaluna|0 fnt
|faint|p1a: Ursaluna
|-ability|p2b: Calyrex|Grim Neigh|boost
|-boost|p2b: Calyrex|spa|1
|-damage|p2b: Calyrex|91/100|[from] item: Life Orb
|move|p2a: Zamazenta|Heavy Slam|p1b: Lunala
|-supereffective|p1b: Lunala
|-damage|p1b: Lunala|28/100
|move|p1b: Lunala|Moongeist Beam|p2b: Calyrex
|-supereffective|p2b: Calyrex
|-damage|p2b: Calyrex|0 fnt
|faint|p2b: Calyrex
|
|upkeep
|
|t:|1750746805
|switch|p2b: Incineroar|Incineroar, L50, F|81/100
|switch|p1a: Miraidon|Miraidon, L50|33/100
|-activate|p1a: Miraidon|ability: Hadron Engine
|-ability|p2b: Incineroar|Intimidate|boost
|-unboost|p1a: Miraidon|atk|1
|-unboost|p1b: Lunala|atk|1
|turn|9
|
|t:|1750746828
|move|p2b: Incineroar|Fake Out|p1a: Miraidon
|-damage|p1a: Miraidon|23/100
|cant|p1a: Miraidon|flinch
|move|p2a: Zamazenta|Heavy Slam|p1b: Lunala
|-supereffective|p1b: Lunala
|-crit|p1b: Lunala
|-damage|p1b: Lunala|0 fnt
|faint|p1b: Lunala
|
|upkeep
|turn|10
|
|t:|1750746843
|move|p1a: Miraidon|Electro Drift|p2b: Incineroar
|-damage|p2b: Incineroar|0 fnt
|-damage|p1a: Miraidon|7/100|[from] item: Rocky Helmet|[of] p2b: Incineroar
|faint|p2b: Incineroar
|move|p2a: Zamazenta|Body Press|p1a: Miraidon
|-damage|p1a: Miraidon|0 fnt
|faint|p1a: Miraidon
|
|win|Lewissquire
|raw|Fediz's rating: 1307 &rarr; <strong>1290</strong><br />(-17 for losing)
|raw|Lewissquire's rating: 1361 &rarr; <strong>1378</strong><br />(+17 for winning)
|l|☆Fediz
|player|p1|
