|j|☆Cameronvgc
|j|☆roroad2000
|t:|1750857147
|gametype|doubles
|player|p1|Cameronvgc|roughneck-gen4|1073
|player|p2|roroad2000|2|1167
|teamsize|p1|6
|teamsize|p2|6
|gen|9
|tier|[Gen 9] VGC 2025 Reg I
|rated|
|rule|Species Clause: Limit one of each Pokémon
|rule|Item Clause: Limit 1 of each item
|clearpoke
|poke|p1|Calyrex-Shadow, L50|
|poke|p1|Chi-Yu, L50|
|poke|p1|Indeedee-F, L50, F|
|poke|p1|Brute Bonnet, L50|
|poke|p1|Koraidon, L50|
|poke|p1|Gardevoir, L50, F|
|poke|p2|Terapagos, L50, M|
|poke|p2|Zacian-*, L50|
|poke|p2|Rillaboom, L50, F|
|poke|p2|Incineroar, L50, M|
|poke|p2|Ceruledge, L50, F|
|poke|p2|Pelipper, L50, M|
|teampreview|4
|inactive|Battle timer is ON: inactive players will automatically lose when time's up. (requested by roroad2000)
|
|t:|1750857168
|start
|switch|p1a: Gardevoir|Gardevoir, L50, F|100/100
|switch|p1b: Calyrex|Calyrex-Shadow, L50|100/100
|switch|p2a: Zacian|Zacian-Crowned, L50|100/100
|switch|p2b: Incineroar|Incineroar, L50, M|100/100
|-ability|p1b: Calyrex|As One
|-ability|p1b: Calyrex|Unnerve
|-ability|p2a: Zacian|Intrepid Sword|boost
|-boost|p2a: Zacian|atk|1
|-ability|p1a: Gardevoir|Intimidate|boost
|-unboost|p2a: Zacian|atk|1
|-unboost|p2b: Incineroar|atk|1
|-ability|p1a: Gardevoir|Intimidate|[from] ability: Trace|[of] p2b: Incineroar
|-ability|p2b: Incineroar|Intimidate|boost
|-unboost|p1a: Gardevoir|atk|1
|-unboost|p1b: Calyrex|atk|1
|turn|1
|
|t:|1750857187
|-terastallize|p1b: Calyrex|Ghost
|move|p2a: Zacian|Protect|p2a: Zacian
|-singleturn|p2a: Zacian|Protect
|move|p1a: Gardevoir|Shadow Sneak|p1b: Calyrex
|-supereffective|p1b: Calyrex
|-damage|p1b: Calyrex|90/100
|-enditem|p1b: Calyrex|Weakness Policy
|-boost|p1b: Calyrex|atk|2|[from] item: Weakness Policy
|-boost|p1b: Calyrex|spa|2|[from] item: Weakness Policy
|move|p1b: Calyrex|Astral Barrage|p2a: Zacian|[spread] p2b
|-activate|p2a: Zacian|move: Protect
|-resisted|p2b: Incineroar
|-damage|p2b: Incineroar|43/100
|move|p2b: Incineroar|Snarl|p1b: Calyrex|[spread] p1a,p1b
|-supereffective|p1b: Calyrex
|-damage|p1a: Gardevoir|93/100
|-damage|p1b: Calyrex|66/100
|-unboost|p1a: Gardevoir|spa|1
|-unboost|p1b: Calyrex|spa|1
|
|upkeep
|turn|2
|inactive|Cameronvgc has 30 seconds left.
|
|t:|1750857215
|move|p1b: Calyrex|Astral Barrage|p2a: Zacian|[spread] p2a,p2b
|-resisted|p2b: Incineroar
|-damage|p2a: Zacian|7/100
|-damage|p2b: Incineroar|0 fnt
|faint|p2b: Incineroar
|-ability|p1b: Calyrex|Grim Neigh|boost
|-boost|p1b: Calyrex|spa|1
|move|p2a: Zacian|Behemoth Blade|p1b: Calyrex
|-damage|p1b: Calyrex|0 fnt
|faint|p1b: Calyrex
|move|p1a: Gardevoir|Thunder Wave|p2a: Zacian
|-status|p2a: Zacian|par
|
|upkeep
|
|t:|1750857229
|switch|p1b: Koraidon|Koraidon, L50|100/100
|switch|p2b: Pelipper|Pelipper, L50, M|100/100
|-weather|SunnyDay|[from] ability: Orichalcum Pulse|[of] p1b: Koraidon
|-activate|p1b: Koraidon|Orichalcum Pulse|[source]
|-weather|RainDance|[from] ability: Drizzle|[of] p2b: Pelipper
|turn|3
|inactive|Cameronvgc has 30 seconds left.
|inactive|Cameronvgc has 20 seconds left.
|
|t:|1750857265
|switch|p1b: Indeedee|Indeedee-F, L50, F, shiny|100/100
|-fieldstart|move: Psychic Terrain|[from] ability: Psychic Surge|[of] p1b: Indeedee
|-enditem|p1b: Indeedee|Psychic Seed
|-boost|p1b: Indeedee|spd|1|[from] item: Psychic Seed
|switch|p2a: Ceruledge|Ceruledge, L50, F|100/100
|move|p1a: Gardevoir|Shadow Sneak|p2a: Ceruledge
|-activate|p2a: Ceruledge|move: Psychic Terrain
|move|p2b: Pelipper|Tailwind|p2b: Pelipper
|-sidestart|p2: roroad2000|move: Tailwind
|
|-weather|RainDance|[upkeep]
|upkeep
|turn|4
|inactive|Cameronvgc has 30 seconds left.
|inactive|roroad2000 has 30 seconds left.
|inactive|Cameronvgc has 20 seconds left.
|
|t:|1750857301
|switch|p1a: Koraidon|Koraidon, L50|100/100
|-weather|SunnyDay|[from] ability: Orichalcum Pulse|[of] p1a: Koraidon
|-activate|p1a: Koraidon|Orichalcum Pulse|[source]
|move|p2b: Pelipper|Wide Guard|p2b: Pelipper
|-singleturn|p2b: Pelipper|Wide Guard
|move|p1b: Indeedee|Follow Me|p1b: Indeedee
|-singleturn|p1b: Indeedee|move: Follow Me
|move|p2a: Ceruledge|Bitter Blade|p1b: Indeedee
|-damage|p1b: Indeedee|34/100
|
|-weather|SunnyDay|[upkeep]
|upkeep
|turn|5
|
|t:|1750857324
|move|p1b: Indeedee|Follow Me|p1b: Indeedee
|-singleturn|p1b: Indeedee|move: Follow Me
|move|p2b: Pelipper|Weather Ball|p1b: Indeedee
|-damage|p1b: Indeedee|0 fnt
|faint|p1b: Indeedee
|-damage|p2b: Pelipper|91/100|[from] item: Life Orb
|move|p2a: Ceruledge|Bitter Blade|p1a: Koraidon
|-resisted|p1a: Koraidon
|-damage|p1a: Koraidon|69/100
|move|p1a: Koraidon|Dragon Claw|p2a: Ceruledge
|-damage|p2a: Ceruledge|20/100
|-damage|p1a: Koraidon|59/100|[from] item: Life Orb
|
|-weather|SunnyDay|[upkeep]
|upkeep
|
|t:|1750857337
|switch|p1b: Gardevoir|Gardevoir, L50, F|93/100
|-weather|RainDance|[from] ability: Drizzle|[of] p1b: Gardevoir
|-ability|p1b: Gardevoir|Drizzle|[from] ability: Trace|[of] p2b: Pelipper
|turn|6
|
|t:|1750857353
|move|p1a: Koraidon|Protect|p1a: Koraidon
|-singleturn|p1a: Koraidon|Protect
|move|p2b: Pelipper|Hurricane|p1a: Koraidon
|-activate|p1a: Koraidon|move: Protect
|move|p2a: Ceruledge|Close Combat|p1a: Koraidon
|-activate|p1a: Koraidon|move: Protect
|move|p1b: Gardevoir|Moonblast|p2a: Ceruledge
|-resisted|p2a: Ceruledge
|-damage|p2a: Ceruledge|0 fnt
|faint|p2a: Ceruledge
|
|-weather|RainDance|[upkeep]
|-sideend|p2: roroad2000|move: Tailwind
|upkeep
|
|t:|1750857356
|switch|p2a: Zacian|Zacian-Crowned, L50|7/100 par
|turn|7
|
|t:|1750857371
|move|p1b: Gardevoir|Helping Hand|p1a: Koraidon
|-singleturn|p1a: Koraidon|Helping Hand|[of] p1b: Gardevoir
|move|p2a: Zacian|Protect|p2a: Zacian
|-singleturn|p2a: Zacian|Protect
|move|p1a: Koraidon|Dragon Claw|p2b: Pelipper
|-damage|p2b: Pelipper|0 fnt
|faint|p2b: Pelipper
|-damage|p1a: Koraidon|50/100|[from] item: Life Orb
|
|-weather|RainDance|[upkeep]
|-fieldend|move: Psychic Terrain
|upkeep
|turn|8
|
|t:|1750857389
|move|p1a: Koraidon|Close Combat|p2a: Zacian
|-damage|p2a: Zacian|0 fnt
|-unboost|p1a: Koraidon|def|1
|-unboost|p1a: Koraidon|spd|1
|faint|p2a: Zacian
|-damage|p1a: Koraidon|40/100|[from] item: Life Orb
|
|win|Cameronvgc
|raw|Cameronvgc's rating: 1073 &rarr; <strong>1110</strong><br />(+37 for winning)
|raw|roroad2000's rating: 1167 &rarr; <strong>1135</strong><br />(-32 for losing)
|l|☆roroad2000
|player|p2|
|l|☆Cameronvgc
|player|p1|
