|j|☆HardFreaQ
|j|☆It'sJustKen VGC
|html|<table width="100%"><tr><td align="left">HardFreaQ</td><td align="right">It&apos;sJustKen VGC</tr><tr><td align="left"><i class="fa fa-circle-o"></i> <i class="fa fa-circle-o"></i> </td><td align="right"><i class="fa fa-circle-o"></i> <i class="fa fa-circle"></i> </tr></table>
|uhtml|bestof|<h2><strong>Game 2</strong> of <a href="/game-bestof3-gen9vgc2025regi-2391201414">a best-of-3</a></h2>
|t:|1750815793
|gametype|doubles
|player|p1|HardFreaQ|lucas|
|player|p2|It'sJustKen VGC|caitlin|
|teamsize|p1|6
|teamsize|p2|6
|gen|9
|tier|[Gen 9] VGC 2025 Reg I
|rated|Tournament battle
|rule|Species Clause: Limit one of each Pokémon
|rule|Item Clause: Limit 1 of each item
|raw|<div class="infobox"><details class="readmore" open><summary><strong>3 custom rules:</strong></summary> Force Open Team Sheets, !Open Team Sheets, Best of = 3</details></div>
|clearpoke
|poke|p1|Calyrex-Ice, L50|
|poke|p1|Miraidon, L50|
|poke|p1|Farigiraf, L50, F|
|poke|p1|Volcarona, L50, F|
|poke|p1|Iron Hands, L50|
|poke|p1|Grimmsnarl, L50, M|
|poke|p2|Incineroar, L50, M|
|poke|p2|Urshifu-*, L50, M|
|poke|p2|Amoonguss, L50, M|
|poke|p2|Calyrex-Shadow, L50|
|poke|p2|Tornadus, L50, M|
|poke|p2|Terapagos, L50, M|
|teampreview|4
|showteam|p1|Calyrex-Ice||ClearAmulet|AsOneGlastrier|GlacialLance,HighHorsepower,TrickRoom,Protect||||||50|,,,,,Fire]Miraidon||ChoiceSpecs|HadronEngine|ElectroDrift,VoltSwitch,DracoMeteor,DazzlingGleam||||||50|,,,,,Fairy]Farigiraf||MirrorHerb|ArmorTail|Psychic,ShadowBall,TrickRoom,HelpingHand|||F|||50|,,,,,Water]Volcarona||ElectricSeed|FlameBody|FieryDance,BugBuzz,QuiverDance,Protect|||F|||50|,,,,,Dragon]Iron Hands||AssaultVest|QuarkDrive|LowKick,DrainPunch,WildCharge,FakeOut||||||50|,,,,,Bug]Grimmsnarl||LightClay|Prankster|SpiritBreak,Reflect,LightScreen,PartingShot|||M|||50|,,,,,Steel
|showteam|p2|Incineroar||AssaultVest|Intimidate|FakeOut,Uturn,KnockOff,FlareBlitz|||M|||50|,,,,,Fairy]Urshifu-Rapid-Strike||ChoiceScarf|UnseenFist|SurgingStrikes,CloseCombat,Uturn,AquaJet|||M|||50|,,,,,Water]Amoonguss||SitrusBerry|Regenerator|Protect,SludgeBomb,Spore,RagePowder|||M|||50|,,,,,Water]Calyrex-Shadow||LifeOrb|AsOneSpectrier|Protect,AstralBarrage,Psychic,ShadowBall||||||50|,,,,,Ghost]Tornadus||FocusSash|Prankster|Protect,RainDance,BleakwindStorm,Tailwind|||M|||50|,,,,,Flying]Terapagos||ChoiceSpecs|TeraShift|TeraStarstorm,TriAttack,DarkPulse,HyperBeam|||M|||50|,,,,,Stellar
|inactive|Battle timer is ON: inactive players will automatically lose when time's up. (requested by HardFreaQ)
|inactive|It'sJustKen VGC also wants the timer to be on.
|j| Iamsliverfish
|j| poop ass gamer
|inactive|It'sJustKen VGC has 60 seconds left.
|j| imgoldshark07
|inactive|It'sJustKen VGC has 30 seconds left.
|inactive|It'sJustKen VGC has 20 seconds left.
|inactive|It'sJustKen VGC has 15 seconds left.
|inactive|It'sJustKen VGC has 10 seconds left.
|inactive|It'sJustKen VGC has 5 seconds left.
|
|t:|1750815884
|start
|switch|p1a: Miraidon|Miraidon, L50|100/100
|switch|p1b: Farigiraf|Farigiraf, L50, F|100/100
|switch|p2a: Tera Cell|Terapagos, L50, M|100/100
|switch|p2b: Chicken Jockey|Calyrex-Shadow, L50|100/100
|-activate|p2a: Tera Cell|ability: Tera Shift
|detailschange|p2a: Tera Cell|Terapagos-Terastal, L50, M
|-heal|p2a: Tera Cell|100/100|[silent]
|-ability|p2b: Chicken Jockey|As One
|-ability|p2b: Chicken Jockey|Unnerve
|-fieldstart|move: Electric Terrain|[from] ability: Hadron Engine|[of] p1a: Miraidon
|turn|1
|
|t:|1750815892
|move|p2b: Chicken Jockey|Psychic|p1b: Farigiraf
|-resisted|p1b: Farigiraf
|-damage|p1b: Farigiraf|64/100
|-damage|p2b: Chicken Jockey|91/100|[from] item: Life Orb
|move|p1a: Miraidon|Volt Switch|p2a: Tera Cell
|-activate|p2a: Tera Cell|ability: Tera Shell
|-resisted|p2a: Tera Cell
|-crit|p2a: Tera Cell
|-damage|p2a: Tera Cell|17/100
|
|t:|1750815895
|switch|p1a: Calyrex|Calyrex-Ice, L50|100/100|[from] Volt Switch
|-ability|p1a: Calyrex|As One
|-ability|p1a: Calyrex|Unnerve
|move|p2a: Tera Cell|Tera Starstorm|p1b: Farigiraf
|-damage|p1b: Farigiraf|0 fnt
|faint|p1b: Farigiraf
|
|upkeep
|
|t:|1750815897
|switch|p1b: Iron Hands|Iron Hands, L50, shiny|100/100
|-activate|p1b: Iron Hands|ability: Quark Drive
|-start|p1b: Iron Hands|quarkdriveatk
|turn|2
|
|t:|1750815902
|switch|p2a: @Not Wolfe Glick|Incineroar, L50, M|100/100
|-ability|p2a: @Not Wolfe Glick|Intimidate|boost
|-fail|p1a: Calyrex|unboost|[from] item: Clear Amulet|[of] p1a: Calyrex
|-unboost|p1b: Iron Hands|atk|1
|-terastallize|p2b: Chicken Jockey|Ghost
|-terastallize|p1a: Calyrex|Fire
|move|p1b: Iron Hands|Fake Out|p2a: @Not Wolfe Glick
|-damage|p2a: @Not Wolfe Glick|85/100
|move|p2b: Chicken Jockey|Astral Barrage|p1b: Iron Hands|[spread] p1a,p1b
|-damage|p1a: Calyrex|34/100
|-damage|p1b: Iron Hands|42/100
|-damage|p2b: Chicken Jockey|81/100|[from] item: Life Orb
|move|p1a: Calyrex|Trick Room|p1a: Calyrex
|-fieldstart|move: Trick Room|[of] p1a: Calyrex
|
|upkeep
|turn|3
|j| bdspisgood
|
|t:|1750815913
|-end|p1b: Iron Hands|Quark Drive|[silent]
|switch|p1b: Miraidon|Miraidon, L50|100/100
|-activate|p1b: Miraidon|ability: Hadron Engine
|move|p1a: Calyrex|Protect|p1a: Calyrex
|-singleturn|p1a: Calyrex|Protect
|move|p2a: @Not Wolfe Glick|Fake Out|p1b: Miraidon
|-damage|p1b: Miraidon|89/100
|move|p2b: Chicken Jockey|Astral Barrage|p1b: Miraidon|[spread] p1b
|-activate|p1a: Calyrex|move: Protect
|-damage|p1b: Miraidon|5/100
|-damage|p2b: Chicken Jockey|72/100|[from] item: Life Orb
|
|upkeep
|turn|4
|l| imgoldshark07
|
|t:|1750815922
|move|p2b: Chicken Jockey|Protect|p2b: Chicken Jockey
|-singleturn|p2b: Chicken Jockey|Protect
|move|p1a: Calyrex|High Horsepower|p2a: @Not Wolfe Glick
|-supereffective|p2a: @Not Wolfe Glick
|-damage|p2a: @Not Wolfe Glick|0 fnt
|faint|p2a: @Not Wolfe Glick
|-ability|p1a: Calyrex|Chilling Neigh|boost
|-boost|p1a: Calyrex|atk|1
|move|p1b: Miraidon|Volt Switch|p2b: Chicken Jockey
|-activate|p2b: Chicken Jockey|move: Protect
|
|upkeep
|inactive|It'sJustKen VGC has 30 seconds left.
|l| bdspisgood
|inactive|It'sJustKen VGC has 20 seconds left.
|inactive|It'sJustKen VGC has 15 seconds left.
|
|t:|1750815964
|switch|p2a: Steven He|Urshifu-Rapid-Strike, L50, M|100/100
|turn|5
|
|t:|1750815970
|move|p2a: Steven He|Aqua Jet|p1a: Calyrex
|-supereffective|p1a: Calyrex
|-damage|p1a: Calyrex|5/100
|move|p1a: Calyrex|Glacial Lance|p2b: Chicken Jockey|[spread] p2a,p2b
|-resisted|p2a: Steven He
|-damage|p2a: Steven He|52/100
|-damage|p2b: Chicken Jockey|0 fnt
|faint|p2b: Chicken Jockey
|-ability|p1a: Calyrex|Chilling Neigh|boost
|-boost|p1a: Calyrex|atk|1
|move|p1b: Miraidon|Volt Switch|p2a: Steven He
|-supereffective|p2a: Steven He
|-damage|p2a: Steven He|0 fnt
|faint|p2a: Steven He
|
|t:|1750815972
|switch|p1b: Iron Hands|Iron Hands, L50, shiny|42/100|[from] Volt Switch
|-activate|p1b: Iron Hands|ability: Quark Drive
|-start|p1b: Iron Hands|quarkdriveatk
|
|-fieldend|move: Electric Terrain
|-end|p1b: Iron Hands|Quark Drive
|upkeep
|-message|It'sJustKen VGC forfeited.
|
|win|HardFreaQ
