|j|☆gingerlike
|j|☆25th_mang
|t:|1750834766
|gametype|doubles
|player|p1|gingerlike|1|1392
|player|p2|25th_mang|ballguy|1396
|teamsize|p1|6
|teamsize|p2|6
|gen|9
|tier|[Gen 9] VGC 2025 Reg I
|rated|
|rule|Species Clause: Limit one of each Pokémon
|rule|Item Clause: Limit 1 of each item
|clearpoke
|poke|p1|Lilligant-Hisui, L50, F|
|poke|p1|Koraidon, L50|
|poke|p1|Rillaboom, L50, F|
|poke|p1|Zamazenta-*, L50|
|poke|p1|Chien-Pao, L50|
|poke|p1|Annihilape, L50, F|
|poke|p2|Tornadus, L50, M|
|poke|p2|Kyogre, L50|
|poke|p2|Urshifu-*, L50, F|
|poke|p2|Zacian-*, L50|
|poke|p2|Landorus, L50, M|
|poke|p2|Tsareena, L50, F|
|teampreview|4
|inactive|Battle timer is ON: inactive players will automatically lose when time's up. (requested by 25th_mang)
|inactive|gingerlike also wants the timer to be on.
gingerlike has agreed to open team sheets.
25th_mang has agreed to open team sheets.
|showteam|p1|Lilligant-Hisui||FocusSash|Chlorophyll|Coaching,AfterYou,Protect,CloseCombat|||F|||50|,,,,,Ghost]Koraidon||LifeOrb|OrichalcumPulse|FlareBlitz,FlameCharge,CloseCombat,Protect||||||50|,,,,,Fire]Rillaboom||AssaultVest|GrassySurge|FakeOut,GrassyGlide,WoodHammer,Uturn|||F|||50|,,,,,Fire]Zamazenta-Crowned||RustedShield|DauntlessShield|BodyPress,HeavySlam,WideGuard,Protect||||||50|,,,,,Dragon]Chien-Pao||CovertCloak|SwordofRuin|Protect,SuckerPunch,IceSpinner,ThroatChop||||||50|,,,,,Stellar]Annihilape||ChoiceScarf|Defiant|FinalGambit,RageFist,Coaching,Uturn|||F|||50|,,,,,Fighting
|showteam|p2|Tornadus||CovertCloak|Prankster|BleakwindStorm,Tailwind,RainDance,Taunt|||M|||50|,,,,,Steel]Kyogre||ChoiceScarf|Drizzle|WaterSpout,OriginPulse,IceBeam,Thunder||||||50|,,,,,Grass]Urshifu-Rapid-Strike||MysticWater|UnseenFist|SurgingStrikes,CloseCombat,AquaJet,Detect|||F|||50|,,,,,Grass]Zacian-Crowned||RustedSword|IntrepidSword|behemothblade,PlayRough,Protect,Crunch||||||50|,,,,,Dark]Landorus||LifeOrb|SheerForce|EarthPower,SludgeBomb,SandsearStorm,Protect|||M|||50|,,,,,Poison]Tsareena||WideLens|QueenlyMajesty|PowerWhip,TripleAxel,Taunt,Protect|||F|||50|,,,,,Ice
|inactive|gingerlike has 60 seconds left.
|inactive|gingerlike has 30 seconds left.
|
|t:|1750834834
|start
|switch|p1a: Zamazenta|Zamazenta-Crowned, L50|100/100
|switch|p1b: Annihilape|Annihilape, L50, F|100/100
|switch|p2a: WET|Tornadus, L50, M|100/100
|switch|p2b: HER MAJESTY|Tsareena, L50, F, shiny|100/100
|-ability|p1a: Zamazenta|Dauntless Shield|boost
|-boost|p1a: Zamazenta|def|1
|turn|1
|
|t:|1750834856
|move|p2a: WET|Tailwind|p2a: WET
|-sidestart|p2: 25th_mang|move: Tailwind
|move|p2b: HER MAJESTY|Taunt|p1a: Zamazenta
|-start|p1a: Zamazenta|move: Taunt
|move|p1b: Annihilape|Coaching|p1a: Zamazenta
|-boost|p1a: Zamazenta|atk|1
|-boost|p1a: Zamazenta|def|1
|move|p1a: Zamazenta|Body Press|p2b: HER MAJESTY
|-damage|p2b: HER MAJESTY|0 fnt
|faint|p2b: HER MAJESTY
|
|upkeep
|
|t:|1750834872
|switch|p2b: BORN TO WET|Kyogre, L50, shiny|100/100
|-weather|RainDance|[from] ability: Drizzle|[of] p2b: BORN TO WET
|turn|2
|
|t:|1750834893
|switch|p1b: Koraidon|Koraidon, L50|100/100
|-weather|SunnyDay|[from] ability: Orichalcum Pulse|[of] p1b: Koraidon
|-activate|p1b: Koraidon|Orichalcum Pulse|[source]
|-terastallize|p1a: Zamazenta|Dragon
|move|p2a: WET|Rain Dance|p2a: WET
|-weather|RainDance
|move|p2b: BORN TO WET|Water Spout|p1b: Koraidon|[spread] p1a,p1b
|-resisted|p1a: Zamazenta
|-resisted|p1b: Koraidon
|-damage|p1a: Zamazenta|62/100
|-damage|p1b: Koraidon|47/100
|move|p1a: Zamazenta|Body Press|p2b: BORN TO WET
|-damage|p2b: BORN TO WET|0 fnt
|faint|p2b: BORN TO WET
|
|-weather|RainDance|[upkeep]
|upkeep
|
|t:|1750834910
|switch|p2b: ALSO WET|Landorus, L50, M|100/100
|turn|3
|
|t:|1750834929
|move|p1b: Koraidon|Protect|p1b: Koraidon
|-singleturn|p1b: Koraidon|Protect
|move|p2a: WET|Bleakwind Storm|p1b: Koraidon|[spread] p1a
|-activate|p1b: Koraidon|move: Protect
|-damage|p1a: Zamazenta|40/100
|-unboost|p1a: Zamazenta|spe|1
|move|p2b: ALSO WET|Sandsear Storm|p1a: Zamazenta|[spread] p1a
|-activate|p1b: Koraidon|move: Protect
|-damage|p1a: Zamazenta|0 fnt
|faint|p1a: Zamazenta
|
|-weather|RainDance|[upkeep]
|upkeep
|
|t:|1750834943
|switch|p1a: Rillaboom|Rillaboom, L50, F|100/100
|-fieldstart|move: Grassy Terrain|[from] ability: Grassy Surge|[of] p1a: Rillaboom
|turn|4
|
|t:|1750834968
|move|p1b: Koraidon|Protect||[still]
|-fail|p1b: Koraidon
|move|p2a: WET|Bleakwind Storm|p1b: Koraidon|[spread] p1a,p1b
|-supereffective|p1a: Rillaboom
|-supereffective|p1b: Koraidon
|-damage|p1a: Rillaboom|51/100
|-damage|p1b: Koraidon|0 fnt
|-unboost|p1a: Rillaboom|spe|1
|faint|p1b: Koraidon
|move|p2b: ALSO WET|Sandsear Storm|p1a: Rillaboom
|-resisted|p1a: Rillaboom
|-damage|p1a: Rillaboom|19/100
|move|p1a: Rillaboom|Wood Hammer|p2b: ALSO WET
|-damage|p2b: ALSO WET|8/100
|-damage|p1a: Rillaboom|0 fnt|[from] Recoil
|faint|p1a: Rillaboom
|
|-weather|RainDance|[upkeep]
|-sideend|p2: 25th_mang|move: Tailwind
|upkeep
|
|t:|1750834978
|switch|p1b: Annihilape|Annihilape, L50, F|100/100
|turn|5
|
|t:|1750834988
|move|p2a: WET|Tailwind|p2a: WET
|-sidestart|p2: 25th_mang|move: Tailwind
|move|p2b: ALSO WET|Earth Power|p1b: Annihilape
|-damage|p1b: Annihilape|24/100
|move|p1b: Annihilape|Rage Fist|p2b: ALSO WET
|-damage|p2b: ALSO WET|0 fnt
|faint|p2b: ALSO WET
|
|-weather|RainDance|[upkeep]
|-heal|p1b: Annihilape|30/100|[from] Grassy Terrain
|upkeep
|turn|6
|
|t:|1750834996
|move|p2a: WET|Bleakwind Storm|p1b: Annihilape
|-supereffective|p1b: Annihilape
|-damage|p1b: Annihilape|0 fnt
|faint|p1b: Annihilape
|
|win|25th_mang
|raw|gingerlike's rating: 1392 &rarr; <strong>1372</strong><br />(-20 for losing)
|raw|25th_mang's rating: 1396 &rarr; <strong>1416</strong><br />(+20 for winning)
|l|☆gingerlike
|player|p1|
|l|☆25th_mang
|player|p2|
