|j|☆93w
|j|☆itwillcome
|t:|1750743941
|gametype|doubles
|player|p1|93w|lacey|1472
|player|p2|itwillcome|rika|1488
|teamsize|p1|6
|teamsize|p2|6
|gen|9
|tier|[Gen 9] VGC 2025 Reg I
|rated|
|rule|Species Clause: Limit one of each Pokémon
|rule|Item Clause: Limit 1 of each item
|clearpoke
|poke|p1|Miraidon, L50|
|poke|p1|Calyrex-Ice, L50|
|poke|p1|Farigiraf, L50, F|
|poke|p1|Volcarona, L50, F|
|poke|p1|Urshifu-*, L50, M|
|poke|p1|Landorus, L50, M|
|poke|p2|Zacian-*, L50|
|poke|p2|Kyogre, L50|
|poke|p2|Iron Jugulis, L50|
|poke|p2|Rillaboom, L50, M|
|poke|p2|Chien-Pao, L50|
|poke|p2|Amoonguss, L50, F|
|teampreview|4
|inactive|Battle timer is ON: inactive players will automatically lose when time's up. (requested by itwillcome)
|
|t:|1750743967
|start
|switch|p1a: Miraidon|Miraidon, L50|100/100
|switch|p1b: Volcarona|Volcarona, L50, F|100/100
|switch|p2a: Chien-Pao|Chien-Pao, L50|100/100
|switch|p2b: Gorillaz|Rillaboom, L50, M|100/100
|-ability|p2a: Chien-Pao|Sword of Ruin
|-fieldstart|move: Electric Terrain|[from] ability: Hadron Engine|[of] p1a: Miraidon
|-fieldstart|move: Grassy Terrain|[from] ability: Grassy Surge|[of] p2b: Gorillaz
|turn|1
|inactive|93w has 30 seconds left.
|inactive|itwillcome has 30 seconds left.
|inactive|93w has 20 seconds left.
|
|t:|1750744004
|switch|p2a: theater D|Kyogre, L50|100/100
|-weather|RainDance|[from] ability: Drizzle|[of] p2a: theater D
|move|p2b: Gorillaz|Fake Out|p1a: Miraidon
|-damage|p1a: Miraidon|88/100
|move|p1b: Volcarona|Rage Powder|p1b: Volcarona
|-singleturn|p1b: Volcarona|move: Rage Powder
|cant|p1a: Miraidon|flinch
|
|-weather|RainDance|[upkeep]
|-heal|p1a: Miraidon|94/100|[from] Grassy Terrain
|upkeep
|turn|2
|inactive|itwillcome has 30 seconds left.
|inactive|itwillcome has 20 seconds left.
|inactive|itwillcome has 15 seconds left.
|inactive|itwillcome has 10 seconds left.
|
|t:|1750744052
|-terastallize|p1b: Volcarona|Grass
|-terastallize|p2a: theater D|Grass
|move|p1a: Miraidon|Electro Drift|p2a: theater D
|-resisted|p2a: theater D
|-damage|p2a: theater D|72/100
|move|p1b: Volcarona|Tailwind|p1b: Volcarona
|-sidestart|p1: 93w|move: Tailwind
|move|p2a: theater D|Water Spout|p1a: Miraidon|[spread] p1a,p1b
|-resisted|p1a: Miraidon
|-resisted|p1b: Volcarona
|-damage|p1a: Miraidon|56/100
|-damage|p1b: Volcarona|60/100
|move|p2b: Gorillaz|U-turn|p1a: Miraidon
|-damage|p1a: Miraidon|36/100
|
|t:|1750744073
|switch|p2b: Chien-Pao|Chien-Pao, L50|100/100|[from] U-turn
|-ability|p2b: Chien-Pao|Sword of Ruin
|
|-weather|RainDance|[upkeep]
|-heal|p1a: Miraidon|42/100|[from] Grassy Terrain
|-heal|p1b: Volcarona|66/100|[from] Grassy Terrain
|-heal|p2a: theater D|78/100|[from] Grassy Terrain
|upkeep
|turn|3
|inactive|93w has 30 seconds left.
|inactive|itwillcome has 30 seconds left.
|inactive|itwillcome has 20 seconds left.
|inactive|itwillcome has 15 seconds left.
|inactive|itwillcome has 10 seconds left.
|
|t:|1750744121
|switch|p1a: Urshifu|Urshifu-Rapid-Strike, L50, M|100/100
|switch|p2b: Gorillaz|Rillaboom, L50, M|100/100
|move|p2a: theater D|Protect|p2a: theater D
|-singleturn|p2a: theater D|Protect
|move|p1b: Volcarona|Rage Powder|p1b: Volcarona
|-singleturn|p1b: Volcarona|move: Rage Powder
|
|-weather|RainDance|[upkeep]
|-heal|p1b: Volcarona|72/100|[from] Grassy Terrain
|-heal|p2a: theater D|84/100|[from] Grassy Terrain
|upkeep
|turn|4
|inactive|93w has 30 seconds left.
|inactive|itwillcome has 30 seconds left.
|inactive|itwillcome has 20 seconds left.
|inactive|itwillcome has 15 seconds left.
|inactive|itwillcome has 10 seconds left.
|
|t:|1750744168
|move|p1a: Urshifu|Protect|p1a: Urshifu
|-singleturn|p1a: Urshifu|Protect
|move|p1b: Volcarona|Protect|p1b: Volcarona
|-singleturn|p1b: Volcarona|Protect
|move|p2b: Gorillaz|Fake Out|p1a: Urshifu
|-activate|p1a: Urshifu|move: Protect
|move|p2a: theater D|Water Spout|p1a: Urshifu|[spread] 
|-activate|p1a: Urshifu|move: Protect
|-activate|p1b: Volcarona|move: Protect
|
|-weather|RainDance|[upkeep]
|-heal|p1b: Volcarona|79/100|[from] Grassy Terrain
|-heal|p2a: theater D|90/100|[from] Grassy Terrain
|upkeep
|turn|5
|inactive|itwillcome has 30 seconds left.
|inactive|itwillcome has 20 seconds left.
|inactive|itwillcome has 15 seconds left.
|inactive|itwillcome has 10 seconds left.
|inactive|itwillcome has 5 seconds left.
|
|t:|1750744219
|move|p1b: Volcarona|Rage Powder|p1b: Volcarona
|-singleturn|p1b: Volcarona|move: Rage Powder
|move|p2b: Gorillaz|Grassy Glide|p1a: Urshifu
|-supereffective|p1a: Urshifu
|-crit|p1a: Urshifu
|-enditem|p1a: Urshifu|Focus Sash
|-damage|p1a: Urshifu|1/100
|move|p1a: Urshifu|Surging Strikes|p2a: theater D
|-resisted|p2a: theater D
|-crit|p2a: theater D
|-damage|p2a: theater D|75/100
|-resisted|p2a: theater D
|-crit|p2a: theater D
|-damage|p2a: theater D|60/100
|-resisted|p2a: theater D
|-crit|p2a: theater D
|-damage|p2a: theater D|45/100
|-hitcount|p2a: theater D|3
|move|p2a: theater D|Origin Pulse|p1a: Urshifu|[spread] p1a,p1b
|-resisted|p1a: Urshifu
|-resisted|p1b: Volcarona
|-damage|p1a: Urshifu|0 fnt
|-damage|p1b: Volcarona|43/100
|faint|p1a: Urshifu
|
|-weather|none
|-heal|p1b: Volcarona|49/100|[from] Grassy Terrain
|-heal|p2a: theater D|51/100|[from] Grassy Terrain
|-sideend|p1: 93w|move: Tailwind
|-fieldend|move: Grassy Terrain
|upkeep
|
|t:|1750744238
|switch|p1a: Calyrex|Calyrex-Ice, L50|100/100
|-ability|p1a: Calyrex|As One
|-ability|p1a: Calyrex|Unnerve
|turn|6
|inactive|93w has 30 seconds left.
|inactive|itwillcome has 30 seconds left.
|inactive|itwillcome has 20 seconds left.
|inactive|itwillcome has 15 seconds left.
|
|t:|1750744283
|move|p1b: Volcarona|Protect|p1b: Volcarona
|-singleturn|p1b: Volcarona|Protect
|move|p2a: theater D|Protect|p2a: theater D
|-singleturn|p2a: theater D|Protect
|move|p2b: Gorillaz|U-turn|p1a: Calyrex
|-supereffective|p1a: Calyrex
|-damage|p1a: Calyrex|71/100
|
|t:|1750744292
|switch|p2b: Paramore|Zacian-Crowned, L50|100/100|[from] U-turn
|-ability|p2b: Paramore|Intrepid Sword|boost
|-boost|p2b: Paramore|atk|1
|move|p1a: Calyrex|Trick Room|p1a: Calyrex
|-fieldstart|move: Trick Room|[of] p1a: Calyrex
|
|upkeep
|turn|7
|
|t:|1750744307
|switch|p2a: Chien-Pao|Chien-Pao, L50|100/100
|-ability|p2a: Chien-Pao|Sword of Ruin
|move|p2b: Paramore|Protect|p2b: Paramore
|-singleturn|p2b: Paramore|Protect
|move|p1a: Calyrex|Glacial Lance|p2b: Paramore|[spread] p2a
|-activate|p2b: Paramore|move: Protect
|-resisted|p2a: Chien-Pao
|-damage|p2a: Chien-Pao|61/100
|move|p1b: Volcarona|Fiery Dance|p2b: Paramore
|-activate|p2b: Paramore|move: Protect
|
|upkeep
|turn|8
|inactive|93w has 30 seconds left.
|inactive|93w has 20 seconds left.
|inactive|93w has 15 seconds left.
|
|t:|1750744349
|switch|p2a: theater D|Kyogre, L50, tera:Grass|51/100
|-weather|RainDance|[from] ability: Drizzle|[of] p2a: theater D
|move|p1a: Calyrex|Protect|p1a: Calyrex
|-singleturn|p1a: Calyrex|Protect
|move|p1b: Volcarona|Fiery Dance|p2b: Paramore
|-supereffective|p2b: Paramore
|-damage|p2b: Paramore|70/100
|-boost|p1b: Volcarona|spa|1
|move|p2b: Paramore|Behemoth Blade|p1a: Calyrex
|-activate|p1a: Calyrex|move: Protect
|
|-weather|RainDance|[upkeep]
|upkeep
|turn|9
|inactive|itwillcome has 30 seconds left.
|inactive|itwillcome has 20 seconds left.
|inactive|itwillcome has 15 seconds left.
|inactive|itwillcome has 10 seconds left.
|inactive|itwillcome has 5 seconds left.
|
|t:|1750744401
|move|p2b: Paramore|Protect|p2b: Paramore
|-singleturn|p2b: Paramore|Protect
|move|p1a: Calyrex|Glacial Lance|p2a: theater D|[spread] p2a
|-activate|p2b: Paramore|move: Protect
|-supereffective|p2a: theater D
|-damage|p2a: theater D|0 fnt
|faint|p2a: theater D
|-ability|p1a: Calyrex|Chilling Neigh|boost
|-boost|p1a: Calyrex|atk|1
|move|p1b: Volcarona|Fiery Dance|p2b: Paramore
|-activate|p2b: Paramore|move: Protect
|
|-weather|RainDance|[upkeep]
|upkeep
|
|t:|1750744404
|switch|p2a: Gorillaz|Rillaboom, L50, M|100/100
|-fieldstart|move: Grassy Terrain|[from] ability: Grassy Surge|[of] p2a: Gorillaz
|turn|10
|inactive|93w has 30 seconds left.
|inactive|itwillcome has 30 seconds left.
|inactive|93w has 20 seconds left.
|inactive|93w has 15 seconds left.
|inactive|itwillcome has 20 seconds left.
|inactive|itwillcome has 15 seconds left.
|inactive|itwillcome has 10 seconds left.
|inactive|itwillcome has 5 seconds left.
|
|t:|1750744463
|switch|p2b: Chien-Pao|Chien-Pao, L50|61/100
|-ability|p2b: Chien-Pao|Sword of Ruin
|move|p1a: Calyrex|Protect|p1a: Calyrex
|-singleturn|p1a: Calyrex|Protect
|move|p2a: Gorillaz|Fake Out|p1a: Calyrex
|-activate|p1a: Calyrex|move: Protect
|move|p1b: Volcarona|Tailwind|p1b: Volcarona
|-sidestart|p1: 93w|move: Tailwind
|
|-weather|RainDance|[upkeep]
|-heal|p1a: Calyrex|76/100|[from] Grassy Terrain
|-heal|p2b: Chien-Pao|67/100|[from] Grassy Terrain
|-heal|p1b: Volcarona|55/100|[from] Grassy Terrain
|-fieldend|move: Trick Room
|upkeep
|turn|11
|inactive|itwillcome has 20 seconds left this turn.
|inactive|itwillcome has 15 seconds left.
|inactive|itwillcome has 10 seconds left.
|inactive|itwillcome has 5 seconds left.
|
|t:|1750744488
|move|p1b: Volcarona|Rage Powder|p1b: Volcarona
|-singleturn|p1b: Volcarona|move: Rage Powder
|move|p2b: Chien-Pao|Icicle Crash|p1b: Volcarona
|-supereffective|p1b: Volcarona
|-damage|p1b: Volcarona|0 fnt
|faint|p1b: Volcarona
|move|p2a: Gorillaz|U-turn|p1a: Calyrex
|-supereffective|p1a: Calyrex
|-damage|p1a: Calyrex|39/100
|inactive|itwillcome has 5 seconds left this turn.
|
|t:|1750744490
|switch|p2a: Paramore|Zacian-Crowned, L50|70/100|[from] U-turn
|move|p1a: Calyrex|Glacial Lance|p2a: Paramore|[spread] p2a,p2b
|-resisted|p2a: Paramore
|-resisted|p2b: Chien-Pao
|-damage|p2a: Paramore|21/100
|-damage|p2b: Chien-Pao|13/100
|
|-weather|RainDance|[upkeep]
|-heal|p2a: Paramore|27/100|[from] Grassy Terrain
|-heal|p2b: Chien-Pao|18/100|[from] Grassy Terrain
|-heal|p1a: Calyrex|44/100|[from] Grassy Terrain
|upkeep
|
|t:|1750744505
|switch|p1b: Miraidon|Miraidon, L50|42/100
|-fieldstart|move: Electric Terrain|[from] ability: Hadron Engine|[of] p1b: Miraidon
|turn|12
|inactive|itwillcome has 5 seconds left this turn.
|-message|itwillcome lost due to inactivity.
|
|win|93w
|raw|93w's rating: 1472 &rarr; <strong>1493</strong><br />(+21 for winning)
|raw|itwillcome's rating: 1488 &rarr; <strong>1467</strong><br />(-21 for losing)
|l|☆itwillcome
|player|p2|
|l|☆93w
|player|p1|
