|j|☆Jungle211
|j|☆halcyonfury
|t:|1750815790
|gametype|doubles
|player|p1|Jungle211|hugh|1272
|player|p2|halcyonfury|1|1335
|teamsize|p1|6
|teamsize|p2|6
|gen|9
|tier|[Gen 9] VGC 2025 Reg I
|rated|
|rule|Species Clause: Limit one of each Pokémon
|rule|Item Clause: Limit 1 of each item
|clearpoke
|poke|p1|Clefairy, L50, F|
|poke|p1|Zacian-*, L50|
|poke|p1|Perrserker, L50, M|
|poke|p1|Kyogre, L50|
|poke|p1|Chesnaught, L50, M|
|poke|p1|Incineroar, L50, M|
|poke|p2|Zacian-*, L50|
|poke|p2|Kyogre, L50|
|poke|p2|Pikachu, L50, F|
|poke|p2|Moltres-Galar, L50|
|poke|p2|Amoonguss, L50, M|
|poke|p2|Grimmsnarl, L50, M|
|teampreview|4
|inactive|Battle timer is ON: inactive players will automatically lose when time's up. (requested by halcyonfury)
|inactive|Jungle211 has 60 seconds left.
|inactive|halcyonfury has 60 seconds left.
|
|t:|1750815831
|start
|switch|p1a: Zacian|Zacian-Crowned, L50, shiny|100/100
|switch|p1b: Perrserker|Perrserker, L50, M|100/100
|switch|p2a: Pikachu|Pikachu, L50, F|100/100
|switch|p2b: Moltres|Moltres-Galar, L50|100/100
|-ability|p1a: Zacian|Intrepid Sword|boost
|-boost|p1a: Zacian|atk|1
|turn|1
|
|t:|1750815848
|move|p2a: Pikachu|Fake Out|p1a: Zacian
|-resisted|p1a: Zacian
|-damage|p1a: Zacian|97/100
|move|p1b: Perrserker|Fake Out|p2b: Moltres
|-damage|p2b: Moltres|86/100
|cant|p1a: Zacian|flinch
|move|p2b: Moltres|Tailwind|p2b: Moltres
|-sidestart|p2: halcyonfury|move: Tailwind
|
|upkeep
|turn|2
|inactive|Jungle211 has 30 seconds left.
|inactive|halcyonfury has 30 seconds left.
|
|t:|1750815877
|-terastallize|p1a: Zacian|Ground
|move|p2a: Pikachu|Nuzzle|p1a: Zacian
|-immune|p1a: Zacian
|move|p2b: Moltres|Fiery Wrath|p1b: Perrserker|[spread] p1a,p1b
|-damage|p1a: Zacian|68/100
|-damage|p1b: Perrserker|48/100
|move|p1a: Zacian|Tera Blast|p2a: Pikachu|[anim] Tera Blast Ground
|-supereffective|p2a: Pikachu
|-enditem|p2a: Pikachu|Focus Sash
|-damage|p2a: Pikachu|2/100
|move|p1b: Perrserker|Iron Head|p2a: Pikachu
|-resisted|p2a: Pikachu
|-damage|p2a: Pikachu|0 fnt
|faint|p2a: Pikachu
|
|upkeep
|
|t:|1750815894
|switch|p2a: Kyogre|Kyogre, L50|100/100
|-weather|RainDance|[from] ability: Drizzle|[of] p2a: Kyogre
|turn|3
|
|t:|1750815905
|-terastallize|p2a: Kyogre|Water
|move|p1a: Zacian|Protect|p1a: Zacian
|-singleturn|p1a: Zacian|Protect
|move|p2a: Kyogre|Water Spout|p1a: Zacian|[spread] p1b
|-activate|p1a: Zacian|move: Protect
|-damage|p1b: Perrserker|0 fnt
|faint|p1b: Perrserker
|move|p2b: Moltres|Hurricane|p1a: Zacian
|-activate|p1a: Zacian|move: Protect
|
|-weather|RainDance|[upkeep]
|upkeep
|
|t:|1750815913
|switch|p1b: Chesnaught|Chesnaught, L50, M, shiny|100/100
|turn|4
|
|t:|1750815924
|move|p1b: Chesnaught|Wide Guard|p1b: Chesnaught
|-singleturn|p1b: Chesnaught|Wide Guard
|move|p2a: Kyogre|Water Spout|p1b: Chesnaught|[spread] 
|-activate|p1a: Zacian|move: Wide Guard
|-activate|p1b: Chesnaught|move: Wide Guard
|move|p2b: Moltres|Hurricane|p1b: Chesnaught
|-supereffective|p1b: Chesnaught
|-damage|p1b: Chesnaught|0 fnt
|faint|p1b: Chesnaught
|move|p1a: Zacian|Play Rough|p2b: Moltres
|-supereffective|p2b: Moltres
|-damage|p2b: Moltres|0 fnt
|faint|p2b: Moltres
|
|-weather|RainDance|[upkeep]
|-sideend|p2: halcyonfury|move: Tailwind
|upkeep
|
|t:|1750815941
|switch|p2b: Zacian|Zacian-Crowned, L50|100/100
|switch|p1b: Kyogre|Kyogre, L50|100/100
|-ability|p2b: Zacian|Intrepid Sword|boost
|-boost|p2b: Zacian|atk|1
|turn|5
|
|t:|1750815957
|move|p1b: Kyogre|Water Spout|p2a: Kyogre|[spread] p2a,p2b
|-resisted|p2a: Kyogre
|-damage|p2a: Kyogre|77/100
|-damage|p2b: Zacian|16/100
|move|p1a: Zacian|Play Rough|p2a: Kyogre
|-damage|p2a: Kyogre|0 fnt
|faint|p2a: Kyogre
|move|p2b: Zacian|Play Rough|p1b: Kyogre
|-damage|p1b: Kyogre|14/100
|
|-weather|RainDance|[upkeep]
|upkeep
|turn|6
|-message|halcyonfury forfeited.
|
|win|Jungle211
|raw|Jungle211's rating: 1272 &rarr; <strong>1301</strong><br />(+29 for winning)
|raw|halcyonfury's rating: 1335 &rarr; <strong>1311</strong><br />(-24 for losing)
|l|☆halcyonfury
|player|p2|
|l|☆Jungle211
|player|p1|
|j|☆Jungle211
|player|p1|Jungle211|hugh|
|l|☆Jungle211
|player|p1|
|j|☆Jungle211
|player|p1|Jungle211|hugh|
|l|☆Jungle211
|player|p1|
