|j|☆RolandGT
|j|☆FIlmor2004
|t:|1750771338
|gametype|doubles
|player|p1|RolandGT|2|1022
|player|p2|FIlmor2004|266|1090
|teamsize|p1|6
|teamsize|p2|6
|gen|9
|tier|[Gen 9] VGC 2025 Reg I
|rated|
|rule|Species Clause: Limit one of each Pokémon
|rule|Item Clause: Limit 1 of each item
|clearpoke
|poke|p1|Necrozma, L50|
|poke|p1|Ursaluna-Bloodmoon, L50, M|
|poke|p1|Clefairy, L50, M|
|poke|p1|Rayquaza, L50|
|poke|p1|Roaring Moon, L50|
|poke|p1|Rillaboom, L50, F|
|poke|p2|Koraidon, L50|
|poke|p2|Kyurem-White, L50|
|poke|p2|Iron Hands, L50|
|poke|p2|Flutter Mane, L50|
|poke|p2|Tornadus, L50, M|
|poke|p2|Amoonguss, L50, M|
|teampreview|4
|inactive|Battle timer is ON: inactive players will automatically lose when time's up. (requested by FIlmor2004)
|inactive|RolandGT has 60 seconds left.
|
|t:|1750771386
|start
|switch|p1a: Ursaluna|Ursaluna-Bloodmoon, L50, M|100/100
|switch|p1b: Clefairy|Clefairy, L50, M|100/100
|switch|p2a: Tornadus|Tornadus, L50, M|100/100
|switch|p2b: Kyurem|Kyurem-White, L50|100/100
|-ability|p2b: Kyurem|Turboblaze
|turn|1
|
|t:|1750771406
|-terastallize|p1a: Ursaluna|Normal
|move|p2a: Tornadus|Taunt|p1b: Clefairy
|-start|p1b: Clefairy|move: Taunt
|move|p2b: Kyurem|Freeze-Dry|p1a: Ursaluna
|-damage|p1a: Ursaluna|25/100
|-damage|p2b: Kyurem|91/100|[from] item: Life Orb
|move|p1a: Ursaluna|Blood Moon|p2b: Kyurem
|-damage|p2b: Kyurem|0 fnt
|faint|p2b: Kyurem
|cant|p1b: Clefairy|move: Taunt|Heal Pulse
|
|upkeep
|
|t:|1750771419
|switch|p2b: Koraidon|Koraidon, L50|100/100
|-weather|SunnyDay|[from] ability: Orichalcum Pulse|[of] p2b: Koraidon
|-activate|p2b: Koraidon|Orichalcum Pulse|[source]
|turn|2
|
|t:|1750771429
|switch|p1a: Rayquaza|Rayquaza, L50|100/100
|-ability|p1a: Rayquaza|Air Lock
|move|p2b: Koraidon|Collision Course|p1a: Rayquaza
|-resisted|p1a: Rayquaza
|-damage|p1a: Rayquaza|81/100
|move|p2a: Tornadus|Bleakwind Storm|p1a: Rayquaza|[spread] p1a,p1b
|-damage|p1a: Rayquaza|62/100
|-damage|p1b: Clefairy|76/100
|move|p1b: Clefairy|Endeavor|p2b: Koraidon
|-damage|p2b: Koraidon|63/100
|
|-weather|SunnyDay|[upkeep]
|upkeep
|turn|3
|inactive|RolandGT has 30 seconds left.
|
|t:|1750771455
|move|p2b: Koraidon|Protect|p2b: Koraidon
|-singleturn|p2b: Koraidon|Protect
|move|p1a: Rayquaza|Protect|p1a: Rayquaza
|-singleturn|p1a: Rayquaza|Protect
|move|p2a: Tornadus|Tailwind|p2a: Tornadus
|-sidestart|p2: FIlmor2004|move: Tailwind
|move|p1b: Clefairy|Endeavor|p2b: Koraidon
|-activate|p2b: Koraidon|move: Protect
|
|-weather|SunnyDay|[upkeep]
|-end|p1b: Clefairy|move: Taunt
|upkeep
|turn|4
|
|t:|1750771475
|-terastallize|p2b: Koraidon|Steel
|move|p1b: Clefairy|Follow Me|p1b: Clefairy
|-singleturn|p1b: Clefairy|move: Follow Me
|move|p2a: Tornadus|Taunt|p1b: Clefairy
|-start|p1b: Clefairy|move: Taunt
|move|p2b: Koraidon|Flare Blitz|p1b: Clefairy
|-damage|p1b: Clefairy|39/100
|-damage|p2b: Koraidon|53/100|[from] Recoil
|move|p1a: Rayquaza|Swords Dance|p1a: Rayquaza
|-boost|p1a: Rayquaza|atk|2
|
|-weather|SunnyDay|[upkeep]
|upkeep
|turn|5
|
|t:|1750771495
|move|p1a: Rayquaza|Extreme Speed|p2a: Tornadus
|-damage|p2a: Tornadus|18/100
|move|p2a: Tornadus|Taunt|p1a: Rayquaza
|-start|p1a: Rayquaza|move: Taunt
|move|p2b: Koraidon|Flare Blitz|p1a: Rayquaza
|-resisted|p1a: Rayquaza
|-damage|p1a: Rayquaza|44/100
|-damage|p2b: Koraidon|47/100|[from] Recoil
|move|p1b: Clefairy|Endeavor|p2b: Koraidon
|-damage|p2b: Koraidon|32/100
|
|-weather|SunnyDay|[upkeep]
|upkeep
|turn|6
|
|t:|1750771518
|move|p2a: Tornadus|Protect|p2a: Tornadus
|-singleturn|p2a: Tornadus|Protect
|move|p1a: Rayquaza|Extreme Speed|p2a: Tornadus
|-activate|p2a: Tornadus|move: Protect
|move|p2b: Koraidon|Flare Blitz|p1a: Rayquaza
|-resisted|p1a: Rayquaza
|-damage|p1a: Rayquaza|28/100
|-damage|p2b: Koraidon|27/100|[from] Recoil
|move|p1b: Clefairy|Endeavor|p2b: Koraidon
|-immune|p2b: Koraidon
|
|-weather|none
|-sideend|p2: FIlmor2004|move: Tailwind
|upkeep
|turn|7
|
|t:|1750771540
|move|p1a: Rayquaza|Extreme Speed|p2a: Tornadus
|-damage|p2a: Tornadus|0 fnt
|faint|p2a: Tornadus
|move|p2b: Koraidon|Flare Blitz|p1a: Rayquaza
|-resisted|p1a: Rayquaza
|-damage|p1a: Rayquaza|10/100
|-damage|p2b: Koraidon|20/100|[from] Recoil
|move|p1b: Clefairy|Endeavor|p2b: Koraidon
|-immune|p2b: Koraidon
|
|-end|p1b: Clefairy|move: Taunt
|upkeep
|
|t:|1750771550
|switch|p2a: Flutter Mane|Flutter Mane, L50|100/100
|-enditem|p2a: Flutter Mane|Booster Energy
|-activate|p2a: Flutter Mane|ability: Protosynthesis|[fromitem]
|-start|p2a: Flutter Mane|protosynthesisspe
|turn|8
|inactive|RolandGT has 30 seconds left.
|inactive|RolandGT has 20 seconds left.
|inactive|RolandGT has 15 seconds left.
|inactive|RolandGT has 10 seconds left.
|
|t:|1750771597
|move|p2b: Koraidon|Protect|p2b: Koraidon
|-singleturn|p2b: Koraidon|Protect
|move|p1a: Rayquaza|Extreme Speed|p2b: Koraidon
|-activate|p2b: Koraidon|move: Protect
|move|p2a: Flutter Mane|Dazzling Gleam|p1a: Rayquaza|[spread] p1a,p1b
|-supereffective|p1a: Rayquaza
|-crit|p1b: Clefairy
|-damage|p1a: Rayquaza|0 fnt
|-damage|p1b: Clefairy|0 fnt
|faint|p1a: Rayquaza
|faint|p1b: Clefairy
|
|upkeep
|
|t:|1750771610
|switch|p1a: Ursaluna|Ursaluna-Bloodmoon, L50, M, tera:Normal|25/100
|switch|p1b: Necrozma|Necrozma, L50|100/100
|turn|9
|
|t:|1750771623
|move|p1a: Ursaluna|Protect|p1a: Ursaluna
|-singleturn|p1a: Ursaluna|Protect
|move|p2a: Flutter Mane|Shadow Ball|p1b: Necrozma
|-supereffective|p1b: Necrozma
|-damage|p1b: Necrozma|52/100
|-unboost|p1b: Necrozma|spd|1
|move|p2b: Koraidon|Collision Course|p1a: Ursaluna
|-activate|p1a: Ursaluna|move: Protect
|move|p1b: Necrozma|Trick Room|p1b: Necrozma
|-fieldstart|move: Trick Room|[of] p1b: Necrozma
|
|upkeep
|turn|10
|
|t:|1750771646
|move|p1b: Necrozma|Earth Power|p2b: Koraidon
|-supereffective|p2b: Koraidon
|-damage|p2b: Koraidon|0 fnt
|faint|p2b: Koraidon
|move|p1a: Ursaluna|Blood Moon|p2a: Flutter Mane
|-damage|p2a: Flutter Mane|0 fnt
|faint|p2a: Flutter Mane
|-end|p2a: Flutter Mane|Protosynthesis|[silent]
|
|win|RolandGT
|raw|RolandGT's rating: 1022 &rarr; <strong>1066</strong><br />(+44 for winning)
|raw|FIlmor2004's rating: 1090 &rarr; <strong>1062</strong><br />(-28 for losing)
|l|☆FIlmor2004
|player|p2|
