|j|☆tte - soprtd
|j|☆Jakobwsmurfing
|t:|1750835134
|gametype|doubles
|player|p1|tte - soprtd|caitlin|1109
|player|p2|Jakobwsmurfing|266|1232
|teamsize|p1|6
|teamsize|p2|6
|gen|9
|tier|[Gen 9] VGC 2025 Reg I
|rated|
|rule|Species Clause: Limit one of each Pokémon
|rule|Item Clause: Limit 1 of each item
|clearpoke
|poke|p1|Necrozma-Dusk-Mane, L50|
|poke|p1|Gothitelle, L50, F|
|poke|p1|Hatterene, L50, F|
|poke|p1|Kingambit, L50, M|
|poke|p1|Politoed, L50, F|
|poke|p1|Palkia, L50|
|poke|p2|Regieleki, L50|
|poke|p2|Koraidon, L50|
|poke|p2|Calyrex-Shadow, L50|
|poke|p2|Lilligant-Hisui, L50, F|
|poke|p2|Hatterene, L50, F|
|poke|p2|Great Tusk, L50|
|teampreview|4
|inactive|Battle timer is ON: inactive players will automatically lose when time's up. (requested by tte - soprtd)
|inactive|tte - soprtd has 60 seconds left.
|inactive|Jakobwsmurfing has 60 seconds left.
|
|t:|1750835170
|start
|switch|p1a: Gothitelle|Gothitelle, L50, F|100/100
|switch|p1b: Hatterene|Hatterene, L50, F, shiny|100/100
|switch|p2a: Calyrex|Calyrex-Shadow, L50|100/100
|switch|p2b: Regieleki|Regieleki, L50|100/100
|-ability|p2a: Calyrex|As One
|-ability|p2a: Calyrex|Unnerve
|turn|1
|
|t:|1750835182
|-terastallize|p1b: Hatterene|Fairy
|move|p1a: Gothitelle|Fake Out|p2b: Regieleki
|-damage|p2b: Regieleki|95/100
|cant|p2b: Regieleki|flinch
|move|p2a: Calyrex|Astral Barrage|p1a: Gothitelle|[spread] p1a,p1b
|-supereffective|p1a: Gothitelle
|-damage|p1a: Gothitelle|28/100
|-damage|p1b: Hatterene|43/100
|move|p1b: Hatterene|Trick Room|p1b: Hatterene
|-fieldstart|move: Trick Room|[of] p1b: Hatterene
|
|upkeep
|turn|2
|inactive|Jakobwsmurfing has 30 seconds left.
|
|t:|1750835209
|move|p1a: Gothitelle|Helping Hand|p1b: Hatterene
|-singleturn|p1b: Hatterene|Helping Hand|[of] p1a: Gothitelle
|move|p2a: Calyrex|Protect|p2a: Calyrex
|-singleturn|p2a: Calyrex|Protect
|move|p1b: Hatterene|Dazzling Gleam|p2a: Calyrex|[spread] p2b
|-activate|p2a: Calyrex|move: Protect
|-damage|p2b: Regieleki|13/100
|-damage|p1b: Hatterene|33/100|[from] item: Life Orb
|move|p2b: Regieleki|Thunder Cage|p1b: Hatterene|[miss]
|-miss|p2b: Regieleki|p1b: Hatterene
|
|upkeep
|turn|3
|
|t:|1750835227
|switch|p2a: Hatterene|Hatterene, L50, F|100/100
|move|p1a: Gothitelle|Helping Hand|p1b: Hatterene
|-singleturn|p1b: Hatterene|Helping Hand|[of] p1a: Gothitelle
|move|p1b: Hatterene|Dazzling Gleam|p2b: Regieleki|[spread] p2a,p2b
|-damage|p2a: Hatterene|0 fnt
|-damage|p2b: Regieleki|0 fnt
|faint|p2a: Hatterene
|faint|p2b: Regieleki
|-damage|p1b: Hatterene|24/100|[from] item: Life Orb
|
|upkeep
|
|t:|1750835237
|switch|p2a: Calyrex|Calyrex-Shadow, L50|100/100
|switch|p2b: Koraidon|Koraidon, L50|100/100
|-ability|p2a: Calyrex|As One
|-ability|p2a: Calyrex|Unnerve
|-weather|SunnyDay|[from] ability: Orichalcum Pulse|[of] p2b: Koraidon
|-activate|p2b: Koraidon|Orichalcum Pulse|[source]
|turn|4
|
|t:|1750835243
|switch|p1a: Necrozma|Necrozma-Dusk-Mane, L50|100/100
|-terastallize|p2b: Koraidon|Fire
|move|p2a: Calyrex|Protect|p2a: Calyrex
|-singleturn|p2a: Calyrex|Protect
|move|p1b: Hatterene|Dazzling Gleam|p2b: Koraidon|[spread] p2b
|-activate|p2a: Calyrex|move: Protect
|-resisted|p2b: Koraidon
|-damage|p2b: Koraidon|70/100
|-damage|p1b: Hatterene|14/100|[from] item: Life Orb
|move|p2b: Koraidon|Flame Charge|p1b: Hatterene
|-damage|p1b: Hatterene|0 fnt
|-boost|p2b: Koraidon|spe|1
|faint|p1b: Hatterene
|-damage|p2b: Koraidon|61/100|[from] item: Life Orb
|
|-weather|SunnyDay|[upkeep]
|upkeep
|
|t:|1750835255
|switch|p1b: Kingambit|Kingambit, L50, M|100/100
|turn|5
|
|t:|1750835263
|move|p2b: Koraidon|Protect|p2b: Koraidon
|-singleturn|p2b: Koraidon|Protect
|move|p1b: Kingambit|Kowtow Cleave|p2a: Calyrex
|-supereffective|p2a: Calyrex
|-damage|p2a: Calyrex|0 fnt
|faint|p2a: Calyrex
|move|p1a: Necrozma|Knock Off|p2b: Koraidon
|-activate|p2b: Koraidon|move: Protect
|
|-weather|SunnyDay|[upkeep]
|-fieldend|move: Trick Room
|upkeep
|turn|6
|
|t:|1750835281
|move|p2b: Koraidon|Flare Blitz|p1a: Necrozma
|-supereffective|p1a: Necrozma
|-damage|p1a: Necrozma|0 fnt
|faint|p1a: Necrozma
|-damage|p2b: Koraidon|26/100|[from] Recoil
|-damage|p2b: Koraidon|16/100|[from] item: Life Orb
|move|p1b: Kingambit|Kowtow Cleave|p2b: Koraidon
|-damage|p2b: Koraidon|0 fnt
|faint|p2b: Koraidon
|
|win|tte - soprtd
|raw|tte - soprtd's rating: 1109 &rarr; <strong>1142</strong><br />(+33 for winning)
|raw|Jakobwsmurfing's rating: 1232 &rarr; <strong>1199</strong><br />(-33 for losing)
|l|☆Jakobwsmurfing
|player|p2|
|l|☆tte - soprtd
|player|p1|
