|j|☆oopsinando'sdagain
|j|☆93w
|t:|1750749076
|gametype|doubles
|player|p1|oopsinando'sdagain|youngster-gen4dp|1483
|player|p2|93w|lacey|1491
|teamsize|p1|6
|teamsize|p2|6
|gen|9
|tier|[Gen 9] VGC 2025 Reg I
|rated|
|rule|Species Clause: Limit one of each Pokémon
|rule|Item Clause: Limit 1 of each item
|clearpoke
|poke|p1|Zacian-*, L50|
|poke|p1|Necrozma-Dawn-Wings, L50|
|poke|p1|Indeedee-F, L50, F|
|poke|p1|Grimmsnarl, L50, M|
|poke|p1|Ursaluna, L50, M|
|poke|p1|Ogerpon-Wellspring, L50, F|
|poke|p2|Miraidon, L50|
|poke|p2|Calyrex-Ice, L50|
|poke|p2|Farigiraf, L50, F|
|poke|p2|Volcarona, L50, F|
|poke|p2|Urshifu-*, L50, F|
|poke|p2|Landorus, L50, M|
|teampreview|4
|inactive|Battle timer is ON: inactive players will automatically lose when time's up. (requested by oopsinando'sdagain)
oopsinando'sdagain rejected open team sheets.
|
|t:|1750749101
|start
|switch|p1a: Grimmsnarl|Grimmsnarl, L50, M|100/100
|switch|p1b: Indeedee|Indeedee-F, L50, F|100/100
|switch|p2a: Volcarona|Volcarona, L50, F|100/100
|switch|p2b: Urshifu|Urshifu-Rapid-Strike, L50, F|100/100
|-fieldstart|move: Psychic Terrain|[from] ability: Psychic Surge|[of] p1b: Indeedee
|turn|1
|inactive|93w has 30 seconds left.
|
|t:|1750749129
|switch|p2b: Calyrex|Calyrex-Ice, L50|100/100
|-ability|p2b: Calyrex|As One
|-ability|p2b: Calyrex|Unnerve
|move|p2a: Volcarona|Protect|p2a: Volcarona
|-singleturn|p2a: Volcarona|Protect
|move|p1b: Indeedee|Follow Me|p1b: Indeedee
|-singleturn|p1b: Indeedee|move: Follow Me
|move|p1a: Grimmsnarl|Reflect|p1a: Grimmsnarl
|-sidestart|p1: oopsinando'sdagain|Reflect
|
|upkeep
|turn|2
|
|t:|1750749147
|switch|p1b: Necrozma|Necrozma-Dawn-Wings, L50|100/100
|-terastallize|p2b: Calyrex|Water
|move|p1a: Grimmsnarl|Light Screen|p1a: Grimmsnarl
|-sidestart|p1: oopsinando'sdagain|move: Light Screen
|move|p2a: Volcarona|Fiery Dance|p1b: Necrozma
|-damage|p1b: Necrozma|82/100
|-boost|p2a: Volcarona|spa|1
|move|p2b: Calyrex|Glacial Lance|p1b: Necrozma|[spread] p1a,p1b
|-damage|p1a: Grimmsnarl|62/100
|-damage|p1b: Necrozma|51/100
|
|upkeep
|turn|3
|inactive|oopsinando'sdagain has 30 seconds left.
|
|t:|1750749172
|switch|p2a: Miraidon|Miraidon, L50|100/100
|-fieldstart|move: Electric Terrain|[from] ability: Hadron Engine|[of] p2a: Miraidon
|move|p1a: Grimmsnarl|Scary Face|p2a: Miraidon
|-unboost|p2a: Miraidon|spe|2
|move|p1b: Necrozma|Expanding Force|p2b: Calyrex
|-damage|p2b: Calyrex|66/100
|move|p2b: Calyrex|Glacial Lance|p1b: Necrozma|[spread] p1a,p1b
|-damage|p1a: Grimmsnarl|25/100
|-damage|p1b: Necrozma|18/100
|
|upkeep
|turn|4
|
|t:|1750749187
|switch|p1a: Indeedee|Indeedee-F, L50, F|100/100
|-fieldstart|move: Psychic Terrain|[from] ability: Psychic Surge|[of] p1a: Indeedee
|move|p2a: Miraidon|Volt Switch|p1b: Necrozma
|-damage|p1b: Necrozma|0 fnt
|faint|p1b: Necrozma
|
|t:|1750749198
|switch|p2a: Urshifu|Urshifu-Rapid-Strike, L50, F|100/100|[from] Volt Switch
|move|p2b: Calyrex|Glacial Lance|p1a: Indeedee
|-damage|p1a: Indeedee|51/100
|
|upkeep
|
|t:|1750749201
|switch|p1b: Zacian|Zacian-Crowned, L50|100/100
|-ability|p1b: Zacian|Intrepid Sword|boost
|-boost|p1b: Zacian|atk|1
|turn|5
|
|t:|1750749217
|switch|p2a: Volcarona|Volcarona, L50, F|100/100
|move|p1a: Indeedee|Follow Me|p1a: Indeedee
|-singleturn|p1a: Indeedee|move: Follow Me
|move|p1b: Zacian|Play Rough|p2a: Volcarona
|-resisted|p2a: Volcarona
|-damage|p2a: Volcarona|65/100
|-damage|p1b: Zacian|84/100|[from] item: Rocky Helmet|[of] p2a: Volcarona
|move|p2b: Calyrex|High Horsepower|p1a: Indeedee
|-damage|p1a: Indeedee|27/100
|-damage|p2b: Calyrex|49/100|[from] item: Rocky Helmet|[of] p1a: Indeedee
|
|upkeep
|turn|6
|
|t:|1750749233
|move|p2a: Volcarona|Rage Powder|p2a: Volcarona
|-singleturn|p2a: Volcarona|move: Rage Powder
|move|p1a: Indeedee|Follow Me|p1a: Indeedee
|-singleturn|p1a: Indeedee|move: Follow Me
|move|p1b: Zacian|Play Rough|p2a: Volcarona
|-resisted|p2a: Volcarona
|-damage|p2a: Volcarona|30/100
|-damage|p1b: Zacian|67/100|[from] item: Rocky Helmet|[of] p2a: Volcarona
|-status|p1b: Zacian|brn|[from] ability: Flame Body|[of] p2a: Volcarona
|move|p2b: Calyrex|Glacial Lance|p1a: Indeedee|[spread] p1a,p1b
|-resisted|p1b: Zacian
|-damage|p1a: Indeedee|0 fnt
|-damage|p1b: Zacian|49/100 brn
|faint|p1a: Indeedee
|-ability|p2b: Calyrex|Chilling Neigh|boost
|-boost|p2b: Calyrex|atk|1
|
|-damage|p1b: Zacian|43/100 brn|[from] brn
|upkeep
|
|t:|1750749240
|switch|p1a: Grimmsnarl|Grimmsnarl, L50, M|25/100
|turn|7
|
|t:|1750749247
|move|p2a: Volcarona|Rage Powder|p2a: Volcarona
|-singleturn|p2a: Volcarona|move: Rage Powder
|move|p1b: Zacian|Play Rough|p2a: Volcarona
|-resisted|p2a: Volcarona
|-damage|p2a: Volcarona|11/100
|-damage|p1b: Zacian|27/100 brn|[from] item: Rocky Helmet|[of] p2a: Volcarona
|move|p1a: Grimmsnarl|Spirit Break|p2a: Volcarona
|-resisted|p2a: Volcarona
|-damage|p2a: Volcarona|0 fnt
|-damage|p1a: Grimmsnarl|9/100|[from] item: Rocky Helmet|[of] p2a: Volcarona
|faint|p2a: Volcarona
|move|p2b: Calyrex|Glacial Lance|p1a: Grimmsnarl|[spread] p1a,p1b
|-resisted|p1b: Zacian
|-damage|p1a: Grimmsnarl|0 fnt
|-damage|p1b: Zacian|0 fnt
|faint|p1a: Grimmsnarl
|faint|p1b: Zacian
|
|win|93w
|raw|oopsinando&apos;sdagain's rating: 1483 &rarr; <strong>1463</strong><br />(-20 for losing)
|raw|93w's rating: 1491 &rarr; <strong>1511</strong><br />(+20 for winning)
|l|☆oopsinando'sdagain
|player|p1|
|l|☆93w
|player|p2|
