|j|☆YggyGP
|j|☆arianagrandeislop
|t:|1750839216
|gametype|doubles
|player|p1|YggyGP|falkner|1243
|player|p2|arianagrandeislop|169|1255
|teamsize|p1|6
|teamsize|p2|6
|gen|9
|tier|[Gen 9] VGC 2025 Reg I
|rated|
|rule|Species Clause: Limit one of each Pokémon
|rule|Item Clause: Limit 1 of each item
|clearpoke
|poke|p1|Koraidon, L50|
|poke|p1|Scovillain, L50, M|
|poke|p1|Miraidon, L50|
|poke|p1|Chesnaught, L50, F|
|poke|p1|Clefairy, L50, M|
|poke|p1|Indeedee-F, L50, F|
|poke|p2|Calyrex-Ice, L50|
|poke|p2|Kyogre, L50|
|poke|p2|Rhyperior, L50, M|
|poke|p2|Iron Jugulis, L50|
|poke|p2|Amoonguss, L50, M|
|poke|p2|Urshifu-*, L50, M|
|teampreview|4
|inactive|Battle timer is ON: inactive players will automatically lose when time's up. (requested by YggyGP)
|inactive|YggyGP has 60 seconds left.
|
|t:|1750839257
|start
|switch|p1a: Miraidon|Miraidon, L50|100/100
|switch|p1b: Chesnaught|Chesnaught, L50, F|100/100
|switch|p2a: Calyrex|Calyrex-Ice, L50|100/100
|switch|p2b: Kyogre|Kyogre, L50|100/100
|-ability|p2a: Calyrex|As One
|-ability|p2a: Calyrex|Unnerve
|-fieldstart|move: Electric Terrain|[from] ability: Hadron Engine|[of] p1a: Miraidon
|-enditem|p1b: Chesnaught|Electric Seed
|-boost|p1b: Chesnaught|def|1|[from] item: Electric Seed
|-weather|RainDance|[from] ability: Drizzle|[of] p2b: Kyogre
|turn|1
|
|t:|1750839280
|switch|p2b: Rhyperior|Rhyperior, L50, M|100/100
|move|p1b: Chesnaught|Wide Guard|p1b: Chesnaught
|-singleturn|p1b: Chesnaught|Wide Guard
|move|p1a: Miraidon|Draco Meteor|p2a: Calyrex
|-damage|p2a: Calyrex|39/100
|-unboost|p1a: Miraidon|spa|2
|move|p2a: Calyrex|Trick Room|p2a: Calyrex
|-fieldstart|move: Trick Room|[of] p2a: Calyrex
|
|-weather|RainDance|[upkeep]
|upkeep
|turn|2
|inactive|YggyGP has 30 seconds left.
|inactive|YggyGP has 20 seconds left.
|inactive|YggyGP has 15 seconds left.
|inactive|YggyGP has 10 seconds left.
|inactive|YggyGP has 5 seconds left.
|
|t:|1750839332
|switch|p1a: Clefairy|Clefairy, L50, M|100/100
|-terastallize|p1b: Chesnaught|Steel
|move|p2b: Rhyperior|High Horsepower|p1a: Clefairy
|-damage|p1a: Clefairy|60/100
|move|p2a: Calyrex|Seed Bomb|p1a: Clefairy
|-damage|p1a: Clefairy|33/100
|move|p1b: Chesnaught|Leech Seed|p2a: Calyrex
|-start|p2a: Calyrex|move: Leech Seed
|
|-weather|RainDance|[upkeep]
|-damage|p2a: Calyrex|27/100|[from] Leech Seed|[of] p1b: Chesnaught
|upkeep
|turn|3
|inactive|YggyGP has 30 seconds left.
|inactive|YggyGP has 20 seconds left.
|inactive|arianagrandeislop has 30 seconds left.
|
|t:|1750839368
|switch|p2a: Kyogre|Kyogre, L50|100/100
|move|p1a: Clefairy|Protect|p1a: Clefairy
|-singleturn|p1a: Clefairy|Protect
|move|p1b: Chesnaught|Spiky Shield|p1b: Chesnaught
|-singleturn|p1b: Chesnaught|move: Protect
|move|p2b: Rhyperior|High Horsepower|p1a: Clefairy
|-activate|p1a: Clefairy|move: Protect
|
|-weather|RainDance|[upkeep]
|upkeep
|turn|4
|
|t:|1750839383
|move|p1a: Clefairy|Follow Me|p1a: Clefairy
|-singleturn|p1a: Clefairy|move: Follow Me
|move|p2b: Rhyperior|High Horsepower|p1a: Clefairy
|-damage|p1a: Clefairy|0 fnt
|faint|p1a: Clefairy
|move|p1b: Chesnaught|Body Press|p2a: Kyogre
|-damage|p2a: Kyogre|34/100
|move|p2a: Kyogre|Water Spout|p1b: Chesnaught
|-damage|p1b: Chesnaught|13/100
|
|-weather|RainDance|[upkeep]
|upkeep
|
|t:|1750839394
|switch|p1a: Koraidon|Koraidon, L50|100/100
|-weather|SunnyDay|[from] ability: Orichalcum Pulse|[of] p1a: Koraidon
|-activate|p1a: Koraidon|Orichalcum Pulse|[source]
|turn|5
|inactive|YggyGP has 30 seconds left.
|inactive|YggyGP has 20 seconds left.
|
|t:|1750839430
|switch|p2a: Urshifu|Urshifu-Rapid-Strike, L50, M|100/100
|-terastallize|p2b: Rhyperior|Water
|move|p1b: Chesnaught|Spiky Shield|p1b: Chesnaught
|-singleturn|p1b: Chesnaught|move: Protect
|move|p1a: Koraidon|Collision Course|p2b: Rhyperior
|-damage|p2b: Rhyperior|47/100
|move|p2b: Rhyperior|Counter|p1a: Koraidon
|-damage|p1a: Koraidon|0 fnt
|faint|p1a: Koraidon
|
|-weather|SunnyDay|[upkeep]
|-fieldend|move: Trick Room
|-fieldend|move: Electric Terrain
|upkeep
|
|t:|1750839440
|switch|p1a: Miraidon|Miraidon, L50|100/100
|-fieldstart|move: Electric Terrain|[from] ability: Hadron Engine|[of] p1a: Miraidon
|turn|6
|c|☆YggyGP|gg
|-message|YggyGP forfeited.
|
|win|arianagrandeislop
|raw|YggyGP's rating: 1243 &rarr; <strong>1219</strong><br />(-24 for losing)
|raw|arianagrandeislop's rating: 1255 &rarr; <strong>1279</strong><br />(+24 for winning)
|l|☆YggyGP
|player|p1|
|l|☆arianagrandeislop
|player|p2|
