|j|☆peasantbread
|j|☆Toasteduck
|t:|1750772785
|gametype|doubles
|player|p1|peasantbread|265|1605
|player|p2|Toasteduck|2|1642
|teamsize|p1|6
|teamsize|p2|6
|gen|9
|tier|[Gen 9] VGC 2025 Reg I
|rated|
|rule|Species Clause: Limit one of each Pokémon
|rule|Item Clause: Limit 1 of each item
|clearpoke
|poke|p1|Calyrex-Ice, L50|
|poke|p1|Kyogre, L50|
|poke|p1|Grimmsnarl, L50, M|
|poke|p1|Amoonguss, L50, M|
|poke|p1|Rillaboom, L50, F|
|poke|p1|Flutter Mane, L50|
|poke|p2|Giratina-Origin, L50|
|poke|p2|Miraidon, L50|
|poke|p2|Iron Bundle, L50|
|poke|p2|Ting-Lu, L50|
|poke|p2|Incineroar, L50, M|
|poke|p2|Mienshao, L50, F|
|teampreview|4
|inactive|Battle timer is ON: inactive players will automatically lose when time's up. (requested by peasantbread)
|inactive|Toasteduck has 60 seconds left.
|
|t:|1750772837
|start
|switch|p1a: Calyrex|Calyrex-Ice, L50|100/100
|switch|p1b: Rillaboom|Rillaboom, L50, F|100/100
|switch|p2a: Mienshao|Mienshao, L50, F|100/100
|switch|p2b: Giratina|Giratina-Origin, L50|100/100
|-ability|p1a: Calyrex|As One
|-ability|p1a: Calyrex|Unnerve
|-fieldstart|move: Grassy Terrain|[from] ability: Grassy Surge|[of] p1b: Rillaboom
|turn|1
|inactive|Toasteduck has 30 seconds left.
|
|t:|1750772871
|-terastallize|p2b: Giratina|Fire
|move|p1a: Calyrex|Protect|p1a: Calyrex
|-singleturn|p1a: Calyrex|Protect
|move|p2a: Mienshao|Coaching|p2b: Giratina
|-boost|p2b: Giratina|atk|1
|-boost|p2b: Giratina|def|1
|move|p2b: Giratina|Poltergeist|p1b: Rillaboom
|-activate|p1b: Rillaboom|move: Poltergeist|Choice Band
|-damage|p1b: Rillaboom|4/100
|move|p1b: Rillaboom|U-turn|p2a: Mienshao
|-resisted|p2a: Mienshao
|-damage|p2a: Mienshao|67/100
|
|t:|1750772889
|switch|p1b: Kyogre|Kyogre, L50|100/100|[from] U-turn
|-weather|RainDance|[from] ability: Drizzle|[of] p1b: Kyogre
|
|-weather|RainDance|[upkeep]
|-heal|p2a: Mienshao|73/100|[from] Grassy Terrain
|upkeep
|turn|2
|
|t:|1750772902
|-terastallize|p1a: Calyrex|Water
|move|p2b: Giratina|Protect|p2b: Giratina
|-singleturn|p2b: Giratina|Protect
|move|p2a: Mienshao|Close Combat|p1b: Kyogre
|-damage|p1b: Kyogre|49/100
|-unboost|p2a: Mienshao|def|1
|-unboost|p2a: Mienshao|spd|1
|move|p1b: Kyogre|Origin Pulse|p2b: Giratina|[spread] 
|-activate|p2b: Giratina|move: Protect
|-miss|p1b: Kyogre|p2a: Mienshao
|move|p1a: Calyrex|Trick Room|p1a: Calyrex
|-fieldstart|move: Trick Room|[of] p1a: Calyrex
|
|-weather|RainDance|[upkeep]
|-heal|p1b: Kyogre|55/100|[from] Grassy Terrain
|-heal|p2a: Mienshao|79/100|[from] Grassy Terrain
|upkeep
|turn|3
|
|t:|1750772920
|move|p2a: Mienshao|Wide Guard|p2a: Mienshao
|-singleturn|p2a: Mienshao|Wide Guard
|move|p1a: Calyrex|Leech Seed|p2b: Giratina
|-start|p2b: Giratina|move: Leech Seed
|move|p2b: Giratina|Poltergeist|p1b: Kyogre
|-activate|p1b: Kyogre|move: Poltergeist|Mystic Water
|-damage|p1b: Kyogre|0 fnt
|faint|p1b: Kyogre
|
|-weather|RainDance|[upkeep]
|-heal|p2a: Mienshao|84/100|[from] Grassy Terrain
|-damage|p2b: Giratina|88/100|[from] Leech Seed|[of] p1a: Calyrex
|upkeep
|
|t:|1750772931
|switch|p1b: Amoonguss|Amoonguss, L50, M|100/100
|turn|4
|inactive|Toasteduck has 30 seconds left.
|inactive|Toasteduck has 20 seconds left.
|inactive|Toasteduck has 15 seconds left.
|
|t:|1750772974
|move|p2b: Giratina|Protect|p2b: Giratina
|-singleturn|p2b: Giratina|Protect
|move|p1b: Amoonguss|Spore|p2a: Mienshao
|-status|p2a: Mienshao|slp|[from] move: Spore
|move|p1a: Calyrex|Leech Seed|p2a: Mienshao
|-start|p2a: Mienshao|move: Leech Seed
|cant|p2a: Mienshao|slp
|
|-weather|RainDance|[upkeep]
|-heal|p2a: Mienshao|90/100 slp|[from] Grassy Terrain
|-damage|p2b: Giratina|76/100|[from] Leech Seed|[of] p1a: Calyrex
|-damage|p2a: Mienshao|78/100 slp|[from] Leech Seed|[of] p1a: Calyrex
|upkeep
|turn|5
|
|t:|1750772991
|switch|p1a: Rillaboom|Rillaboom, L50, F|4/100
|move|p1b: Amoonguss|Spore|p2b: Giratina
|-status|p2b: Giratina|slp|[from] move: Spore
|cant|p2b: Giratina|slp
|-curestatus|p2a: Mienshao|slp|[msg]
|move|p2a: Mienshao|Coaching|p2b: Giratina
|-boost|p2b: Giratina|atk|1
|-boost|p2b: Giratina|def|1
|
|-weather|none
|-heal|p1a: Rillaboom|10/100|[from] Grassy Terrain
|-heal|p2a: Mienshao|83/100|[from] Grassy Terrain
|-damage|p2b: Giratina|63/100 slp|[from] Leech Seed|[of] p1a: Rillaboom
|-heal|p1a: Rillaboom|24/100|[silent]
|-damage|p2a: Mienshao|71/100|[from] Leech Seed|[of] p1a: Rillaboom
|-heal|p1a: Rillaboom|32/100|[silent]
|-fieldend|move: Grassy Terrain
|upkeep
|turn|6
|
|t:|1750773003
|switch|p2a: Miraidon|Miraidon, L50|100/100
|-fieldstart|move: Electric Terrain|[from] ability: Hadron Engine|[of] p2a: Miraidon
|move|p1b: Amoonguss|Pollen Puff|p1a: Rillaboom
|-heal|p1a: Rillaboom|82/100
|move|p1a: Rillaboom|High Horsepower|p2b: Giratina
|-immune|p2b: Giratina|[from] ability: Levitate
|cant|p2b: Giratina|slp
|
|-damage|p2b: Giratina|51/100 slp|[from] Leech Seed|[of] p1a: Rillaboom
|-heal|p1a: Rillaboom|96/100|[silent]
|-fieldend|move: Trick Room
|upkeep
|turn|7
|inactive|Toasteduck has 30 seconds left.
|
|t:|1750773028
|move|p2a: Miraidon|Volt Switch|p1a: Rillaboom
|-resisted|p1a: Rillaboom
|-damage|p1a: Rillaboom|39/100
|
|t:|1750773031
|switch|p2a: Mienshao|Mienshao, L50, F|71/100|[from] Volt Switch
|cant|p2b: Giratina|slp
|move|p1a: Rillaboom|High Horsepower|p2a: Mienshao
|-damage|p2a: Mienshao|0 fnt
|faint|p2a: Mienshao
|move|p1b: Amoonguss|Pollen Puff|p1a: Rillaboom
|-heal|p1a: Rillaboom|89/100
|
|-damage|p2b: Giratina|39/100 slp|[from] Leech Seed|[of] p1a: Rillaboom
|-heal|p1a: Rillaboom|100/100|[silent]
|upkeep
|
|t:|1750773046
|switch|p2a: Iron Bundle|Iron Bundle, L50|100/100
|-activate|p2a: Iron Bundle|ability: Quark Drive
|-start|p2a: Iron Bundle|quarkdrivespe
|turn|8
|
|t:|1750773052
|switch|p1a: Calyrex|Calyrex-Ice, L50, tera:Water|100/100
|-ability|p1a: Calyrex|As One
|-ability|p1a: Calyrex|Unnerve
|move|p1b: Amoonguss|Protect|p1b: Amoonguss
|-singleturn|p1b: Amoonguss|Protect
|move|p2a: Iron Bundle|Freeze-Dry|p1b: Amoonguss
|-activate|p1b: Amoonguss|move: Protect
|-curestatus|p2b: Giratina|slp|[msg]
|move|p2b: Giratina|Poltergeist|p1a: Calyrex
|-activate|p1a: Calyrex|move: Poltergeist|Leftovers
|-damage|p1a: Calyrex|25/100
|
|-heal|p1a: Calyrex|31/100|[from] item: Leftovers
|-damage|p2b: Giratina|26/100|[from] Leech Seed|[of] p1a: Calyrex
|-heal|p1a: Calyrex|44/100|[silent]
|upkeep
|turn|9
|
|t:|1750773075
|move|p1b: Amoonguss|Rage Powder|p1b: Amoonguss
|-singleturn|p1b: Amoonguss|move: Rage Powder
|move|p2a: Iron Bundle|Freeze-Dry|p1b: Amoonguss
|-supereffective|p1b: Amoonguss
|-damage|p1b: Amoonguss|21/100
|-damage|p2a: Iron Bundle|91/100|[from] item: Life Orb
|move|p2b: Giratina|Poltergeist|p1b: Amoonguss
|-activate|p1b: Amoonguss|move: Poltergeist|Rocky Helmet
|-damage|p1b: Amoonguss|0 fnt
|faint|p1b: Amoonguss
|move|p1a: Calyrex|Leech Seed|p2a: Iron Bundle
|-start|p2a: Iron Bundle|move: Leech Seed
|
|-heal|p1a: Calyrex|50/100|[from] item: Leftovers
|-damage|p2a: Iron Bundle|78/100|[from] Leech Seed|[of] p1a: Calyrex
|-heal|p1a: Calyrex|58/100|[silent]
|-damage|p2b: Giratina|14/100|[from] Leech Seed|[of] p1a: Calyrex
|-heal|p1a: Calyrex|72/100|[silent]
|upkeep
|
|t:|1750773088
|switch|p1b: Rillaboom|Rillaboom, L50, F|100/100
|-fieldstart|move: Grassy Terrain|[from] ability: Grassy Surge|[of] p1b: Rillaboom
|-end|p2a: Iron Bundle|Quark Drive
|turn|10
|inactive|peasantbread has 30 seconds left.
|inactive|Toasteduck has 30 seconds left.
|inactive|Toasteduck has 20 seconds left.
|
|t:|1750773126
|move|p2b: Giratina|Shadow Sneak|p1a: Calyrex
|-damage|p1a: Calyrex|43/100
|move|p1b: Rillaboom|Grassy Glide|p2b: Giratina
|-resisted|p2b: Giratina
|-damage|p2b: Giratina|4/100
|move|p2a: Iron Bundle|Freeze-Dry|p1a: Calyrex
|-supereffective|p1a: Calyrex
|-damage|p1a: Calyrex|0 fnt
|faint|p1a: Calyrex
|-damage|p2a: Iron Bundle|68/100|[from] item: Life Orb
|
|-heal|p2a: Iron Bundle|75/100|[from] Grassy Terrain
|upkeep
|turn|11
|
|t:|1750773137
|move|p2b: Giratina|Shadow Sneak|p1b: Rillaboom
|-damage|p1b: Rillaboom|56/100
|move|p1b: Rillaboom|Grassy Glide|p2b: Giratina
|-resisted|p2b: Giratina
|-damage|p2b: Giratina|0 fnt
|faint|p2b: Giratina
|move|p2a: Iron Bundle|Freeze-Dry|p1b: Rillaboom
|-supereffective|p1b: Rillaboom
|-damage|p1b: Rillaboom|0 fnt
|faint|p1b: Rillaboom
|-damage|p2a: Iron Bundle|65/100|[from] item: Life Orb
|
|win|Toasteduck
|raw|peasantbread's rating: 1605 &rarr; <strong>1587</strong><br />(-18 for losing)
|raw|Toasteduck's rating: 1642 &rarr; <strong>1660</strong><br />(+18 for winning)
|l|☆peasantbread
|player|p1|
|l|☆Toasteduck
|player|p2|
