|j|☆Moosewii7
|j|☆SneaselpinkVGC
|t:|1750811253
|gametype|doubles
|player|p1|Moosewii7|101|1509
|player|p2|SneaselpinkVGC|silver|1541
|teamsize|p1|6
|teamsize|p2|6
|gen|9
|tier|[Gen 9] VGC 2025 Reg I
|rated|
|rule|Species Clause: Limit one of each Pokémon
|rule|Item Clause: Limit 1 of each item
|clearpoke
|poke|p1|Calyrex-Shadow, L50|
|poke|p1|Indeedee-F, L50, F|
|poke|p1|Kyogre, L50|
|poke|p1|Maushold-Four, L50|
|poke|p1|Garganacl, L50, M|
|poke|p1|Raging Bolt, L50|
|poke|p2|Kyogre, L50|
|poke|p2|Tornadus, L50, M|
|poke|p2|Zamazenta-*, L50|
|poke|p2|Chien-Pao, L50|
|poke|p2|Rillaboom, L50, F|
|poke|p2|Flutter Mane, L50|
|teampreview|4
|inactive|Battle timer is ON: inactive players will automatically lose when time's up. (requested by Moosewii7)
Moosewii7 rejected open team sheets.
|j| empm
|inactive|SneaselpinkVGC has 60 seconds left.
|
|t:|1750811315
|start
|switch|p1a: Indeedee|Indeedee-F, L50, F|100/100
|switch|p1b: Maushold|Maushold-Four, L50|100/100
|switch|p2a: Chien-Pao|Chien-Pao, L50|100/100
|switch|p2b: Flutter Mane|Flutter Mane, L50|100/100
|-ability|p2a: Chien-Pao|Sword of Ruin
|-fieldstart|move: Psychic Terrain|[from] ability: Psychic Surge|[of] p1a: Indeedee
|-enditem|p2b: Flutter Mane|Booster Energy
|-activate|p2b: Flutter Mane|ability: Protosynthesis|[fromitem]
|-start|p2b: Flutter Mane|protosynthesisspe
|turn|1
|c| empm|tera fire weakness policy calyrex xd
|inactive|SneaselpinkVGC has 30 seconds left.
|inactive|Moosewii7 has 30 seconds left.
|inactive|SneaselpinkVGC has 20 seconds left.
|inactive|SneaselpinkVGC has 15 seconds left.
|
|t:|1750811360
|move|p1b: Maushold|Follow Me|p1b: Maushold
|-singleturn|p1b: Maushold|move: Follow Me
|move|p2b: Flutter Mane|Moonblast|p1b: Maushold
|-damage|p1b: Maushold|20/100
|move|p2a: Chien-Pao|Ice Spinner|p1b: Maushold
|-damage|p1b: Maushold|0 fnt
|-fieldend|move: Psychic Terrain
|faint|p1b: Maushold
|move|p1a: Indeedee|Trick Room|p1a: Indeedee
|-fieldstart|move: Trick Room|[of] p1a: Indeedee
|
|upkeep
|
|t:|1750811370
|switch|p1b: Kyogre|Kyogre, L50|100/100
|-weather|RainDance|[from] ability: Drizzle|[of] p1b: Kyogre
|turn|2
|c|☆SneaselpinkVGC|why you giving away their secrets? lol
|j| joli.sv
|c| empm|wait oops
|l| joli.sv
|inactive|SneaselpinkVGC has 30 seconds left.
|c| empm|he rejected team sheets mb
|inactive|SneaselpinkVGC has 20 seconds left.
|
|t:|1750811408
|move|p2a: Chien-Pao|Protect|p2a: Chien-Pao
|-singleturn|p2a: Chien-Pao|Protect
|move|p2b: Flutter Mane|Protect|p2b: Flutter Mane
|-singleturn|p2b: Flutter Mane|Protect
|move|p1a: Indeedee|Follow Me|p1a: Indeedee
|-singleturn|p1a: Indeedee|move: Follow Me
|move|p1b: Kyogre|Water Spout|p2a: Chien-Pao|[spread] 
|-activate|p2a: Chien-Pao|move: Protect
|-activate|p2b: Flutter Mane|move: Protect
|
|-weather|RainDance|[upkeep]
|upkeep
|turn|3
|j| zagmaer
|inactive|SneaselpinkVGC has 30 seconds left.
|inactive|SneaselpinkVGC has 20 seconds left.
|
|t:|1750811444
|-end|p2b: Flutter Mane|Protosynthesis|[silent]
|switch|p2b: Kyogre|Kyogre, L50|100/100
|-terastallize|p1b: Kyogre|Water
|move|p1a: Indeedee|Follow Me|p1a: Indeedee
|-singleturn|p1a: Indeedee|move: Follow Me
|move|p1b: Kyogre|Water Spout|p2b: Kyogre|[spread] p2a,p2b
|-resisted|p2b: Kyogre
|-enditem|p2a: Chien-Pao|Focus Sash
|-damage|p2a: Chien-Pao|1/100
|-damage|p2b: Kyogre|53/100
|move|p2a: Chien-Pao|Ice Spinner|p1a: Indeedee
|-damage|p1a: Indeedee|41/100
|
|-weather|RainDance|[upkeep]
|upkeep
|turn|4
|
|t:|1750811466
|move|p2b: Kyogre|Protect|p2b: Kyogre
|-singleturn|p2b: Kyogre|Protect
|move|p2a: Chien-Pao|Protect|p2a: Chien-Pao
|-singleturn|p2a: Chien-Pao|Protect
|move|p1a: Indeedee|Follow Me|p1a: Indeedee
|-singleturn|p1a: Indeedee|move: Follow Me
|move|p1b: Kyogre|Water Spout|p2b: Kyogre|[spread] 
|-activate|p2a: Chien-Pao|move: Protect
|-activate|p2b: Kyogre|move: Protect
|
|-weather|RainDance|[upkeep]
|upkeep
|turn|5
|inactive|SneaselpinkVGC has 30 seconds left.
|inactive|SneaselpinkVGC has 20 seconds left.
|
|t:|1750811504
|switch|p2a: Zamazenta|Zamazenta-Crowned, L50|100/100
|-ability|p2a: Zamazenta|Dauntless Shield|boost
|-boost|p2a: Zamazenta|def|1
|move|p1a: Indeedee|Helping Hand|p1b: Kyogre
|-singleturn|p1b: Kyogre|Helping Hand|[of] p1a: Indeedee
|move|p1b: Kyogre|Water Spout|p2a: Zamazenta|[spread] p2a,p2b
|-resisted|p2b: Kyogre
|-damage|p2a: Zamazenta|0 fnt
|-damage|p2b: Kyogre|0 fnt
|faint|p2a: Zamazenta
|faint|p2b: Kyogre
|
|-weather|RainDance|[upkeep]
|-fieldend|move: Trick Room
|upkeep
|
|t:|1750811517
|switch|p2a: Flutter Mane|Flutter Mane, L50|100/100
|switch|p2b: Chien-Pao|Chien-Pao, L50|1/100
|-ability|p2b: Chien-Pao|Sword of Ruin
|turn|6
|
|t:|1750811540
|move|p1a: Indeedee|Follow Me|p1a: Indeedee
|-singleturn|p1a: Indeedee|move: Follow Me
|move|p2b: Chien-Pao|Ice Spinner|p1a: Indeedee
|-damage|p1a: Indeedee|0 fnt
|faint|p1a: Indeedee
|move|p2a: Flutter Mane|Moonblast|p1b: Kyogre
|-crit|p1b: Kyogre
|-damage|p1b: Kyogre|51/100
|move|p1b: Kyogre|Water Spout|p2a: Flutter Mane|[spread] p2a,p2b
|-crit|p2b: Chien-Pao
|-damage|p2a: Flutter Mane|38/100
|-damage|p2b: Chien-Pao|0 fnt
|faint|p2b: Chien-Pao
|
|-weather|none
|upkeep
|
|t:|1750811555
|switch|p1a: Calyrex|Calyrex-Shadow, L50|100/100
|-ability|p1a: Calyrex|As One
|-ability|p1a: Calyrex|Unnerve
|turn|7
|
|t:|1750811569
|-terastallize|p2a: Flutter Mane|Normal
|move|p1a: Calyrex|Astral Barrage|p2a: Flutter Mane
|-immune|p2a: Flutter Mane
|move|p2a: Flutter Mane|Shadow Ball|p1b: Kyogre
|-damage|p1b: Kyogre|23/100
|move|p1b: Kyogre|Water Spout|p2a: Flutter Mane
|-damage|p2a: Flutter Mane|11/100
|
|upkeep
|turn|8
|l| zagmaer
|
|t:|1750811591
|move|p1a: Calyrex|Expanding Force|p2a: Flutter Mane
|-damage|p2a: Flutter Mane|0 fnt
|faint|p2a: Flutter Mane
|-end|p2a: Flutter Mane|Protosynthesis|[silent]
|
|win|Moosewii7
|raw|Moosewii7's rating: 1509 &rarr; <strong>1531</strong><br />(+22 for winning)
|raw|SneaselpinkVGC's rating: 1541 &rarr; <strong>1519</strong><br />(-22 for losing)
|l| empm
|l|☆Moosewii7
|player|p1|
|l|☆SneaselpinkVGC
|player|p2|
