|j|☆Odaibaru
|j|☆aSimpleUnderscore
|t:|1750864899
|gametype|doubles
|player|p1|Odaibaru|2|1067
|player|p2|aSimpleUnderscore|ingo-hisui|1035
|teamsize|p1|6
|teamsize|p2|6
|gen|9
|tier|[Gen 9] VGC 2025 Reg I
|rated|
|rule|Species Clause: Limit one of each Pokémon
|rule|Item Clause: Limit 1 of each item
|clearpoke
|poke|p1|Slaking, L50, M|
|poke|p1|Weezing, L50, F|
|poke|p1|Koffing, L50, F|
|poke|p1|Plusle, L50, M|
|poke|p1|Minun, L50, F|
|poke|p1|Regigigas, L50|
|poke|p2|Talonflame, L50, M|
|poke|p2|Brute Bonnet, L50|
|poke|p2|Koraidon, L50|
|poke|p2|Ogerpon-Hearthflame, L50, F|
|poke|p2|Rillaboom, L50, M|
|poke|p2|Urshifu-*, L50, F|
|teampreview|4
|inactive|Battle timer is ON: inactive players will automatically lose when time's up. (requested by Odaibaru)
Odaibaru rejected open team sheets.
|
|t:|1750864919
|start
|switch|p1a: Koffing|Koffing, L50, F|100/100
|switch|p1b: Slaking|Slaking, L50, M|100/100
|switch|p2a: not whimsicott|Talonflame, L50, M|100/100
|switch|p2b: emo amogus|Brute Bonnet, L50|100/100
|-ability|p1a: Koffing|Neutralizing Gas
|turn|1
|
|t:|1750864940
|move|p2a: not whimsicott|Tailwind|p2a: not whimsicott
|-sidestart|p2: aSimpleUnderscore|move: Tailwind
|move|p2b: emo amogus|Spore|p1b: Slaking
|-status|p1b: Slaking|slp|[from] move: Spore
|cant|p1b: Slaking|slp
|move|p1a: Koffing|Will-O-Wisp|p2b: emo amogus
|-status|p2b: emo amogus|brn
|
|-damage|p2b: emo amogus|95/100 brn|[from] brn
|upkeep
|turn|2
|
|t:|1750864963
|move|p1a: Koffing|Protect|p1a: Koffing
|-singleturn|p1a: Koffing|Protect
|move|p2a: not whimsicott|U-turn|p1b: Slaking
|-damage|p1b: Slaking|85/100 slp
|
|t:|1750864968
|switch|p2a: Koraidon|Koraidon, L50|100/100|[from] U-turn
|-weather|SunnyDay|[from] ability: Orichalcum Pulse|[of] p2a: Koraidon
|-activate|p2a: Koraidon|Orichalcum Pulse|[source]
|move|p2b: emo amogus|Spore|p1a: Koffing
|-activate|p1a: Koffing|move: Protect
|-curestatus|p1b: Slaking|slp|[msg]
|move|p1b: Slaking|Body Slam|p2b: emo amogus
|-damage|p2b: emo amogus|46/100 brn
|-damage|p1b: Slaking|68/100|[from] item: Rocky Helmet|[of] p2b: emo amogus
|
|-weather|SunnyDay|[upkeep]
|-damage|p2b: emo amogus|40/100 brn|[from] brn
|upkeep
|turn|3
|inactive|Odaibaru has 30 seconds left.
|inactive|Odaibaru has 20 seconds left.
|inactive|Odaibaru has 15 seconds left.
|inactive|Odaibaru has 10 seconds left.
|inactive|Odaibaru has 5 seconds left.
|
|t:|1750865018
|-terastallize|p1a: Koffing|Grass
|move|p1b: Slaking|Protect|p1b: Slaking
|-singleturn|p1b: Slaking|Protect
|move|p2a: Koraidon|Collision Course|p1b: Slaking
|-activate|p1b: Slaking|move: Protect
|move|p2b: emo amogus|Spore|p1a: Koffing
|-immune|p1a: Koffing
|move|p1a: Koffing|Will-O-Wisp|p2a: Koraidon
|-status|p2a: Koraidon|brn
|
|-weather|SunnyDay|[upkeep]
|-damage|p2a: Koraidon|95/100 brn|[from] brn
|-damage|p2b: emo amogus|34/100 brn|[from] brn
|upkeep
|turn|4
|inactive|Odaibaru has 30 seconds left.
|inactive|aSimpleUnderscore has 30 seconds left.
|
|t:|1750865049
|-end|p2b: emo amogus|Protosynthesis|[silent]
|switch|p2b: not whimsicott|Talonflame, L50, M|100/100
|switch|p1b: Weezing|Weezing, L50, F|100/100
|-ability|p1b: Weezing|Neutralizing Gas
|-block|p2a: Koraidon|item: Ability Shield
|move|p2a: Koraidon|Collision Course|p1b: Weezing
|-resisted|p1b: Weezing
|-damage|p1b: Weezing|86/100
|move|p1a: Koffing|Scary Face|p2a: Koraidon
|-unboost|p2a: Koraidon|spe|2
|
|-weather|SunnyDay|[upkeep]
|-damage|p2a: Koraidon|89/100 brn|[from] brn
|-sideend|p2: aSimpleUnderscore|move: Tailwind
|upkeep
|turn|5
|inactive|Odaibaru has 30 seconds left.
|inactive|Odaibaru has 20 seconds left.
|
|t:|1750865084
|move|p1a: Koffing|Protect|p1a: Koffing
|-singleturn|p1a: Koffing|Protect
|move|p2b: not whimsicott|Tailwind|p2b: not whimsicott
|-sidestart|p2: aSimpleUnderscore|move: Tailwind
|move|p2a: Koraidon|U-turn|p1a: Koffing
|-activate|p1a: Koffing|move: Protect
|move|p1b: Weezing|Sludge Bomb|p2b: not whimsicott
|-damage|p2b: not whimsicott|61/100
|
|-weather|SunnyDay|[upkeep]
|-damage|p2a: Koraidon|83/100 brn|[from] brn
|upkeep
|turn|6
|
|t:|1750865104
|move|p2b: not whimsicott|Dual Wingbeat|p1a: Koffing
|-supereffective|p1a: Koffing
|-damage|p1a: Koffing|75/100
|-supereffective|p1a: Koffing
|-damage|p1a: Koffing|49/100
|-hitcount|p1a: Koffing|2
|move|p2a: Koraidon|Flare Blitz|p1a: Koffing
|-supereffective|p1a: Koffing
|-damage|p1a: Koffing|0 fnt
|faint|p1a: Koffing
|-damage|p2a: Koraidon|70/100 brn|[from] Recoil
|move|p1b: Weezing|Sludge Bomb|p2b: not whimsicott
|-damage|p2b: not whimsicott|16/100
|
|-weather|none
|-damage|p2a: Koraidon|64/100 brn|[from] brn
|upkeep
|
|t:|1750865120
|switch|p1a: Slaking|Slaking, L50, M|68/100
|turn|7
|
|t:|1750865135
|move|p1a: Slaking|Protect|p1a: Slaking
|-singleturn|p1a: Slaking|Protect
|move|p2b: not whimsicott|Dual Wingbeat|p1b: Weezing
|-damage|p1b: Weezing|70/100
|-damage|p1b: Weezing|54/100
|-hitcount|p1b: Weezing|2
|move|p2a: Koraidon|Collision Course|p1a: Slaking
|-activate|p1a: Slaking|move: Protect
|move|p1b: Weezing|Sludge Bomb|p2b: not whimsicott
|-damage|p2b: not whimsicott|0 fnt
|faint|p2b: not whimsicott
|
|-damage|p2a: Koraidon|59/100 brn|[from] brn
|upkeep
|
|t:|1750865143
|switch|p2b: unrestricted???|Urshifu-Rapid-Strike, L50, F|100/100
|turn|8
|inactive|Odaibaru has 30 seconds left.
|inactive|aSimpleUnderscore has 30 seconds left.
|inactive|Odaibaru has 20 seconds left.
|inactive|Odaibaru has 15 seconds left.
|inactive|Odaibaru has 10 seconds left.
|
|t:|1750865191
|-terastallize|p2b: unrestricted???|Ground
|move|p1a: Slaking|Protect|p1a: Slaking
|-singleturn|p1a: Slaking|Protect
|move|p2b: unrestricted???|Close Combat|p1a: Slaking
|-activate|p1a: Slaking|move: Protect
|move|p2a: Koraidon|Flare Blitz|p1b: Weezing
|-damage|p1b: Weezing|34/100
|-damage|p2a: Koraidon|52/100 brn|[from] Recoil
|move|p1b: Weezing|Scary Face|p2b: unrestricted???
|-unboost|p2b: unrestricted???|spe|2
|
|-damage|p2a: Koraidon|47/100 brn|[from] brn
|-sideend|p2: aSimpleUnderscore|move: Tailwind
|upkeep
|turn|9
|
|t:|1750865213
|move|p1a: Slaking|Body Slam|p2a: Koraidon
|-damage|p2a: Koraidon|0 fnt
|faint|p2a: Koraidon
|move|p2b: unrestricted???|Close Combat|p1a: Slaking
|-supereffective|p1a: Slaking
|-damage|p1a: Slaking|0 fnt
|-unboost|p2b: unrestricted???|def|1
|-unboost|p2b: unrestricted???|spd|1
|faint|p1a: Slaking
|move|p1b: Weezing|Pain Split|p2b: unrestricted???
|-sethp|p2b: unrestricted???|67/100|[from] move: Pain Split|[silent]
|-sethp|p1b: Weezing|68/100|[from] move: Pain Split
|
|upkeep
|
|t:|1750865226
|switch|p2a: emo amogus|Brute Bonnet, L50|34/100 brn
|switch|p1a: Regigigas|Regigigas, L50|100/100
|turn|10
|
|t:|1750865241
|move|p1a: Regigigas|Double-Edge|p2a: emo amogus
|-damage|p2a: emo amogus|0 fnt
|-damage|p1a: Regigigas|84/100|[from] item: Rocky Helmet|[of] p2a: emo amogus
|faint|p2a: emo amogus
|-end|p2a: emo amogus|Protosynthesis|[silent]
|-damage|p1a: Regigigas|73/100|[from] Recoil
|move|p1b: Weezing|Sludge Bomb|p2b: unrestricted???
|-resisted|p2b: unrestricted???
|-damage|p2b: unrestricted???|34/100
|move|p2b: unrestricted???|Close Combat|p1a: Regigigas
|-supereffective|p1a: Regigigas
|-damage|p1a: Regigigas|0 fnt
|-unboost|p2b: unrestricted???|def|1
|-unboost|p2b: unrestricted???|spd|1
|faint|p1a: Regigigas
|-end|p1a: Regigigas|Slow Start|[silent]
|
|upkeep
|turn|11
|
|t:|1750865259
|move|p1b: Weezing|Sludge Bomb|p2b: unrestricted???
|-resisted|p2b: unrestricted???
|-damage|p2b: unrestricted???|0 fnt
|faint|p2b: unrestricted???
|
|win|Odaibaru
|raw|Odaibaru's rating: 1067 &rarr; <strong>1094</strong><br />(+27 for winning)
|raw|aSimpleUnderscore's rating: 1035 &rarr; <strong>1021</strong><br />(-14 for losing)
|l|☆aSimpleUnderscore
|player|p2|
