|j|☆Nuzzlear
|j|☆Terminator7006
|t:|1750853520
|gametype|doubles
|player|p1|Nuzzlear|blue-masters|1311
|player|p2|Terminator7006|drayden|1394
|teamsize|p1|6
|teamsize|p2|6
|gen|9
|tier|[Gen 9] VGC 2025 Reg I
|rated|
|rule|Species Clause: Limit one of each Pokémon
|rule|Item Clause: Limit 1 of each item
|clearpoke
|poke|p1|Miraidon, L50|
|poke|p1|Lunala, L50|
|poke|p1|Ursaluna, L50, F|
|poke|p1|Iron Hands, L50|
|poke|p1|Incineroar, L50, M|
|poke|p1|Iron Bundle, L50|
|poke|p2|Lycanroc-Midnight, L50, M|
|poke|p2|Zamazenta-*, L50|
|poke|p2|Palkia, L50|
|poke|p2|Amoonguss, L50, M|
|poke|p2|Incineroar, L50, M|
|poke|p2|Rotom-Heat, L50|
|teampreview|4
Nuzzlear has agreed to open team sheets.
Terminator7006 has agreed to open team sheets.
|showteam|p1|Miraidon||ChoiceSpecs|HadronEngine|ElectroDrift,VoltSwitch,DracoMeteor,DazzlingGleam||||||50|,,,,,Fairy]Lunala||PowerHerb|ShadowShield|WideGuard,TrickRoom,MoongeistBeam,MeteorBeam||||||50|,,,,,Water]Ursaluna||FlameOrb|Guts|Protect,Facade,Earthquake,Crunch|||F|||50|,,,,,Ghost]Iron Hands||AssaultVest|QuarkDrive|FakeOut,DrainPunch,WildCharge,LowKick||||||50|,,,,,Water]Incineroar||RockyHelmet|Intimidate|FakeOut,KnockOff,PartingShot,FlareBlitz|||M|||50|,,,,,Grass]Iron Bundle||FocusSash|QuarkDrive|Protect,FreezeDry,IcyWind,Encore||||||50|,,,,,Ghost
|showteam|p2|Lycanroc-Midnight||ChoiceBand|NoGuard|StoneEdge,CloseCombat,Crunch,ZenHeadbutt|||M|||50|,,,,,Ghost]Zamazenta-Crowned||RustedShield|DauntlessShield|BodyPress,behemothbash,Protect,WideGuard||||||50|,,,,,Ghost]Palkia||LustrousOrb|Telepathy|DracoMeteor,HydroPump,TrickRoom,Protect||||||50|,,,,,Ground]Amoonguss||RockyHelmet|Regenerator|Spore,RagePowder,PollenPuff,Protect|||M|||50|,,,,,Water]Incineroar||SafetyGoggles|Intimidate|KnockOff,PartingShot,WillOWisp,FakeOut|||M|||50|,,,,,Ghost]Rotom-Heat||LifeOrb|Levitate|Overheat,Thunderbolt,HelpingHand,Protect||||||50|,,,,,Fire
|inactive|Battle timer is ON: inactive players will automatically lose when time's up. (requested by Nuzzlear)
|inactive|Terminator7006 has 60 seconds left.
|
|t:|1750853607
|start
|switch|p1a: Lunala|Lunala, L50, shiny|100/100
|switch|p1b: Ursaluna|Ursaluna, L50, F, shiny|100/100
|switch|p2a: Palkia|Palkia, L50|100/100
|switch|p2b: Incineroar|Incineroar, L50, M, shiny|100/100
|-ability|p2b: Incineroar|Intimidate|boost
|-unboost|p1a: Lunala|atk|1
|-unboost|p1b: Ursaluna|atk|1
|turn|1
|
|t:|1750853624
|move|p1b: Ursaluna|Protect|p1b: Ursaluna
|-singleturn|p1b: Ursaluna|Protect
|move|p1a: Lunala|Meteor Beam||[still]
|-prepare|p1a: Lunala|Meteor Beam
|-boost|p1a: Lunala|spa|1
|-enditem|p1a: Lunala|Power Herb
|-anim|p1a: Lunala|Meteor Beam|p2b: Incineroar
|-supereffective|p2b: Incineroar
|-damage|p2b: Incineroar|0 fnt
|faint|p2b: Incineroar
|move|p2a: Palkia|Draco Meteor|p1a: Lunala
|-damage|p1a: Lunala|67/100
|-unboost|p2a: Palkia|spa|2
|
|-status|p1b: Ursaluna|brn|[from] item: Flame Orb
|upkeep
|
|t:|1750853633
|switch|p2b: Zamazenta|Zamazenta-Crowned, L50, shiny|100/100
|-ability|p2b: Zamazenta|Dauntless Shield|boost
|-boost|p2b: Zamazenta|def|1
|turn|2
|
|t:|1750853652
|switch|p2a: Amoonguss|Amoonguss, L50, M, shiny|100/100
|switch|p1b: Iron Hands|Iron Hands, L50, shiny|100/100
|move|p2b: Zamazenta|Body Press|p1b: Iron Hands
|-crit|p1b: Iron Hands
|-damage|p1b: Iron Hands|20/100
|move|p1a: Lunala|Moongeist Beam|p2b: Zamazenta
|-damage|p2b: Zamazenta|37/100
|
|upkeep
|turn|3
|
|t:|1750853674
|move|p2b: Zamazenta|Protect|p2b: Zamazenta
|-singleturn|p2b: Zamazenta|Protect
|move|p1a: Lunala|Moongeist Beam|p2b: Zamazenta
|-activate|p2b: Zamazenta|move: Protect
|move|p1b: Iron Hands|Drain Punch|p2b: Zamazenta
|-activate|p2b: Zamazenta|move: Protect
|move|p2a: Amoonguss|Spore|p1a: Lunala
|-status|p1a: Lunala|slp|[from] move: Spore
|
|upkeep
|turn|4
|
|t:|1750853690
|move|p2b: Zamazenta|Body Press|p1b: Iron Hands
|-damage|p1b: Iron Hands|0 fnt
|faint|p1b: Iron Hands
|-end|p1b: Iron Hands|Quark Drive|[silent]
|cant|p1a: Lunala|slp
|move|p2a: Amoonguss|Pollen Puff|p2b: Zamazenta
|-heal|p2b: Zamazenta|87/100
|
|upkeep
|
|t:|1750853698
|switch|p1b: Ursaluna|Ursaluna, L50, F, shiny|100/100 brn
|turn|5
|
|t:|1750853711
|-terastallize|p1b: Ursaluna|Ghost
|cant|p1a: Lunala|slp
|move|p2a: Amoonguss|Rage Powder|p2a: Amoonguss
|-singleturn|p2a: Amoonguss|move: Rage Powder
|move|p2b: Zamazenta|Behemoth Bash|p1a: Lunala
|-damage|p1a: Lunala|34/100 slp
|move|p1b: Ursaluna|Earthquake|p2b: Zamazenta|[spread] p1a,p2a,p2b
|-supereffective|p2b: Zamazenta
|-crit|p2b: Zamazenta
|-damage|p1a: Lunala|0 fnt
|-damage|p2a: Amoonguss|48/100
|-damage|p2b: Zamazenta|0 fnt
|faint|p1a: Lunala
|faint|p2b: Zamazenta
|
|-damage|p1b: Ursaluna|95/100 brn|[from] brn
|upkeep
|
|t:|1750853725
|switch|p2b: Palkia|Palkia, L50|100/100
|switch|p1a: Miraidon|Miraidon, L50|100/100
|-fieldstart|move: Electric Terrain|[from] ability: Hadron Engine|[of] p1a: Miraidon
|turn|6
|inactive|Terminator7006 has 30 seconds left.
|inactive|Nuzzlear has 30 seconds left.
|inactive|Terminator7006 has 20 seconds left.
|
|t:|1750853767
|move|p2a: Amoonguss|Rage Powder|p2a: Amoonguss
|-singleturn|p2a: Amoonguss|move: Rage Powder
|move|p1a: Miraidon|Dazzling Gleam|p2b: Palkia|[spread] p2a,p2b
|-resisted|p2a: Amoonguss
|-supereffective|p2b: Palkia
|-damage|p2a: Amoonguss|29/100
|-damage|p2b: Palkia|14/100
|move|p2b: Palkia|Draco Meteor|p1a: Miraidon
|-supereffective|p1a: Miraidon
|-damage|p1a: Miraidon|0 fnt
|-unboost|p2b: Palkia|spa|2
|faint|p1a: Miraidon
|move|p1b: Ursaluna|Facade|p2a: Amoonguss
|-damage|p2a: Amoonguss|0 fnt
|-damage|p1b: Ursaluna|78/100 brn|[from] item: Rocky Helmet|[of] p2a: Amoonguss
|faint|p2a: Amoonguss
|
|-damage|p1b: Ursaluna|72/100 brn|[from] brn
|upkeep
|turn|7
|
|t:|1750853779
|move|p2b: Palkia|Draco Meteor|p1b: Ursaluna
|-damage|p1b: Ursaluna|25/100 brn
|-unboost|p2b: Palkia|spa|2
|move|p1b: Ursaluna|Facade|p2b: Palkia
|-damage|p2b: Palkia|0 fnt
|faint|p2b: Palkia
|
|win|Nuzzlear
|raw|Nuzzlear's rating: 1311 &rarr; <strong>1336</strong><br />(+25 for winning)
|raw|Terminator7006's rating: 1394 &rarr; <strong>1369</strong><br />(-25 for losing)
|l|☆Nuzzlear
|player|p1|
|l|☆Terminator7006
|player|p2|
