|j|☆JD Pope
|j|☆Ludikrik
|t:|1750856894
|gametype|doubles
|player|p1|JD Pope|hiker-gen4|1568
|player|p2|Ludikrik|chili|1606
|teamsize|p1|6
|teamsize|p2|6
|gen|9
|tier|[Gen 9] VGC 2025 Reg I
|rated|
|rule|Species Clause: Limit one of each Pokémon
|rule|Item Clause: Limit 1 of each item
|clearpoke
|poke|p1|Miraidon, L50|
|poke|p1|Iron Hands, L50|
|poke|p1|Groudon, L50|
|poke|p1|Whimsicott, L50, M|
|poke|p1|Gouging Fire, L50|
|poke|p1|Farigiraf, L50, F|
|poke|p2|Groudon, L50|
|poke|p2|Lunala, L50|
|poke|p2|Scream Tail, L50|
|poke|p2|Ogerpon-Hearthflame, L50, F|
|poke|p2|Incineroar, L50, M|
|poke|p2|Grimmsnarl, L50, M|
|teampreview|4
Ludikrik has agreed to open team sheets.
|c|☆Ludikrik|Groudon :)
|inactive|Battle timer is ON: inactive players will automatically lose when time's up. (requested by Ludikrik)
|inactive|JD Pope has 60 seconds left.
|
|t:|1750856982
|start
|switch|p1a: Miraidon|Miraidon, L50|100/100
|switch|p1b: Iron Hands|Iron Hands, L50|100/100
|switch|p2a: Goudron|Groudon, L50|100/100
|switch|p2b: Scream Tail|Scream Tail, L50|100/100
|-fieldstart|move: Electric Terrain|[from] ability: Hadron Engine|[of] p1a: Miraidon
|-activate|p1b: Iron Hands|ability: Quark Drive
|-start|p1b: Iron Hands|quarkdriveatk
|-weather|SunnyDay|[from] ability: Drought|[of] p2a: Goudron
|-activate|p2b: Scream Tail|ability: Protosynthesis
|-start|p2b: Scream Tail|protosynthesisspe
|turn|1
|
|t:|1750856997
|move|p2b: Scream Tail|Protect|p2b: Scream Tail
|-singleturn|p2b: Scream Tail|Protect
|move|p2a: Goudron|Protect|p2a: Goudron
|-singleturn|p2a: Goudron|Protect
|move|p1b: Iron Hands|Fake Out|p2b: Scream Tail
|-activate|p2b: Scream Tail|move: Protect
|move|p1a: Miraidon|Draco Meteor|p2a: Goudron
|-activate|p2a: Goudron|move: Protect
|
|-weather|SunnyDay|[upkeep]
|upkeep
|turn|2
|
|t:|1750857012
|switch|p1a: Whimsicott|Whimsicott, L50, M|100/100
|move|p2b: Scream Tail|Disable||[still]
|-fail|p2b: Scream Tail
|move|p2a: Goudron|Precipice Blades|p1b: Iron Hands|[spread] p1a
|-miss|p2a: Goudron|p1b: Iron Hands
|-resisted|p1a: Whimsicott
|-crit|p1a: Whimsicott
|-damage|p1a: Whimsicott|59/100
|move|p1b: Iron Hands|Low Kick|p2a: Goudron
|-damage|p2a: Goudron|41/100
|
|-weather|SunnyDay|[upkeep]
|upkeep
|turn|3
|inactive|JD Pope has 30 seconds left.
|inactive|Ludikrik has 30 seconds left.
|inactive|JD Pope has 20 seconds left.
|
|t:|1750857048
|switch|p2a: Moom|Lunala, L50|100/100
|move|p1a: Whimsicott|Tailwind|p1a: Whimsicott
|-sidestart|p1: JD Pope|move: Tailwind
|move|p2b: Scream Tail|Encore|p1b: Iron Hands
|-start|p1b: Iron Hands|Encore
|move|p1b: Iron Hands|Low Kick|p2a: Moom
|-immune|p2a: Moom
|
|-weather|SunnyDay|[upkeep]
|upkeep
|turn|4
|inactive|Ludikrik has 30 seconds left.
|inactive|JD Pope has 30 seconds left.
|inactive|Ludikrik has 20 seconds left.
|inactive|Ludikrik has 15 seconds left.
|inactive|Ludikrik has 10 seconds left.
|
|t:|1750857097
|-end|p1b: Iron Hands|Quark Drive|[silent]
|switch|p1b: Miraidon|Miraidon, L50|100/100
|-activate|p1b: Miraidon|ability: Hadron Engine
|move|p1a: Whimsicott|Fake Tears|p2a: Moom
|-unboost|p2a: Moom|spd|2
|move|p2b: Scream Tail|Encore|p1a: Whimsicott
|-start|p1a: Whimsicott|Encore
|move|p2a: Moom|Calm Mind|p2a: Moom
|-boost|p2a: Moom|spa|1
|-boost|p2a: Moom|spd|1
|
|-weather|SunnyDay|[upkeep]
|upkeep
|turn|5
|inactive|JD Pope has 30 seconds left.
|inactive|Ludikrik has 30 seconds left.
|
|t:|1750857135
|move|p2a: Moom|Protect|p2a: Moom
|-singleturn|p2a: Moom|Protect
|move|p1a: Whimsicott|Fake Tears|p2a: Moom
|-activate|p2a: Moom|move: Protect
|move|p1b: Miraidon|Volt Switch|p2a: Moom
|-activate|p2a: Moom|move: Protect
|move|p2b: Scream Tail|Disable|p1b: Miraidon
|-start|p1b: Miraidon|Disable|Volt Switch
|
|-weather|none
|-end|p2b: Scream Tail|Protosynthesis
|-fieldend|move: Electric Terrain
|upkeep
|-enditem|p2b: Scream Tail|Booster Energy
|-activate|p2b: Scream Tail|ability: Protosynthesis|[fromitem]
|-start|p2b: Scream Tail|protosynthesisspe
|turn|6
|
|t:|1750857160
|switch|p1b: Groudon|Groudon, L50|100/100
|-weather|SunnyDay|[from] ability: Drought|[of] p1b: Groudon
|switch|p1a: Iron Hands|Iron Hands, L50|100/100
|move|p2b: Scream Tail|Disable||[still]
|-fail|p2b: Scream Tail
|move|p2a: Moom|Calm Mind|p2a: Moom
|-boost|p2a: Moom|spa|1
|-boost|p2a: Moom|spd|1
|
|-weather|SunnyDay|[upkeep]
|-sideend|p1: JD Pope|move: Tailwind
|upkeep
|turn|7
|
|t:|1750857183
|-terastallize|p2a: Moom|Fairy
|move|p2b: Scream Tail|Protect|p2b: Scream Tail
|-singleturn|p2b: Scream Tail|Protect
|move|p2a: Moom|Moonblast|p1a: Iron Hands
|-supereffective|p1a: Iron Hands
|-damage|p1a: Iron Hands|0 fnt
|faint|p1a: Iron Hands
|-end|p1a: Iron Hands|Quark Drive|[silent]
|move|p1b: Groudon|Heat Crash|p2a: Moom
|-damage|p2a: Moom|73/100
|
|-weather|SunnyDay|[upkeep]
|-heal|p2a: Moom|79/100|[from] item: Leftovers
|upkeep
|
|t:|1750857200
|switch|p1a: Miraidon|Miraidon, L50|100/100
|-fieldstart|move: Electric Terrain|[from] ability: Hadron Engine|[of] p1a: Miraidon
|turn|8
|inactive|JD Pope has 30 seconds left.
|inactive|JD Pope has 20 seconds left.
|inactive|JD Pope has 15 seconds left.
|inactive|JD Pope has 10 seconds left.
|
|t:|1750857248
|-end|p2b: Scream Tail|Protosynthesis|[silent]
|switch|p2b: Pont|Ogerpon-Hearthflame, L50, F|100/100
|-ability|p2b: Pont|Mold Breaker
|-terastallize|p1b: Groudon|Fire
|move|p2a: Moom|Protect|p2a: Moom
|-singleturn|p2a: Moom|Protect
|move|p1a: Miraidon|Electro Drift|p2b: Pont
|-resisted|p2b: Pont
|-damage|p2b: Pont|21/100
|move|p1b: Groudon|Precipice Blades|p2b: Pont|[spread] p2b
|-activate|p2a: Moom|move: Protect
|-damage|p2b: Pont|0 fnt
|faint|p2b: Pont
|
|-weather|SunnyDay|[upkeep]
|-heal|p2a: Moom|86/100|[from] item: Leftovers
|upkeep
|
|t:|1750857264
|switch|p2b: Scream Tail|Scream Tail, L50|100/100
|-activate|p2b: Scream Tail|ability: Protosynthesis
|-start|p2b: Scream Tail|protosynthesisspe
|turn|9
|
|t:|1750857289
|move|p2b: Scream Tail|Disable|p1a: Miraidon
|-start|p1a: Miraidon|Disable|Electro Drift
|cant|p1a: Miraidon|Disable|Electro Drift
|move|p2a: Moom|Moongeist Beam|p1b: Groudon
|-damage|p1b: Groudon|13/100
|move|p1b: Groudon|Heat Crash|p2a: Moom
|-damage|p2a: Moom|0 fnt
|faint|p2a: Moom
|
|-weather|SunnyDay|[upkeep]
|upkeep
|
|t:|1750857299
|switch|p2a: Goudron|Groudon, L50|41/100
|turn|10
|
|t:|1750857324
|switch|p1a: Whimsicott|Whimsicott, L50, M|59/100
|move|p1b: Groudon|Protect|p1b: Groudon
|-singleturn|p1b: Groudon|Protect
|move|p2b: Scream Tail|Dazzling Gleam|p1b: Groudon|[spread] p1a
|-activate|p1b: Groudon|move: Protect
|-damage|p1a: Whimsicott|42/100
|move|p2a: Goudron|Precipice Blades|p1a: Whimsicott|[spread] p1a
|-activate|p1b: Groudon|move: Protect
|-resisted|p1a: Whimsicott
|-damage|p1a: Whimsicott|15/100
|
|-weather|none
|-end|p2b: Scream Tail|Protosynthesis
|upkeep
|turn|11
|inactive|JD Pope has 30 seconds left.
|inactive|Ludikrik has 30 seconds left.
|
|t:|1750857353
|switch|p1b: Miraidon|Miraidon, L50|100/100
|-activate|p1b: Miraidon|ability: Hadron Engine
|move|p2a: Goudron|Protect|p2a: Goudron
|-singleturn|p2a: Goudron|Protect
|move|p1a: Whimsicott|Encore|p2b: Scream Tail
|-start|p2b: Scream Tail|Encore
|move|p2b: Scream Tail|Dazzling Gleam|p1a: Whimsicott|[spread] p1a,p1b
|-supereffective|p1b: Miraidon
|-crit|p1b: Miraidon
|-damage|p1a: Whimsicott|0 fnt
|-damage|p1b: Miraidon|58/100
|faint|p1a: Whimsicott
|
|upkeep
|
|t:|1750857363
|switch|p1a: Groudon|Groudon, L50, tera:Fire|13/100
|-weather|SunnyDay|[from] ability: Drought|[of] p1a: Groudon
|-activate|p2b: Scream Tail|ability: Protosynthesis
|-start|p2b: Scream Tail|protosynthesisspe
|turn|12
|
|t:|1750857382
|move|p2b: Scream Tail|Dazzling Gleam|p1a: Groudon|[spread] p1a,p1b
|-resisted|p1a: Groudon
|-supereffective|p1b: Miraidon
|-damage|p1a: Groudon|7/100
|-damage|p1b: Miraidon|33/100
|move|p1b: Miraidon|Electro Drift|p2b: Scream Tail
|-damage|p2b: Scream Tail|0 fnt
|faint|p2b: Scream Tail
|-end|p2b: Scream Tail|Protosynthesis|[silent]
|move|p1a: Groudon|High Horsepower|p2a: Goudron
|-damage|p2a: Goudron|7/100
|move|p2a: Goudron|Precipice Blades|p1a: Groudon|[spread] p1a,p1b
|-supereffective|p1a: Groudon
|-supereffective|p1b: Miraidon
|-damage|p1a: Groudon|0 fnt
|-damage|p1b: Miraidon|0 fnt
|faint|p1a: Groudon
|faint|p1b: Miraidon
|
|win|Ludikrik
|raw|JD Pope's rating: 1568 &rarr; <strong>1550</strong><br />(-18 for losing)
|raw|Ludikrik's rating: 1606 &rarr; <strong>1624</strong><br />(+18 for winning)
|l|☆JD Pope
|player|p1|
|l|☆Ludikrik
|player|p2|
