|j|☆purplekisses
|j|☆Ahi981
|t:|1750855822
|gametype|doubles
|player|p1|purplekisses|169|1226
|player|p2|Ahi981|266|1285
|teamsize|p1|6
|teamsize|p2|6
|gen|9
|tier|[Gen 9] VGC 2025 Reg I
|rated|
|rule|Species Clause: Limit one of each Pokémon
|rule|Item Clause: Limit 1 of each item
|clearpoke
|poke|p1|Kyogre, L50|
|poke|p1|Moltres-Galar, L50|
|poke|p1|Raichu, L50, F|
|poke|p1|Amoonguss, L50, M|
|poke|p1|Zacian-*, L50|
|poke|p1|Urshifu-*, L50, F|
|poke|p2|Koraidon, L50|
|poke|p2|Terapagos, L50, M|
|poke|p2|Flutter Mane, L50|
|poke|p2|Rillaboom, L50, F|
|poke|p2|Incineroar, L50, F|
|poke|p2|Volcarona, L50, M|
|teampreview|4
Ahi981 rejected open team sheets.
|inactive|Battle timer is ON: inactive players will automatically lose when time's up. (requested by Ahi981)
|
|t:|1750855855
|start
|switch|p1a: Kyogre|Kyogre, L50|100/100
|switch|p1b: Raichu|Raichu, L50, F|100/100
|switch|p2a: Volcarona|Volcarona, L50, M|100/100
|switch|p2b: Terapagos|Terapagos, L50, M|100/100
|-activate|p2b: Terapagos|ability: Tera Shift
|detailschange|p2b: Terapagos|Terapagos-Terastal, L50, M
|-heal|p2b: Terapagos|100/100|[silent]
|-weather|RainDance|[from] ability: Drizzle|[of] p1a: Kyogre
|turn|1
|inactive|Ahi981 has 30 seconds left.
|
|t:|1750855889
|switch|p2a: Koraidon|Koraidon, L50|100/100
|-weather|SunnyDay|[from] ability: Orichalcum Pulse|[of] p2a: Koraidon
|-activate|p2a: Koraidon|Orichalcum Pulse|[source]
|move|p1b: Raichu|Nuzzle|p2a: Koraidon
|-resisted|p2a: Koraidon
|-damage|p2a: Koraidon|96/100
|-status|p2a: Koraidon|par
|move|p1a: Kyogre|Water Spout|p2b: Terapagos|[spread] p2a,p2b
|-resisted|p2a: Koraidon
|-activate|p2b: Terapagos|ability: Tera Shell
|-resisted|p2b: Terapagos
|-damage|p2a: Koraidon|76/100 par
|-damage|p2b: Terapagos|82/100
|move|p2b: Terapagos|Calm Mind|p2b: Terapagos
|-boost|p2b: Terapagos|spa|1
|-boost|p2b: Terapagos|spd|1
|
|-weather|SunnyDay|[upkeep]
|-heal|p2b: Terapagos|89/100|[from] item: Leftovers
|upkeep
|turn|2
|inactive|purplekisses has 30 seconds left.
|
|t:|1750855918
|switch|p1a: Moltres|Moltres-Galar, L50|100/100
|switch|p2a: Volcarona|Volcarona, L50, M|100/100
|move|p1b: Raichu|Nuzzle|p2b: Terapagos
|-damage|p2b: Terapagos|83/100
|-status|p2b: Terapagos|par
|move|p2b: Terapagos|Calm Mind|p2b: Terapagos
|-boost|p2b: Terapagos|spa|1
|-boost|p2b: Terapagos|spd|1
|
|-weather|SunnyDay|[upkeep]
|-heal|p2b: Terapagos|90/100 par|[from] item: Leftovers
|upkeep
|turn|3
|
|t:|1750855938
|-terastallize|p2b: Terapagos|Stellar
|detailschange|p2b: Terapagos|Terapagos-Stellar, L50, M, tera:Stellar
|-heal|p2b: Terapagos|92/100 par|[silent]
|-ability|p2b: Terapagos|Teraform Zero
|-weather|none
|move|p1b: Raichu|Nuzzle|p2a: Volcarona
|-damage|p2a: Volcarona|92/100
|-status|p2a: Volcarona|par
|-damage|p1b: Raichu|84/100|[from] item: Rocky Helmet|[of] p2a: Volcarona
|move|p1a: Moltres|Fiery Wrath|p2a: Volcarona|[spread] p2a,p2b
|-damage|p2a: Volcarona|68/100 par
|-damage|p2b: Terapagos|84/100 par
|cant|p2a: Volcarona|flinch
|move|p2b: Terapagos|Tera Starstorm|p1b: Raichu|[spread] p1a,p1b
|-damage|p1a: Moltres|61/100
|-damage|p1b: Raichu|0 fnt
|faint|p1b: Raichu
|
|-heal|p2b: Terapagos|90/100 par|[from] item: Leftovers
|upkeep
|
|t:|1750855957
|switch|p1b: Zacian|Zacian-Crowned, L50|100/100
|-ability|p1b: Zacian|Intrepid Sword|boost
|-boost|p1b: Zacian|atk|1
|turn|4
|
|t:|1750855966
|-terastallize|p1b: Zacian|Fairy
|cant|p2b: Terapagos|par
|move|p1b: Zacian|Sacred Sword|p2b: Terapagos
|-supereffective|p2b: Terapagos
|-damage|p2b: Terapagos|44/100 par
|move|p1a: Moltres|Fiery Wrath|p2b: Terapagos|[spread] p2a,p2b
|-damage|p2a: Volcarona|45/100 par
|-damage|p2b: Terapagos|34/100 par
|move|p2a: Volcarona|Overheat|p1b: Zacian
|-damage|p1b: Zacian|49/100
|-unboost|p2a: Volcarona|spa|2
|
|-heal|p2b: Terapagos|41/100 par|[from] item: Leftovers
|upkeep
|turn|5
|
|t:|1750855991
|move|p2b: Terapagos|Protect|p2b: Terapagos
|-singleturn|p2b: Terapagos|Protect
|move|p1b: Zacian|Sacred Sword|p2b: Terapagos
|-activate|p2b: Terapagos|move: Protect
|move|p1a: Moltres|Fiery Wrath|p2a: Volcarona|[spread] p2a
|-activate|p2b: Terapagos|move: Protect
|-damage|p2a: Volcarona|17/100 par
|move|p2a: Volcarona|Overheat|p1b: Zacian|[miss]
|-miss|p2a: Volcarona|p1b: Zacian
|
|-heal|p2b: Terapagos|47/100 par|[from] item: Leftovers
|upkeep
|turn|6
|
|t:|1750856012
|switch|p2a: Flutter Mane|Flutter Mane, L50|100/100
|cant|p2b: Terapagos|par
|move|p1b: Zacian|Sacred Sword|p2b: Terapagos
|-supereffective|p2b: Terapagos
|-damage|p2b: Terapagos|0 fnt
|faint|p2b: Terapagos
|detailschange|p2: Terapagos|Terapagos, L50, M|[silent]
|move|p1a: Moltres|Fiery Wrath|p2a: Flutter Mane
|-damage|p2a: Flutter Mane|61/100
|
|upkeep
|
|t:|1750856022
|switch|p2b: Koraidon|Koraidon, L50|76/100 par
|-weather|SunnyDay|[from] ability: Orichalcum Pulse|[of] p2b: Koraidon
|-activate|p2a: Flutter Mane|ability: Protosynthesis
|-start|p2a: Flutter Mane|protosynthesisspe
|-activate|p2b: Koraidon|Orichalcum Pulse|[source]
|turn|7
|
|t:|1750856034
|move|p2a: Flutter Mane|Shadow Ball|p1b: Zacian
|-damage|p1b: Zacian|11/100
|move|p1b: Zacian|Behemoth Blade|p2a: Flutter Mane
|-supereffective|p2a: Flutter Mane
|-damage|p2a: Flutter Mane|0 fnt
|faint|p2a: Flutter Mane
|-end|p2a: Flutter Mane|Protosynthesis|[silent]
|move|p1a: Moltres|Foul Play|p2b: Koraidon
|-resisted|p2b: Koraidon
|-damage|p2b: Koraidon|49/100 par
|move|p2b: Koraidon|Flare Blitz|p1b: Zacian
|-damage|p1b: Zacian|0 fnt
|faint|p1b: Zacian
|-damage|p2b: Koraidon|45/100 par|[from] Recoil
|-damage|p2b: Koraidon|35/100 par|[from] item: Life Orb
|
|-weather|SunnyDay|[upkeep]
|upkeep
|
|t:|1750856049
|switch|p2a: Volcarona|Volcarona, L50, M|17/100 par
|switch|p1b: Kyogre|Kyogre, L50|100/100
|-weather|RainDance|[from] ability: Drizzle|[of] p1b: Kyogre
|turn|8
|
|t:|1750856057
|move|p2b: Koraidon|Protect|p2b: Koraidon
|-singleturn|p2b: Koraidon|Protect
|move|p1a: Moltres|Fiery Wrath|p2b: Koraidon|[spread] p2a
|-activate|p2b: Koraidon|move: Protect
|-damage|p2a: Volcarona|0 fnt
|faint|p2a: Volcarona
|move|p1b: Kyogre|Water Spout|p2b: Koraidon
|-activate|p2b: Koraidon|move: Protect
|
|-weather|RainDance|[upkeep]
|upkeep
|turn|9
|-message|Ahi981 forfeited.
|
|win|purplekisses
|raw|purplekisses's rating: 1226 &rarr; <strong>1255</strong><br />(+29 for winning)
|raw|Ahi981's rating: 1285 &rarr; <strong>1256</strong><br />(-29 for losing)
|l|☆Ahi981
|player|p2|
|l|☆purplekisses
|player|p1|
