|j|☆Jungle211
|j|☆cheeseyfasheesey
|t:|1750814019
|gametype|doubles
|player|p1|Jungle211|hugh|1291
|player|p2|cheeseyfasheesey|musician|1237
|teamsize|p1|6
|teamsize|p2|6
|gen|9
|tier|[Gen 9] VGC 2025 Reg I
|rated|
|rule|Species Clause: Limit one of each Pokémon
|rule|Item Clause: Limit 1 of each item
|clearpoke
|poke|p1|Clefairy, L50, F|
|poke|p1|Zacian-*, L50|
|poke|p1|Perrserker, L50, M|
|poke|p1|Kyogre, L50|
|poke|p1|Chesnaught, L50, M|
|poke|p1|Incineroar, L50, M|
|poke|p2|Pelipper, L50, M|
|poke|p2|Landorus, L50, M|
|poke|p2|Basculegion, L50, M|
|poke|p2|Sableye, L50, F|
|poke|p2|Whimsicott, L50, M|
|poke|p2|Terrakion, L50|
|teampreview|4
|
|t:|1750814052
|start
|switch|p1a: Zacian|Zacian-Crowned, L50, shiny|100/100
|switch|p1b: Perrserker|Perrserker, L50, M|100/100
|switch|p2a: Whimsicott|Whimsicott, L50, M|100/100
|switch|p2b: Terrakion|Terrakion, L50|100/100
|-ability|p1a: Zacian|Intrepid Sword|boost
|-boost|p1a: Zacian|atk|1
|turn|1
|
|t:|1750814068
|-terastallize|p2b: Terrakion|Ghost
|move|p1b: Perrserker|Fake Out|p2a: Whimsicott
|-damage|p2a: Whimsicott|90/100
|move|p2b: Terrakion|Rock Slide|p1b: Perrserker|[spread] p1a,p1b
|-resisted|p1a: Zacian
|-resisted|p1b: Perrserker
|-damage|p1a: Zacian|86/100
|-damage|p1b: Perrserker|81/100
|cant|p1a: Zacian|flinch
|cant|p2a: Whimsicott|flinch
|
|-heal|p2a: Whimsicott|96/100|[from] item: Leftovers
|upkeep
|turn|2
|
|t:|1750814106
|-terastallize|p1a: Zacian|Ground
|move|p1b: Perrserker|Protect|p1b: Perrserker
|-singleturn|p1b: Perrserker|Protect
|move|p2b: Terrakion|Rock Slide|p1b: Perrserker|[spread] p1a
|-activate|p1b: Perrserker|move: Protect
|-resisted|p1a: Zacian
|-damage|p1a: Zacian|71/100
|move|p1a: Zacian|Behemoth Blade|p2a: Whimsicott
|-supereffective|p2a: Whimsicott
|-damage|p2a: Whimsicott|0 fnt
|faint|p2a: Whimsicott
|
|upkeep
|
|t:|1750814123
|switch|p2a: Pelipper|Pelipper, L50, M|100/100
|-weather|RainDance|[from] ability: Drizzle|[of] p2a: Pelipper
|turn|3
|
|t:|1750814137
|move|p2b: Terrakion|Rock Slide|p1a: Zacian|[spread] p1a,p1b
|-resisted|p1a: Zacian
|-resisted|p1b: Perrserker
|-damage|p1a: Zacian|55/100
|-damage|p1b: Perrserker|63/100
|move|p1a: Zacian|Play Rough|p2a: Pelipper
|-damage|p2a: Pelipper|20/100
|move|p1b: Perrserker|Iron Head|p2a: Pelipper
|-resisted|p2a: Pelipper
|-damage|p2a: Pelipper|0 fnt
|faint|p2a: Pelipper
|
|-weather|RainDance|[upkeep]
|upkeep
|
|t:|1750814148
|switch|p2a: Landorus|Landorus, L50, M|100/100
|turn|4
|
|t:|1750814165
|move|p1a: Zacian|Protect|p1a: Zacian
|-singleturn|p1a: Zacian|Protect
|move|p2b: Terrakion|Rock Slide|p1a: Zacian|[spread] 
|-activate|p1a: Zacian|move: Protect
|-miss|p2b: Terrakion|p1b: Perrserker
|move|p2a: Landorus|Weather Ball|p1a: Zacian
|-activate|p1a: Zacian|move: Protect
|move|p1b: Perrserker|Iron Head|p2a: Landorus
|-damage|p2a: Landorus|26/100
|
|-weather|RainDance|[upkeep]
|upkeep
|turn|5
|
|t:|1750814183
|move|p2b: Terrakion|Rock Slide|p1b: Perrserker|[spread] p1a
|-miss|p2b: Terrakion|p1b: Perrserker
|-resisted|p1a: Zacian
|-damage|p1a: Zacian|41/100
|cant|p1a: Zacian|flinch
|move|p2a: Landorus|Sandsear Storm|p1a: Zacian|[spread] p1a,p1b
|-supereffective|p1b: Perrserker
|-damage|p1a: Zacian|0 fnt
|-damage|p1b: Perrserker|0 fnt
|faint|p1a: Zacian
|faint|p1b: Perrserker
|
|-weather|RainDance|[upkeep]
|upkeep
|
|t:|1750814186
|switch|p1a: Incineroar|Incineroar, L50, M|100/100
|switch|p1b: Kyogre|Kyogre, L50|100/100
|-ability|p1a: Incineroar|Intimidate|boost
|-unboost|p2a: Landorus|atk|1
|-unboost|p2b: Terrakion|atk|1
|turn|6
|
|t:|1750814203
|move|p2b: Terrakion|Rock Slide|p1b: Kyogre|[spread] p1a,p1b
|-supereffective|p1a: Incineroar
|-damage|p1a: Incineroar|61/100
|-damage|p1b: Kyogre|76/100
|move|p1b: Kyogre|Hydro Pump|p2b: Terrakion
|-damage|p2b: Terrakion|0 fnt
|faint|p2b: Terrakion
|move|p2a: Landorus|Sandsear Storm|p1b: Kyogre|[spread] p1a,p1b
|-supereffective|p1a: Incineroar
|-crit|p1b: Kyogre
|-damage|p1a: Incineroar|0 fnt
|-damage|p1b: Kyogre|0 fnt
|faint|p1a: Incineroar
|faint|p1b: Kyogre
|
|win|cheeseyfasheesey
|raw|Jungle211's rating: 1291 &rarr; <strong>1262</strong><br />(-29 for losing)
|raw|cheeseyfasheesey's rating: 1237 &rarr; <strong>1266</strong><br />(+29 for winning)
|l|☆Jungle211
|player|p1|
|l|☆cheeseyfasheesey
|player|p2|
