|j|☆khal_draco1472
|j|☆thatoneguy1337
|t:|1750743167
|gametype|doubles
|player|p1|khal_draco1472|266|1506
|player|p2|thatoneguy1337|caitlin|1594
|teamsize|p1|6
|teamsize|p2|6
|gen|9
|tier|[Gen 9] VGC 2025 Reg I
|rated|
|rule|Species Clause: Limit one of each Pokémon
|rule|Item Clause: Limit 1 of each item
|clearpoke
|poke|p1|Calyrex-Shadow, L50|
|poke|p1|Koraidon, L50|
|poke|p1|Weezing-Galar, L50, M|
|poke|p1|Incineroar, L50, M|
|poke|p1|Walking Wake, L50|
|poke|p1|Chi-Yu, L50|
|poke|p2|Calyrex-Ice, L50|
|poke|p2|Miraidon, L50|
|poke|p2|Grimmsnarl, L50, M|
|poke|p2|Urshifu-*, L50, F|
|poke|p2|Incineroar, L50, F|
|poke|p2|Landorus, L50, M|
|teampreview|4
|inactive|Battle timer is ON: inactive players will automatically lose when time's up. (requested by khal_draco1472)
|
|t:|1750743187
|start
|switch|p1a: Koraidon|Koraidon, L50|100/100
|switch|p1b: Weezing|Weezing-Galar, L50, M, shiny|100/100
|switch|p2a: Miraidon|Miraidon, L50|100/100
|switch|p2b: Landorus|Landorus, L50, M|100/100
|-ability|p1b: Weezing|Neutralizing Gas
|-block|p1a: Koraidon|item: Ability Shield
|-weather|SunnyDay|[from] ability: Orichalcum Pulse|[of] p1a: Koraidon
|-activate|p1a: Koraidon|Orichalcum Pulse|[source]
|turn|1
|
|t:|1750743207
|-terastallize|p1a: Koraidon|Fire
|move|p1b: Weezing|Protect|p1b: Weezing
|-singleturn|p1b: Weezing|Protect
|move|p1a: Koraidon|Flare Blitz|p2b: Landorus
|-damage|p2b: Landorus|0 fnt
|faint|p2b: Landorus
|-damage|p1a: Koraidon|67/100|[from] Recoil
|move|p2a: Miraidon|Draco Meteor|p1a: Koraidon
|-damage|p1a: Koraidon|0 fnt
|-unboost|p2a: Miraidon|spa|2
|faint|p1a: Koraidon
|
|-weather|SunnyDay|[upkeep]
|upkeep
|
|t:|1750743231
|switch|p1a: Calyrex|Calyrex-Shadow, L50|100/100
|switch|p2b: Incineroar|Incineroar, L50, F|100/100
|-ability|p1a: Calyrex|As One
|-ability|p1a: Calyrex|Unnerve
|turn|2
|inactive|khal_draco1472 has 30 seconds left.
|
|t:|1750743260
|switch|p2a: Calyrex|Calyrex-Ice, L50|100/100
|-ability|p2a: Calyrex|As One
|-ability|p2a: Calyrex|Unnerve
|move|p1a: Calyrex|Protect|p1a: Calyrex
|-singleturn|p1a: Calyrex|Protect
|move|p2b: Incineroar|Knock Off|p1a: Calyrex
|-activate|p1a: Calyrex|move: Protect
|move|p1b: Weezing|Sludge Bomb|p2a: Calyrex
|-damage|p2a: Calyrex|84/100
|-status|p2a: Calyrex|psn
|
|-weather|SunnyDay|[upkeep]
|-heal|p2a: Calyrex|90/100 psn|[from] item: Leftovers
|-damage|p2a: Calyrex|78/100 psn|[from] psn
|upkeep
|turn|3
|
|t:|1750743273
|switch|p1a: Walking Wake|Walking Wake, L50|100/100
|-terastallize|p2a: Calyrex|Water
|move|p2b: Incineroar|Flare Blitz|p1a: Walking Wake
|-resisted|p1a: Walking Wake
|-damage|p1a: Walking Wake|85/100
|-damage|p2b: Incineroar|95/100|[from] Recoil
|move|p1b: Weezing|Taunt|p2a: Calyrex
|-start|p2a: Calyrex|move: Taunt
|move|p2a: Calyrex|Glacial Lance|p1b: Weezing|[spread] p1a,p1b
|-damage|p1a: Walking Wake|35/100
|-damage|p1b: Weezing|53/100
|
|-weather|SunnyDay|[upkeep]
|-heal|p2a: Calyrex|84/100 psn|[from] item: Leftovers
|-damage|p2a: Calyrex|72/100 psn|[from] psn
|upkeep
|turn|4
|
|t:|1750743293
|switch|p2b: Miraidon|Miraidon, L50|100/100
|move|p1a: Walking Wake|Hydro Steam|p2b: Miraidon
|-resisted|p2b: Miraidon
|-damage|p2b: Miraidon|81/100
|move|p1b: Weezing|Sludge Bomb|p2a: Calyrex
|-damage|p2a: Calyrex|56/100 psn
|move|p2a: Calyrex|Glacial Lance|p1b: Weezing|[spread] p1a,p1b
|-damage|p1a: Walking Wake|0 fnt
|-damage|p1b: Weezing|11/100
|faint|p1a: Walking Wake
|-end|p1a: Walking Wake|Protosynthesis|[silent]
|-ability|p2a: Calyrex|Chilling Neigh|boost
|-boost|p2a: Calyrex|atk|1
|
|-weather|SunnyDay|[upkeep]
|-heal|p2a: Calyrex|61/100 psn|[from] item: Leftovers
|-damage|p2a: Calyrex|49/100 psn|[from] psn
|upkeep
|
|t:|1750743297
|switch|p1a: Calyrex|Calyrex-Shadow, L50|100/100
|-ability|p1a: Calyrex|As One
|-ability|p1a: Calyrex|Unnerve
|turn|5
|
|t:|1750743307
|move|p1b: Weezing|Protect|p1b: Weezing
|-singleturn|p1b: Weezing|Protect
|move|p1a: Calyrex|Astral Barrage|p2b: Miraidon|[spread] p2a,p2b
|-damage|p2a: Calyrex|15/100 psn
|-damage|p2b: Miraidon|43/100
|move|p2b: Miraidon|Electro Drift|p1a: Calyrex
|-damage|p1a: Calyrex|22/100
|move|p2a: Calyrex|Glacial Lance|p1a: Calyrex|[spread] p1a
|-activate|p1b: Weezing|move: Protect
|-damage|p1a: Calyrex|0 fnt
|faint|p1a: Calyrex
|-ability|p2a: Calyrex|Chilling Neigh|boost
|-boost|p2a: Calyrex|atk|1
|
|-weather|none
|-heal|p2a: Calyrex|20/100 psn|[from] item: Leftovers
|-damage|p2a: Calyrex|8/100 psn|[from] psn
|-end|p2a: Calyrex|move: Taunt
|upkeep
|turn|6
|-message|khal_draco1472 forfeited.
|
|win|thatoneguy1337
|raw|khal_draco1472's rating: 1506 &rarr; <strong>1491</strong><br />(-15 for losing)
|raw|thatoneguy1337's rating: 1594 &rarr; <strong>1609</strong><br />(+15 for winning)
|l|☆khal_draco1472
|player|p1|
|l|☆thatoneguy1337
|player|p2|
