|j|☆Thevanmanbird
|j|☆gray hamster
|t:|1750873115
|gametype|doubles
|player|p1|Thevanmanbird|266|1088
|player|p2|gray hamster|gambler|1128
|teamsize|p1|6
|teamsize|p2|6
|gen|9
|tier|[Gen 9] VGC 2025 Reg I
|rated|
|rule|Species Clause: Limit one of each Pokémon
|rule|Item Clause: Limit 1 of each item
|clearpoke
|poke|p1|Koraidon, L50|
|poke|p1|Scovillain, L50, M|
|poke|p1|Miraidon, L50|
|poke|p1|Chesnaught, L50, M|
|poke|p1|Indeedee-F, L50, F|
|poke|p1|Serperior, L50, M|
|poke|p2|Scovillain, L50, M|
|poke|p2|Chesnaught, L50, F|
|poke|p2|Miraidon, L50|
|poke|p2|Koraidon, L50|
|poke|p2|Indeedee-F, L50, F|
|poke|p2|Clefairy, L50, M|
|teampreview|4
Thevanmanbird has agreed to open team sheets.
gray hamster has agreed to open team sheets.
|showteam|p1|Koraidon||ClearAmulet|OrichalcumPulse|CollisionCourse,FlareBlitz,FlameCharge,Protect||||||50|,,,,,Fire]Scovillain||FocusSash|Chlorophyll|Overheat,RagePowder,SpicyExtract,Protect|||M|||50|,,,,,Ghost]Miraidon||ChoiceScarf|HadronEngine|VoltSwitch,Snarl,DracoMeteor,ElectroDrift||||||50|,,,,,Electric]Chesnaught||ElectricSeed|Bulletproof|LeechSeed,WideGuard,BodyPress,SpikyShield|||M|||50|,,,,,Steel]Indeedee-F||PsychicSeed|PsychicSurge|HelpingHand,Psychic,FollowMe,Protect|||F|||50|,,,,,Fire]Serperior||MiracleSeed|Contrary|LeafStorm,TeraBlast,Protect,FrenzyPlant|||M|||50|,,,,,Stellar
|showteam|p2|Scovillain||FocusSash|Chlorophyll|Overheat,RagePowder,SpicyExtract,Protect|||M|||50|,,,,,Ghost]Chesnaught||ElectricSeed|Bulletproof|LeechSeed,WideGuard,BodyPress,SpikyShield|||F|||50|,,,,,Steel]Miraidon||ChoiceScarf|HadronEngine|VoltSwitch,Snarl,DracoMeteor,ElectroDrift||||||50|,,,,,Electric]Koraidon||ClearAmulet|OrichalcumPulse|CollisionCourse,FlareBlitz,FlameCharge,Protect||||||50|,,,,,Fire]Indeedee-F||PsychicSeed|PsychicSurge|HelpingHand,Psychic,FollowMe,Protect|||F|||50|,,,,,Fire]Clefairy||Eviolite|FriendGuard|FollowMe,AfterYou,Protect,LifeDew|||M|||50|,,,,,Ground
|inactive|Battle timer is ON: inactive players will automatically lose when time's up. (requested by Thevanmanbird)
|inactive|gray hamster has 60 seconds left.
|
|t:|1750873171
|start
|switch|p1a: Scovillain|Scovillain, L50, M|100/100
|switch|p1b: Koraidon|Koraidon, L50|100/100
|switch|p2a: Miraidon|Miraidon, L50|100/100
|switch|p2b: Clefairy|Clefairy, L50, M|100/100
|-fieldstart|move: Electric Terrain|[from] ability: Hadron Engine|[of] p2a: Miraidon
|-weather|SunnyDay|[from] ability: Orichalcum Pulse|[of] p1b: Koraidon
|-activate|p1b: Koraidon|Orichalcum Pulse|[source]
|turn|1
|inactive|Thevanmanbird has 30 seconds left.
|inactive|Thevanmanbird has 20 seconds left.
|inactive|Thevanmanbird has 15 seconds left.
|
|t:|1750873212
|move|p2b: Clefairy|Follow Me|p2b: Clefairy
|-singleturn|p2b: Clefairy|move: Follow Me
|move|p2a: Miraidon|Electro Drift|p1b: Koraidon
|-resisted|p1b: Koraidon
|-damage|p1b: Koraidon|52/100
|move|p1a: Scovillain|Spicy Extract|p2b: Clefairy
|-boost|p2b: Clefairy|atk|2
|-unboost|p2b: Clefairy|def|2
|move|p1b: Koraidon|Collision Course|p2b: Clefairy
|-resisted|p2b: Clefairy
|-damage|p2b: Clefairy|44/100
|
|-weather|SunnyDay|[upkeep]
|upkeep
|turn|2
|inactive|Thevanmanbird has 30 seconds left.
|
|t:|1750873239
|move|p1a: Scovillain|Rage Powder|p1a: Scovillain
|-singleturn|p1a: Scovillain|move: Rage Powder
|move|p2b: Clefairy|Follow Me|p2b: Clefairy
|-singleturn|p2b: Clefairy|move: Follow Me
|move|p2a: Miraidon|Electro Drift|p1a: Scovillain
|-resisted|p1a: Scovillain
|-damage|p1a: Scovillain|7/100
|move|p1b: Koraidon|Collision Course|p2b: Clefairy
|-resisted|p2b: Clefairy
|-damage|p2b: Clefairy|0 fnt
|faint|p2b: Clefairy
|
|-weather|SunnyDay|[upkeep]
|upkeep
|
|t:|1750873252
|switch|p2b: Koraidon|Koraidon, L50|100/100
|-activate|p2b: Koraidon|ability: Orichalcum Pulse
|turn|3
|
|t:|1750873275
|move|p2a: Miraidon|Electro Drift|p1b: Koraidon
|-resisted|p1b: Koraidon
|-damage|p1b: Koraidon|4/100
|move|p1a: Scovillain|Spicy Extract|p1b: Koraidon
|-fail|p1b: Koraidon|unboost|[from] item: Clear Amulet|[of] p1b: Koraidon
|-boost|p1b: Koraidon|atk|2
|move|p1b: Koraidon|Collision Course|p2a: Miraidon
|-damage|p2a: Miraidon|0 fnt
|faint|p2a: Miraidon
|move|p2b: Koraidon|Collision Course|p1b: Koraidon
|-damage|p1b: Koraidon|0 fnt
|faint|p1b: Koraidon
|
|-weather|SunnyDay|[upkeep]
|upkeep
|
|t:|1750873293
|switch|p2a: Chesnaught|Chesnaught, L50, F|100/100
|switch|p1b: Miraidon|Miraidon, L50|100/100
|-activate|p1b: Miraidon|ability: Hadron Engine
|-enditem|p2a: Chesnaught|Electric Seed
|-boost|p2a: Chesnaught|def|1|[from] item: Electric Seed
|turn|4
|inactive|Thevanmanbird has 30 seconds left.
|inactive|gray hamster has 30 seconds left.
|inactive|Thevanmanbird has 20 seconds left.
|inactive|gray hamster has 20 seconds left.
|
|t:|1750873333
|-terastallize|p1b: Miraidon|Electric
|move|p2b: Koraidon|Protect|p2b: Koraidon
|-singleturn|p2b: Koraidon|Protect
|move|p1a: Scovillain|Rage Powder|p1a: Scovillain
|-singleturn|p1a: Scovillain|move: Rage Powder
|move|p1b: Miraidon|Draco Meteor|p2b: Koraidon
|-activate|p2b: Koraidon|move: Protect
|move|p2a: Chesnaught|Body Press|p1a: Scovillain
|-damage|p1a: Scovillain|0 fnt
|faint|p1a: Scovillain
|
|-weather|SunnyDay|[upkeep]
|upkeep
|
|t:|1750873345
|switch|p1a: Chesnaught|Chesnaught, L50, M|100/100
|-enditem|p1a: Chesnaught|Electric Seed
|-boost|p1a: Chesnaught|def|1|[from] item: Electric Seed
|turn|5
|
|t:|1750873364
|-terastallize|p2b: Koraidon|Fire
|move|p1b: Miraidon|Draco Meteor|p2b: Koraidon
|-damage|p2b: Koraidon|7/100
|-unboost|p1b: Miraidon|spa|2
|move|p2b: Koraidon|Collision Course|p1b: Miraidon
|-damage|p1b: Miraidon|21/100
|move|p2a: Chesnaught|Body Press|p1a: Chesnaught
|-damage|p1a: Chesnaught|73/100
|move|p1a: Chesnaught|Leech Seed|p2b: Koraidon
|-start|p2b: Koraidon|move: Leech Seed
|
|-weather|none
|-damage|p2b: Koraidon|0 fnt|[from] Leech Seed|[of] p1a: Chesnaught
|-heal|p1a: Chesnaught|79/100|[silent]
|faint|p2b: Koraidon
|-fieldend|move: Electric Terrain
|upkeep
|turn|6
|inactive|Thevanmanbird has 30 seconds left.
|inactive|gray hamster has 30 seconds left.
|inactive|gray hamster has 20 seconds left.
|inactive|gray hamster has 15 seconds left.
|
|t:|1750873406
|move|p1a: Chesnaught|Spiky Shield|p1a: Chesnaught
|-singleturn|p1a: Chesnaught|move: Protect
|move|p1b: Miraidon|Draco Meteor|p2a: Chesnaught
|-damage|p2a: Chesnaught|55/100
|-unboost|p1b: Miraidon|spa|2
|move|p2a: Chesnaught|Body Press|p1b: Miraidon
|-damage|p1b: Miraidon|0 fnt
|faint|p1b: Miraidon
|
|upkeep
|turn|7
|
|t:|1750873420
|move|p2a: Chesnaught|Spiky Shield|p2a: Chesnaught
|-singleturn|p2a: Chesnaught|move: Protect
|move|p1a: Chesnaught|Body Press|p2a: Chesnaught
|-activate|p2a: Chesnaught|move: Protect
|-damage|p1a: Chesnaught|67/100|[from] Spiky Shield|[of] p2a: Chesnaught
|
|upkeep
|turn|8
|
|t:|1750873428
|move|p1a: Chesnaught|Spiky Shield|p1a: Chesnaught
|-singleturn|p1a: Chesnaught|move: Protect
|move|p2a: Chesnaught|Wide Guard||[still]
|-fail|p2a: Chesnaught
|
|upkeep
|turn|9
|
|t:|1750873442
|move|p1a: Chesnaught|Spiky Shield|p1a: Chesnaught
|-singleturn|p1a: Chesnaught|move: Protect
|move|p2a: Chesnaught|Body Press|p1a: Chesnaught
|-activate|p1a: Chesnaught|move: Protect
|-damage|p2a: Chesnaught|43/100|[from] Spiky Shield|[of] p1a: Chesnaught
|
|upkeep
|turn|10
|
|t:|1750873461
|move|p2a: Chesnaught|Spiky Shield|p2a: Chesnaught
|-singleturn|p2a: Chesnaught|move: Protect
|move|p1a: Chesnaught|Body Press|p2a: Chesnaught
|-activate|p2a: Chesnaught|move: Protect
|-damage|p1a: Chesnaught|54/100|[from] Spiky Shield|[of] p2a: Chesnaught
|
|upkeep
|turn|11
|
|t:|1750873476
|move|p1a: Chesnaught|Spiky Shield|p1a: Chesnaught
|-singleturn|p1a: Chesnaught|move: Protect
|move|p2a: Chesnaught|Spiky Shield||[still]
|-fail|p2a: Chesnaught
|
|upkeep
|turn|12
|
|t:|1750873484
|move|p2a: Chesnaught|Body Press|p1a: Chesnaught
|-damage|p1a: Chesnaught|29/100
|move|p1a: Chesnaught|Body Press|p2a: Chesnaught
|-damage|p2a: Chesnaught|16/100
|
|upkeep
|turn|13
|
|t:|1750873504
|move|p2a: Chesnaught|Wide Guard|p2a: Chesnaught
|-singleturn|p2a: Chesnaught|Wide Guard
|move|p1a: Chesnaught|Leech Seed|p2a: Chesnaught
|-immune|p2a: Chesnaught
|
|upkeep
|turn|14
|
|t:|1750873524
|move|p1a: Chesnaught|Spiky Shield|p1a: Chesnaught
|-singleturn|p1a: Chesnaught|move: Protect
|move|p2a: Chesnaught|Body Press|p1a: Chesnaught
|-activate|p1a: Chesnaught|move: Protect
|-damage|p2a: Chesnaught|3/100|[from] Spiky Shield|[of] p1a: Chesnaught
|
|upkeep
|turn|15
|
|t:|1750873539
|move|p1a: Chesnaught|Spiky Shield|p1a: Chesnaught
|-singleturn|p1a: Chesnaught|move: Protect
|move|p2a: Chesnaught|Wide Guard||[still]
|-fail|p2a: Chesnaught
|
|upkeep
|turn|16
|inactive|gray hamster has 30 seconds left.
|
|t:|1750873572
|move|p2a: Chesnaught|Body Press|p1a: Chesnaught
|-damage|p1a: Chesnaught|5/100
|move|p1a: Chesnaught|Leech Seed|p2a: Chesnaught
|-immune|p2a: Chesnaught
|
|upkeep
|turn|17
|inactive|gray hamster has 30 seconds left.
|
|t:|1750873603
|move|p2a: Chesnaught|Spiky Shield|p2a: Chesnaught
|-singleturn|p2a: Chesnaught|move: Protect
|move|p1a: Chesnaught|Spiky Shield||[still]
|-fail|p1a: Chesnaught
|
|upkeep
|turn|18
|
|t:|1750873620
|move|p2a: Chesnaught|Spiky Shield||[still]
|-fail|p2a: Chesnaught
|move|p1a: Chesnaught|Body Press|p2a: Chesnaught
|-damage|p2a: Chesnaught|0 fnt
|faint|p2a: Chesnaught
|
|win|Thevanmanbird
|raw|Thevanmanbird's rating: 1088 &rarr; <strong>1118</strong><br />(+30 for winning)
|raw|gray hamster's rating: 1128 &rarr; <strong>1100</strong><br />(-28 for losing)
|c|☆gray hamster|gg
|c|☆Thevanmanbird|Damn gg
|c|☆Thevanmanbird|that was super close
|c|☆gray hamster|bro that was fun
|l|☆gray hamster
|player|p2|
|l|☆Thevanmanbird
|player|p1|
