|j|☆lomoek
|j|☆CranidosKing147
|t:|1750740213
|gametype|doubles
|player|p1|lomoek|hoopster|1208
|player|p2|CranidosKing147|101|1228
|teamsize|p1|6
|teamsize|p2|6
|gen|9
|tier|[Gen 9] VGC 2025 Reg I
|rated|
|rule|Species Clause: Limit one of each Pokémon
|rule|Item Clause: Limit 1 of each item
|clearpoke
|poke|p1|Calyrex-Shadow, L50|
|poke|p1|Indeedee-F, L50, F|
|poke|p1|Zamazenta-*, L50|
|poke|p1|Pelipper, L50, F|
|poke|p1|Urshifu-*, L50, M|
|poke|p1|Amoonguss, L50, F|
|poke|p2|Calyrex-Ice, L50|
|poke|p2|Miraidon, L50|
|poke|p2|Scraggy, L50, F|
|poke|p2|Farigiraf, L50, M|
|poke|p2|Iron Hands, L50|
|poke|p2|Ursaluna-Bloodmoon, L50, M|
|teampreview|4
|inactive|Battle timer is ON: inactive players will automatically lose when time's up. (requested by lomoek)
|inactive|lomoek has 60 seconds left.
|
|t:|1750740245
|start
|switch|p1a: Calyrex|Calyrex-Shadow, L50|100/100
|switch|p1b: Indeedee|Indeedee-F, L50, F|100/100
|switch|p2a: Miraidon|Miraidon, L50|100/100
|switch|p2b: Farigiraf|Farigiraf, L50, M, shiny|100/100
|-ability|p1a: Calyrex|As One
|-ability|p1a: Calyrex|Unnerve
|-fieldstart|move: Electric Terrain|[from] ability: Hadron Engine|[of] p2a: Miraidon
|-enditem|p2b: Farigiraf|Electric Seed
|-boost|p2b: Farigiraf|def|1|[from] item: Electric Seed
|-fieldstart|move: Psychic Terrain|[from] ability: Psychic Surge|[of] p1b: Indeedee
|-enditem|p1b: Indeedee|Psychic Seed
|-boost|p1b: Indeedee|spd|1|[from] item: Psychic Seed
|turn|1
|inactive|CranidosKing147 has 30 seconds left.
|inactive|lomoek has 30 seconds left.
|
|t:|1750740276
|switch|p2a: Ursaluna|Ursaluna-Bloodmoon, L50, M|100/100
|switch|p1b: Amoonguss|Amoonguss, L50, F|100/100
|move|p1a: Calyrex|Calm Mind|p1a: Calyrex
|-boost|p1a: Calyrex|spa|1
|-boost|p1a: Calyrex|spd|1
|move|p2b: Farigiraf|Trick Room|p2b: Farigiraf
|-fieldstart|move: Trick Room|[of] p2b: Farigiraf
|
|upkeep
|turn|2
|
|t:|1750740295
|move|p1b: Amoonguss|Spore|p2a: Ursaluna
|-status|p2a: Ursaluna|slp|[from] move: Spore
|cant|p2a: Ursaluna|slp
|move|p2b: Farigiraf|Psychic|p1b: Amoonguss
|-supereffective|p1b: Amoonguss
|-damage|p1b: Amoonguss|28/100
|move|p1a: Calyrex|Draining Kiss|p2b: Farigiraf
|-damage|p2b: Farigiraf|72/100
|
|upkeep
|turn|3
|
|t:|1750740311
|move|p1b: Amoonguss|Spore|p2b: Farigiraf
|-status|p2b: Farigiraf|slp|[from] move: Spore
|-curestatus|p2a: Ursaluna|slp|[msg]
|move|p2a: Ursaluna|Hyper Voice|p1b: Amoonguss|[spread] p1a,p1b
|-damage|p1a: Calyrex|66/100
|-damage|p1b: Amoonguss|0 fnt
|faint|p1b: Amoonguss
|-damage|p2a: Ursaluna|91/100|[from] item: Life Orb
|cant|p2b: Farigiraf|slp
|move|p1a: Calyrex|Calm Mind|p1a: Calyrex
|-boost|p1a: Calyrex|spa|1
|-boost|p1a: Calyrex|spd|1
|
|upkeep
|
|t:|1750740330
|switch|p1b: Urshifu|Urshifu-Rapid-Strike, L50, M|100/100
|turn|4
|
|t:|1750740345
|-terastallize|p2a: Ursaluna|Normal
|move|p2a: Ursaluna|Hyper Voice|p1a: Calyrex|[spread] p1a,p1b
|-damage|p1a: Calyrex|35/100
|-damage|p1b: Urshifu|8/100
|-damage|p2a: Ursaluna|81/100|[from] item: Life Orb
|cant|p2b: Farigiraf|slp
|move|p1b: Urshifu|Surging Strikes|p2a: Ursaluna
|-crit|p2a: Ursaluna
|-damage|p2a: Ursaluna|63/100
|-crit|p2a: Ursaluna
|-damage|p2a: Ursaluna|45/100
|-crit|p2a: Ursaluna
|-damage|p2a: Ursaluna|27/100
|-hitcount|p2a: Ursaluna|3
|move|p1a: Calyrex|Draining Kiss|p2b: Farigiraf
|-damage|p2b: Farigiraf|32/100 slp
|-heal|p1a: Calyrex|74/100|[from] drain|[of] p2b: Farigiraf
|
|upkeep
|turn|5
|
|t:|1750740365
|switch|p2b: Calyrex|Calyrex-Ice, L50|100/100
|-ability|p2b: Calyrex|As One
|-ability|p2b: Calyrex|Unnerve
|move|p1b: Urshifu|Protect|p1b: Urshifu
|-singleturn|p1b: Urshifu|Protect
|move|p1a: Calyrex|Protect|p1a: Calyrex
|-singleturn|p1a: Calyrex|Protect
|move|p2a: Ursaluna|Hyper Voice|p1b: Urshifu|[spread] 
|-activate|p1a: Calyrex|move: Protect
|-activate|p1b: Urshifu|move: Protect
|
|-fieldend|move: Trick Room
|-fieldend|move: Psychic Terrain
|upkeep
|turn|6
|inactive|CranidosKing147 has 30 seconds left.
|
|t:|1750740398
|switch|p2a: Farigiraf|Farigiraf, L50, M, shiny|32/100 slp
|move|p1a: Calyrex|Astral Barrage|p2a: Farigiraf|[spread] p2b
|-immune|p2a: Farigiraf
|-supereffective|p2b: Calyrex
|-damage|p2b: Calyrex|0 fnt
|faint|p2b: Calyrex
|-ability|p1a: Calyrex|Grim Neigh|boost
|-boost|p1a: Calyrex|spa|1
|move|p1b: Urshifu|Surging Strikes|p2a: Farigiraf
|-crit|p2a: Farigiraf
|-damage|p2a: Farigiraf|14/100 slp
|-crit|p2a: Farigiraf
|-damage|p2a: Farigiraf|0 fnt
|faint|p2a: Farigiraf
|-hitcount|p2: Farigiraf|2
|
|upkeep
|
|t:|1750740413
|switch|p2a: Miraidon|Miraidon, L50|100/100
|switch|p2b: Ursaluna|Ursaluna-Bloodmoon, L50, M, tera:Normal|27/100
|-fieldstart|move: Electric Terrain|[from] ability: Hadron Engine|[of] p2a: Miraidon
|turn|7
|
|t:|1750740435
|switch|p1b: Indeedee|Indeedee-F, L50, F|100/100
|-fieldstart|move: Psychic Terrain|[from] ability: Psychic Surge|[of] p1b: Indeedee
|move|p1a: Calyrex|Draining Kiss|p2a: Miraidon
|-supereffective|p2a: Miraidon
|-damage|p2a: Miraidon|17/100
|-heal|p1a: Calyrex|100/100|[from] drain|[of] p2a: Miraidon
|move|p2a: Miraidon|Electro Drift|p1a: Calyrex
|-damage|p1a: Calyrex|61/100
|move|p2b: Ursaluna|Hyper Voice|p1b: Indeedee|[spread] p1a,p1b
|-damage|p1a: Calyrex|27/100
|-damage|p1b: Indeedee|23/100
|-damage|p2b: Ursaluna|17/100|[from] item: Life Orb
|
|upkeep
|turn|8
|inactive|lomoek has 30 seconds left.
|
|t:|1750740469
|move|p1a: Calyrex|Astral Barrage|p2a: Miraidon|[spread] p2a
|-immune|p2b: Ursaluna
|-damage|p2a: Miraidon|0 fnt
|faint|p2a: Miraidon
|-ability|p1a: Calyrex|Grim Neigh|boost
|-boost|p1a: Calyrex|spa|1
|move|p1b: Indeedee|Psychic|p2b: Ursaluna
|-damage|p2b: Ursaluna|0 fnt
|faint|p2b: Ursaluna
|
|win|lomoek
|raw|lomoek's rating: 1208 &rarr; <strong>1234</strong><br />(+26 for winning)
|raw|CranidosKing147's rating: 1228 &rarr; <strong>1202</strong><br />(-26 for losing)
|l|☆CranidosKing147
|player|p2|
|l|☆lomoek
|player|p1|
