|j|☆Lewissquire
|j|☆v4valentin3
|t:|1750777730
|gametype|doubles
|player|p1|Lewissquire|2|1462
|player|p2|v4valentin3|swimmerf|1527
|teamsize|p1|6
|teamsize|p2|6
|gen|9
|tier|[Gen 9] VGC 2025 Reg I
|rated|
|rule|Species Clause: Limit one of each Pokémon
|rule|Item Clause: Limit 1 of each item
|clearpoke
|poke|p1|Zamazenta-*, L50|
|poke|p1|Raging Bolt, L50|
|poke|p1|Incineroar, L50, M|
|poke|p1|Rillaboom, L50, M|
|poke|p1|Ogerpon-Hearthflame, L50, F|
|poke|p1|Calyrex-Shadow, L50|
|poke|p2|Calyrex-Ice, L50|
|poke|p2|Miraidon, L50|
|poke|p2|Sableye, L50, F|
|poke|p2|Volcarona, L50, F|
|poke|p2|Iron Treads, L50|
|poke|p2|Incineroar, L50, F|
|teampreview|4
|inactive|Battle timer is ON: inactive players will automatically lose when time's up. (requested by v4valentin3)
|inactive|v4valentin3 has 60 seconds left.
|
|t:|1750777765
|start
|switch|p1a: Rillaboom|Rillaboom, L50, M|100/100
|switch|p1b: Incineroar|Incineroar, L50, M|100/100
|switch|p2a: Volcarona|Volcarona, L50, F, shiny|100/100
|switch|p2b: Sableye|Sableye, L50, F|100/100
|-fieldstart|move: Grassy Terrain|[from] ability: Grassy Surge|[of] p1a: Rillaboom
|-ability|p1b: Incineroar|Intimidate|boost
|-unboost|p2a: Volcarona|atk|1
|-unboost|p2b: Sableye|atk|1
|turn|1
|inactive|Lewissquire has 30 seconds left.
|
|t:|1750777794
|move|p2b: Sableye|Reflect|p2b: Sableye
|-sidestart|p2: v4valentin3|Reflect
|move|p2a: Volcarona|Quiver Dance|p2a: Volcarona
|-boost|p2a: Volcarona|spa|1
|-boost|p2a: Volcarona|spd|1
|-boost|p2a: Volcarona|spe|1
|move|p1a: Rillaboom|Wood Hammer|p2b: Sableye
|-damage|p2b: Sableye|15/100
|-damage|p1a: Rillaboom|78/100|[from] Recoil
|move|p1b: Incineroar|Parting Shot|p2a: Volcarona
|-unboost|p2a: Volcarona|atk|1
|-unboost|p2a: Volcarona|spa|1
|
|t:|1750777808
|switch|p1b: Calyrex|Calyrex-Shadow, L50|100/100|[from] Parting Shot
|-ability|p1b: Calyrex|As One
|-ability|p1b: Calyrex|Unnerve
|
|-heal|p1a: Rillaboom|84/100|[from] Grassy Terrain
|-heal|p2b: Sableye|20/100|[from] Grassy Terrain
|upkeep
|turn|2
|
|t:|1750777823
|move|p2b: Sableye|Light Screen|p2b: Sableye
|-sidestart|p2: v4valentin3|move: Light Screen
|move|p2a: Volcarona|Quiver Dance|p2a: Volcarona
|-boost|p2a: Volcarona|spa|1
|-boost|p2a: Volcarona|spd|1
|-boost|p2a: Volcarona|spe|1
|move|p1b: Calyrex|Nasty Plot|p1b: Calyrex
|-boost|p1b: Calyrex|spa|2
|move|p1a: Rillaboom|U-turn|p2b: Sableye
|-damage|p2b: Sableye|0 fnt
|faint|p2b: Sableye
|
|t:|1750777835
|switch|p1a: Incineroar|Incineroar, L50, M|100/100|[from] U-turn
|-ability|p1a: Incineroar|Intimidate|boost
|-unboost|p2a: Volcarona|atk|1
|
|upkeep
|
|t:|1750777845
|switch|p2b: Calyrex|Calyrex-Ice, L50|100/100
|-ability|p2b: Calyrex|As One
|-ability|p2b: Calyrex|Unnerve
|turn|3
|
|t:|1750777869
|-terastallize|p2b: Calyrex|Fire
|move|p1a: Incineroar|Fake Out|p2b: Calyrex
|-damage|p2b: Calyrex|96/100
|move|p2a: Volcarona|Fiery Dance|p1b: Calyrex
|-damage|p1b: Calyrex|47/100
|-boost|p2a: Volcarona|spa|1
|move|p1b: Calyrex|Astral Barrage|p2b: Calyrex|[spread] p2a,p2b
|-crit|p2b: Calyrex
|-damage|p2a: Volcarona|67/100
|-damage|p2b: Calyrex|0 fnt
|faint|p2b: Calyrex
|-ability|p1b: Calyrex|Grim Neigh|boost
|-boost|p1b: Calyrex|spa|1
|-damage|p1b: Calyrex|37/100|[from] item: Life Orb
|
|-heal|p2a: Volcarona|73/100|[from] Grassy Terrain
|-heal|p1b: Calyrex|43/100|[from] Grassy Terrain
|upkeep
|
|t:|1750777881
|switch|p2b: Miraidon|Miraidon, L50|100/100
|-fieldstart|move: Electric Terrain|[from] ability: Hadron Engine|[of] p2b: Miraidon
|-enditem|p2a: Volcarona|Electric Seed
|-boost|p2a: Volcarona|def|1|[from] item: Electric Seed
|turn|4
|inactive|Lewissquire has 30 seconds left.
|
|t:|1750777913
|switch|p1a: Rillaboom|Rillaboom, L50, M|84/100
|-fieldstart|move: Grassy Terrain|[from] ability: Grassy Surge|[of] p1a: Rillaboom
|move|p1b: Calyrex|Protect|p1b: Calyrex
|-singleturn|p1b: Calyrex|Protect
|move|p2a: Volcarona|Fiery Dance|p1b: Calyrex
|-activate|p1b: Calyrex|move: Protect
|move|p2b: Miraidon|Electro Drift|p1a: Rillaboom
|-resisted|p1a: Rillaboom
|-damage|p1a: Rillaboom|63/100
|
|-heal|p2a: Volcarona|79/100|[from] Grassy Terrain
|-heal|p1b: Calyrex|49/100|[from] Grassy Terrain
|-heal|p1a: Rillaboom|69/100|[from] Grassy Terrain
|upkeep
|turn|5
|
|t:|1750777933
|move|p1a: Rillaboom|Fake Out|p2a: Volcarona
|-damage|p2a: Volcarona|68/100
|cant|p2a: Volcarona|flinch
|move|p1b: Calyrex|Astral Barrage|p2b: Miraidon|[spread] p2a,p2b
|-damage|p2a: Volcarona|27/100
|-damage|p2b: Miraidon|53/100
|-damage|p1b: Calyrex|39/100|[from] item: Life Orb
|move|p2b: Miraidon|Electro Drift|p1b: Calyrex
|-crit|p1b: Calyrex
|-damage|p1b: Calyrex|0 fnt
|faint|p1b: Calyrex
|
|-heal|p2a: Volcarona|33/100|[from] Grassy Terrain
|-heal|p2b: Miraidon|59/100|[from] Grassy Terrain
|-heal|p1a: Rillaboom|75/100|[from] Grassy Terrain
|-sideend|p2: v4valentin3|Reflect
|upkeep
|
|t:|1750777948
|switch|p1b: Zamazenta|Zamazenta-Crowned, L50|100/100
|-ability|p1b: Zamazenta|Dauntless Shield|boost
|-boost|p1b: Zamazenta|def|1
|turn|6
|
|t:|1750777966
|-terastallize|p1b: Zamazenta|Water
|move|p2a: Volcarona|Fiery Dance|p1a: Rillaboom
|-supereffective|p1a: Rillaboom
|-damage|p1a: Rillaboom|0 fnt
|-boost|p2a: Volcarona|spa|1
|faint|p1a: Rillaboom
|move|p2b: Miraidon|Electro Drift|p1b: Zamazenta
|-supereffective|p1b: Zamazenta
|-damage|p1b: Zamazenta|0 fnt
|faint|p1b: Zamazenta
|
|-heal|p2a: Volcarona|39/100|[from] Grassy Terrain
|-heal|p2b: Miraidon|65/100|[from] Grassy Terrain
|-sideend|p2: v4valentin3|move: Light Screen
|upkeep
|c|☆v4valentin3|ggwp
|inactive|Lewissquire has 30 seconds left.
|inactive|Lewissquire has 20 seconds left.
|inactive|Lewissquire has 15 seconds left.
|inactive|Lewissquire has 10 seconds left.
|inactive|Lewissquire has 5 seconds left.
|
|t:|1750778021
|switch|p1a: Incineroar|Incineroar, L50, M|100/100
|-ability|p1a: Incineroar|Intimidate|boost
|-unboost|p2a: Volcarona|atk|1
|-unboost|p2b: Miraidon|atk|1
|turn|7
|
|t:|1750778029
|move|p2a: Volcarona|Fiery Dance|p1a: Incineroar
|-resisted|p1a: Incineroar
|-damage|p1a: Incineroar|60/100
|move|p2b: Miraidon|Electro Drift|p1a: Incineroar
|-damage|p1a: Incineroar|13/100
|-damage|p2b: Miraidon|49/100|[from] item: Rocky Helmet|[of] p1a: Incineroar
|move|p1a: Incineroar|Knock Off|p2b: Miraidon
|-damage|p2b: Miraidon|15/100
|-enditem|p2b: Miraidon|Assault Vest|[from] move: Knock Off|[of] p1a: Incineroar
|
|-heal|p2a: Volcarona|45/100|[from] Grassy Terrain
|-heal|p2b: Miraidon|21/100|[from] Grassy Terrain
|-heal|p1a: Incineroar|19/100|[from] Grassy Terrain
|upkeep
|turn|8
|-message|Lewissquire forfeited.
|
|win|v4valentin3
|raw|Lewissquire's rating: 1462 &rarr; <strong>1446</strong><br />(-16 for losing)
|raw|v4valentin3's rating: 1527 &rarr; <strong>1543</strong><br />(+16 for winning)
