|j|☆Mini Lynx
|j|☆GangstaRob
|html|<table width="100%"><tr><td align="left">Mini Lynx</td><td align="right">GangstaRob</tr><tr><td align="left"><i class="fa fa-circle"></i> <i class="fa fa-circle-o"></i> </td><td align="right"><i class="fa fa-circle-o"></i> <i class="fa fa-circle-o"></i> </tr></table>
|uhtml|bestof|<h2><strong>Game 2</strong> of <a href="/game-bestof3-gen9vgc2025regi-2390540226">a best-of-3</a></h2>
|t:|1750726601
|gametype|doubles
|player|p1|Mini Lynx|acetrainer-gen4|
|player|p2|GangstaRob|2|
|teamsize|p1|6
|teamsize|p2|6
|gen|9
|tier|[Gen 9] VGC 2025 Reg I
|rule|Species Clause: Limit one of each Pokémon
|rule|Item Clause: Limit 1 of each item
|raw|<div class="infobox"><details class="readmore" open><summary><strong>1 custom rule:</strong></summary> Best of = 3</details></div>
|clearpoke
|poke|p1|Iron Bundle, L50|
|poke|p1|Murkrow, L50, M|
|poke|p1|Sylveon, L50, F|
|poke|p1|Landorus-Therian, L50, M|
|poke|p1|Chi-Yu, L50|
|poke|p1|Archaludon, L50, M|
|poke|p2|Hydreigon, L50, M|
|poke|p2|Dondozo, L50, F|
|poke|p2|Tatsugiri, L50, M|
|poke|p2|Scream Tail, L50|
|poke|p2|Flamigo, L50, F|
|poke|p2|Golurk, L50|
|teampreview|4
|
|t:|1750726626
|start
|switch|p1a: Lil Menace|Sylveon, L50, F, shiny|100/100
|switch|p1b: We Know|Murkrow, L50, M, shiny|100/100
|switch|p2a: Lazarus|Dondozo, L50, F|100/100
|switch|p2b: eaten|Tatsugiri, L50, M|100/100
|-activate|p2b: eaten|ability: Commander|[of] p2a: Lazarus
|-boost|p2a: Lazarus|atk|2
|-boost|p2a: Lazarus|spa|2
|-boost|p2a: Lazarus|spe|2
|-boost|p2a: Lazarus|def|2
|-boost|p2a: Lazarus|spd|2
|turn|1
|
|t:|1750726647
|move|p1a: Lil Menace|Protect|p1a: Lil Menace
|-singleturn|p1a: Lil Menace|Protect
|move|p1b: We Know|Feather Dance|p2a: Lazarus
|-unboost|p2a: Lazarus|atk|2
|move|p2a: Lazarus|Wave Crash|p1a: Lil Menace
|-activate|p1a: Lil Menace|move: Protect
|
|upkeep
|turn|2
|
|t:|1750726663
|move|p1b: We Know|Haze|p1b: We Know
|-clearallboost
|move|p1a: Lil Menace|Moonblast|p2a: Lazarus
|-crit|p2a: Lazarus
|-damage|p2a: Lazarus|40/100
|-unboost|p2a: Lazarus|spa|1
|move|p2a: Lazarus|Wave Crash|p1a: Lil Menace
|-damage|p1a: Lil Menace|38/100
|-damage|p2a: Lazarus|22/100|[from] Recoil
|
|upkeep
|turn|3
|j| KooksVGC
|
|t:|1750726689
|move|p1b: We Know|Brave Bird|p2b: eaten|[miss]
|-miss|p1b: We Know|p2b: eaten
|move|p1a: Lil Menace|Moonblast|p2a: Lazarus
|-damage|p2a: Lazarus|0 fnt
|faint|p2a: Lazarus
|
|upkeep
|
|t:|1750726719
|switch|p2a: Mokey Coma|Scream Tail, L50|100/100
|turn|4
|
|t:|1750726741
|switch|p1b: Goldengate|Archaludon, L50, M, shiny|100/100
|move|p1a: Lil Menace|Protect|p1a: Lil Menace
|-singleturn|p1a: Lil Menace|Protect
|move|p2a: Mokey Coma|Play Rough|p1a: Lil Menace
|-activate|p1a: Lil Menace|move: Protect
|move|p2b: eaten|Muddy Water|p1a: Lil Menace|[spread] p1b
|-activate|p1a: Lil Menace|move: Protect
|-resisted|p1b: Goldengate
|-damage|p1b: Goldengate|80/100
|-ability|p1b: Goldengate|Stamina|boost
|-boost|p1b: Goldengate|def|1
|
|-heal|p1b: Goldengate|86/100|[from] item: Leftovers
|upkeep
|turn|5
|
|t:|1750726771
|switch|p1a: We Know|Murkrow, L50, M, shiny|100/100
|move|p2a: Mokey Coma|Perish Song|p2a: Mokey Coma
|-start|p1a: We Know|perish3|[silent]
|-start|p1b: Goldengate|perish3|[silent]
|-start|p2a: Mokey Coma|perish3|[silent]
|-start|p2b: eaten|perish3|[silent]
|-fieldactivate|move: Perish Song
|move|p2b: eaten|Muddy Water|p1a: We Know|[spread] p1a,p1b
|-resisted|p1b: Goldengate
|-damage|p1a: We Know|53/100
|-damage|p1b: Goldengate|64/100
|-unboost|p1a: We Know|accuracy|1
|-ability|p1b: Goldengate|Stamina|boost
|-boost|p1b: Goldengate|def|1
|move|p1b: Goldengate|Flash Cannon|p2a: Mokey Coma
|-supereffective|p2a: Mokey Coma
|-damage|p2a: Mokey Coma|35/100
|
|-heal|p1b: Goldengate|70/100|[from] item: Leftovers
|-start|p2a: Mokey Coma|perish3
|-start|p2b: eaten|perish3
|-start|p1a: We Know|perish3
|-start|p1b: Goldengate|perish3
|upkeep
|turn|6
|
|t:|1750726804
|-end|p2a: Mokey Coma|Protosynthesis|[silent]
|switch|p2a: Switch 2|Hydreigon, L50, M|100/100
|move|p1a: We Know|Tailwind|p1a: We Know
|-sidestart|p1: Mini Lynx|move: Tailwind
|move|p1b: Goldengate|Body Press|p2b: eaten
|-damage|p2b: eaten|12/100
|move|p2b: eaten|Muddy Water|p1b: Goldengate|[spread] p1a,p1b
|-resisted|p1b: Goldengate
|-damage|p1a: We Know|6/100
|-damage|p1b: Goldengate|47/100
|-ability|p1b: Goldengate|Stamina|boost
|-boost|p1b: Goldengate|def|1
|
|-heal|p1b: Goldengate|53/100|[from] item: Leftovers
|-start|p1a: We Know|perish2
|-start|p1b: Goldengate|perish2
|-start|p2b: eaten|perish2
|upkeep
|turn|7
|
|t:|1750726851
|switch|p1a: Lion|Landorus-Therian, L50, M, shiny|100/100
|-ability|p1a: Lion|Intimidate|boost
|-unboost|p2a: Switch 2|atk|1
|-unboost|p2b: eaten|atk|1
|switch|p2a: Mokey Coma|Scream Tail, L50|35/100
|move|p1b: Goldengate|Body Press|p2a: Mokey Coma
|-resisted|p2a: Mokey Coma
|-damage|p2a: Mokey Coma|26/100
|move|p2b: eaten|Muddy Water|p1a: Lion|[spread] p1a,p1b
|-supereffective|p1a: Lion
|-resisted|p1b: Goldengate
|-damage|p1a: Lion|41/100
|-damage|p1b: Goldengate|30/100
|-unboost|p1b: Goldengate|accuracy|1
|-ability|p1b: Goldengate|Stamina|boost
|-boost|p1b: Goldengate|def|1
|
|-heal|p1b: Goldengate|37/100|[from] item: Leftovers
|-start|p1b: Goldengate|perish1
|-start|p2b: eaten|perish1
|upkeep
|turn|8
|
|t:|1750726907
|switch|p1b: We Know|Murkrow, L50, M, shiny|6/100
|move|p1a: Lion|Earthquake|p2a: Mokey Coma|[spread] p2a,p2b
|-immune|p1b: We Know
|-crit|p2b: eaten
|-damage|p2a: Mokey Coma|0 fnt
|-damage|p2b: eaten|0 fnt
|faint|p2a: Mokey Coma
|-end|p2a: Mokey Coma|Protosynthesis|[silent]
|faint|p2b: eaten
|
|upkeep
|
|t:|1750726917
|switch|p2b: Switch 2|Hydreigon, L50, M|100/100
|turn|9
|
|t:|1750726934
|switch|p1b: Goldengate|Archaludon, L50, M, shiny|37/100
|-terastallize|p2b: Switch 2|Steel
|move|p1a: Lion|Brick Break|p2b: Switch 2
|-supereffective|p2b: Switch 2
|-crit|p2b: Switch 2
|-damage|p2b: Switch 2|0 fnt
|faint|p2b: Switch 2
|
|win|Mini Lynx
|c|☆GangstaRob|gg
|c|☆Mini Lynx|gg
