|j|☆knockdown3s
|j|☆mewoneeee
|t:|1750859640
|gametype|doubles
|player|p1|knockdown3s|cynthia-gen4|1518
|player|p2|mewoneeee|smasher|1438
|teamsize|p1|6
|teamsize|p2|6
|gen|9
|tier|[Gen 9] VGC 2025 Reg I
|rated|
|rule|Species Clause: Limit one of each Pokémon
|rule|Item Clause: Limit 1 of each item
|clearpoke
|poke|p1|Lunala, L50|
|poke|p1|Ursaluna, L50, M|
|poke|p1|Whimsicott, L50, M|
|poke|p1|Urshifu-*, L50, M|
|poke|p1|Miraidon, L50|
|poke|p1|Incineroar, L50, F|
|poke|p2|Kyogre, L50|
|poke|p2|Miraidon, L50|
|poke|p2|Iron Treads, L50|
|poke|p2|Tornadus, L50, M|
|poke|p2|Brute Bonnet, L50|
|poke|p2|Iron Hands, L50|
|teampreview|4
|inactive|Battle timer is ON: inactive players will automatically lose when time's up. (requested by knockdown3s)
knockdown3s has agreed to open team sheets.
|
|t:|1750859659
|start
|switch|p1a: Incineroar|Incineroar, L50, F|100/100
|switch|p1b: Miraidon|Miraidon, L50|100/100
|switch|p2a: Miraidon|Miraidon, L50|100/100
|switch|p2b: Iron Treads|Iron Treads, L50|100/100
|-fieldstart|move: Electric Terrain|[from] ability: Hadron Engine|[of] p1b: Miraidon
|-activate|p2b: Iron Treads|ability: Quark Drive
|-start|p2b: Iron Treads|quarkdrivespe
|-activate|p2a: Miraidon|ability: Hadron Engine
|-ability|p1a: Incineroar|Intimidate|boost
|-unboost|p2a: Miraidon|atk|1
|-unboost|p2b: Iron Treads|atk|1
|turn|1
|inactive|knockdown3s has 30 seconds left.
|inactive|mewoneeee has 30 seconds left.
|inactive|knockdown3s has 20 seconds left.
|inactive|knockdown3s has 15 seconds left.
|inactive|knockdown3s has 10 seconds left.
|inactive|knockdown3s has 5 seconds left.
|
|t:|1750859713
|switch|p1b: Lunala|Lunala, L50|100/100
|-enditem|p1b: Lunala|Electric Seed
|-boost|p1b: Lunala|def|1|[from] item: Electric Seed
|move|p1a: Incineroar|Fake Out|p2b: Iron Treads
|-resisted|p2b: Iron Treads
|-damage|p2b: Iron Treads|96/100
|cant|p2b: Iron Treads|flinch
|move|p2a: Miraidon|Draco Meteor|p1b: Lunala
|-damage|p1b: Lunala|48/100
|-unboost|p2a: Miraidon|spa|2
|
|upkeep
|turn|2
|c|☆knockdown3s|really go for the tie huh ?
|inactive|knockdown3s has 30 seconds left.
|inactive|mewoneeee has 30 seconds left.
|
|t:|1750859739
|switch|p2a: Brute Bonnet|Brute Bonnet, L50|100/100
|switch|p1a: Ursaluna|Ursaluna, L50, M|100/100
|move|p2b: Iron Treads|Iron Head|p1b: Lunala
|-damage|p1b: Lunala|28/100
|-damage|p2b: Iron Treads|86/100|[from] item: Life Orb
|cant|p1b: Lunala|flinch
|
|-status|p1a: Ursaluna|brn|[from] item: Flame Orb
|upkeep
|turn|3
|c|☆knockdown3s|oh come on i clickd TR
|inactive|knockdown3s has 30 seconds left.
|inactive|mewoneeee has 30 seconds left.
|inactive|mewoneeee has 20 seconds left.
|
|t:|1750859779
|-end|p2b: Iron Treads|Quark Drive|[silent]
|switch|p2b: Iron Hands|Iron Hands, L50, shiny|100/100
|-activate|p2b: Iron Hands|ability: Quark Drive
|-start|p2b: Iron Hands|quarkdriveatk
|move|p2a: Brute Bonnet|Rage Powder|p2a: Brute Bonnet
|-singleturn|p2a: Brute Bonnet|move: Rage Powder
|move|p1a: Ursaluna|Facade|p2a: Brute Bonnet
|-damage|p2a: Brute Bonnet|17/100
|-damage|p1a: Ursaluna|84/100 brn|[from] item: Rocky Helmet|[of] p2a: Brute Bonnet
|move|p1b: Lunala|Trick Room|p1b: Lunala
|-fieldstart|move: Trick Room|[of] p1b: Lunala
|
|-damage|p1a: Ursaluna|78/100 brn|[from] brn
|upkeep
|turn|4
|inactive|knockdown3s has 30 seconds left.
|inactive|mewoneeee has 30 seconds left.
|
|t:|1750859813
|-terastallize|p2b: Iron Hands|Ice
|move|p2a: Brute Bonnet|Sucker Punch|p1b: Lunala
|-supereffective|p1b: Lunala
|-damage|p1b: Lunala|0 fnt
|faint|p1b: Lunala
|move|p2b: Iron Hands|Ice Punch|p1a: Ursaluna
|-supereffective|p1a: Ursaluna
|-damage|p1a: Ursaluna|0 fnt
|faint|p1a: Ursaluna
|
|upkeep
|c|☆knockdown3s|underspeed ?
|
|t:|1750859830
|switch|p1a: Incineroar|Incineroar, L50, F|100/100
|switch|p1b: Miraidon|Miraidon, L50|100/100
|-ability|p1a: Incineroar|Intimidate|boost
|-unboost|p2a: Brute Bonnet|atk|1
|-unboost|p2b: Iron Hands|atk|1
|-activate|p1b: Miraidon|ability: Hadron Engine
|turn|5
|
|t:|1750859842
|-end|p2b: Iron Hands|Quark Drive|[silent]
|switch|p2b: Iron Treads|Iron Treads, L50|86/100
|-activate|p2b: Iron Treads|ability: Quark Drive
|-start|p2b: Iron Treads|quarkdrivespe
|move|p2a: Brute Bonnet|Protect|p2a: Brute Bonnet
|-singleturn|p2a: Brute Bonnet|Protect
|move|p1a: Incineroar|Fake Out|p2b: Iron Treads
|-resisted|p2b: Iron Treads
|-damage|p2b: Iron Treads|82/100
|move|p1b: Miraidon|Dazzling Gleam|p2a: Brute Bonnet|[spread] p2b
|-activate|p2a: Brute Bonnet|move: Protect
|-resisted|p2b: Iron Treads
|-damage|p2b: Iron Treads|53/100
|
|-fieldend|move: Electric Terrain
|-end|p2b: Iron Treads|Quark Drive
|upkeep
|turn|6
|
|t:|1750859861
|-end|p2a: Brute Bonnet|Protosynthesis|[silent]
|switch|p2a: Iron Hands|Iron Hands, L50, shiny, tera:Ice|100/100
|-terastallize|p1b: Miraidon|Fairy
|move|p1a: Incineroar|Flare Blitz|p2b: Iron Treads
|-supereffective|p2b: Iron Treads
|-damage|p2b: Iron Treads|0 fnt
|faint|p2b: Iron Treads
|-end|p2b: Iron Treads|Quark Drive|[silent]
|-damage|p1a: Incineroar|86/100|[from] Recoil
|move|p1b: Miraidon|Dazzling Gleam|p2a: Iron Hands
|-damage|p2a: Iron Hands|59/100
|
|upkeep
|
|t:|1750859873
|switch|p2b: Brute Bonnet|Brute Bonnet, L50|17/100
|turn|7
|
|t:|1750859889
|move|p2b: Brute Bonnet|Sucker Punch|p1b: Miraidon
|-resisted|p1b: Miraidon
|-damage|p1b: Miraidon|87/100
|move|p2a: Iron Hands|Drain Punch|p1a: Incineroar
|-supereffective|p1a: Incineroar
|-damage|p1a: Incineroar|12/100
|-heal|p2a: Iron Hands|91/100|[from] drain|[of] p1a: Incineroar
|move|p1a: Incineroar|Flare Blitz|p2a: Iron Hands
|-supereffective|p2a: Iron Hands
|-damage|p2a: Iron Hands|36/100
|-damage|p1a: Incineroar|0 fnt|[from] Recoil
|faint|p1a: Incineroar
|move|p1b: Miraidon|Dazzling Gleam|p2a: Iron Hands|[spread] p2a,p2b
|-supereffective|p2b: Brute Bonnet
|-damage|p2a: Iron Hands|5/100
|-damage|p2b: Brute Bonnet|0 fnt
|faint|p2b: Brute Bonnet
|-end|p2b: Brute Bonnet|Protosynthesis|[silent]
|
|-fieldend|move: Trick Room
|upkeep
|
|t:|1750859904
|switch|p2b: Miraidon|Miraidon, L50|100/100
|-fieldstart|move: Electric Terrain|[from] ability: Hadron Engine|[of] p2b: Miraidon
|-activate|p2a: Iron Hands|ability: Quark Drive
|-start|p2a: Iron Hands|quarkdriveatk
|turn|8
|
|t:|1750859915
|move|p1b: Miraidon|Dazzling Gleam|p2a: Iron Hands|[spread] p2a,p2b
|-supereffective|p2b: Miraidon
|-damage|p2a: Iron Hands|0 fnt
|-damage|p2b: Miraidon|0 fnt
|faint|p2a: Iron Hands
|-end|p2a: Iron Hands|Quark Drive|[silent]
|faint|p2b: Miraidon
|
|win|knockdown3s
|raw|knockdown3s's rating: 1518 &rarr; <strong>1533</strong><br />(+15 for winning)
|raw|mewoneeee's rating: 1438 &rarr; <strong>1423</strong><br />(-15 for losing)
|l|☆knockdown3s
|player|p1|
|l|☆mewoneeee
|player|p2|
