|j|☆Lore805
|j|☆rmnew72
|t:|1750863159
|gametype|doubles
|player|p1|Lore805|1|1463
|player|p2|rmnew72|102|1494
|teamsize|p1|6
|teamsize|p2|6
|gen|9
|tier|[Gen 9] VGC 2025 Reg I
|rated|
|rule|Species Clause: Limit one of each Pokémon
|rule|Item Clause: Limit 1 of each item
|clearpoke
|poke|p1|Kyogre, L50|
|poke|p1|Calyrex-Ice, L50|
|poke|p1|Rillaboom, L50, F|
|poke|p1|Volcarona, L50, M|
|poke|p1|Raichu, L50, F|
|poke|p1|Tornadus, L50, M|
|poke|p2|Mimikyu, L50, F|
|poke|p2|Incineroar, L50, F|
|poke|p2|Calyrex-Ice, L50|
|poke|p2|Kyogre, L50|
|poke|p2|Weezing-Galar, L50, F|
|poke|p2|Rillaboom, L50, F|
|teampreview|4
|inactive|Battle timer is ON: inactive players will automatically lose when time's up. (requested by Lore805)
|inactive|Lore805 has 60 seconds left.
|inactive|Lore805 has 30 seconds left.
|
|t:|1750863224
|start
|switch|p1a: Kyogre|Kyogre, L50|100/100
|switch|p1b: Raichu|Raichu, L50, F|100/100
|switch|p2a: Mimikyu|Mimikyu, L50, F|100/100
|switch|p2b: Incineroar|Incineroar, L50, F|100/100
|-weather|RainDance|[from] ability: Drizzle|[of] p1a: Kyogre
|-ability|p2b: Incineroar|Intimidate|boost
|-unboost|p1a: Kyogre|atk|1
|-unboost|p1b: Raichu|atk|1
|turn|1
|
|t:|1750863236
|switch|p2b: Kyogre|Kyogre, L50|100/100
|move|p1b: Raichu|Fake Out|p2b: Kyogre
|-damage|p2b: Kyogre|94/100
|move|p1a: Kyogre|Water Spout|p2b: Kyogre|[spread] p2a,p2b
|-resisted|p2b: Kyogre
|-activate|p2a: Mimikyu|ability: Disguise
|-damage|p2a: Mimikyu|100/100
|-damage|p2b: Kyogre|53/100
|detailschange|p2a: Mimikyu|Mimikyu-Busted, L50, F
|-damage|p2a: Mimikyu|88/100|[from] pokemon: Mimikyu-Busted
|move|p2a: Mimikyu|Trick Room|p2a: Mimikyu
|-fieldstart|move: Trick Room|[of] p2a: Mimikyu
|
|-weather|RainDance|[upkeep]
|-heal|p2b: Kyogre|59/100|[from] item: Leftovers
|upkeep
|turn|2
|
|t:|1750863253
|move|p2a: Mimikyu|Shadow Sneak|p1b: Raichu
|-damage|p1b: Raichu|65/100
|move|p2b: Kyogre|Origin Pulse|p1b: Raichu|[spread] p1a,p1b
|-resisted|p1a: Kyogre
|-damage|p1a: Kyogre|78/100
|-damage|p1b: Raichu|0 fnt
|faint|p1b: Raichu
|move|p1a: Kyogre|Origin Pulse|p2b: Kyogre|[spread] p2a,p2b
|-resisted|p2b: Kyogre
|-damage|p2a: Mimikyu|0 fnt
|-damage|p2b: Kyogre|34/100
|faint|p2a: Mimikyu
|
|-weather|RainDance|[upkeep]
|-heal|p2b: Kyogre|40/100|[from] item: Leftovers
|upkeep
|
|t:|1750863266
|switch|p2a: Calyrex|Calyrex-Ice, L50|100/100
|switch|p1b: Calyrex|Calyrex-Ice, L50|100/100
|-ability|p2a: Calyrex|As One
|-ability|p2a: Calyrex|Unnerve
|-ability|p1b: Calyrex|As One
|-ability|p1b: Calyrex|Unnerve
|turn|3
|
|t:|1750863274
|move|p2b: Kyogre|Protect|p2b: Kyogre
|-singleturn|p2b: Kyogre|Protect
|move|p2a: Calyrex|Glacial Lance|p1a: Kyogre|[spread] p1a,p1b
|-resisted|p1a: Kyogre
|-resisted|p1b: Calyrex
|-damage|p1a: Kyogre|58/100
|-damage|p1b: Calyrex|84/100
|move|p1a: Kyogre|Water Spout|p2a: Calyrex|[spread] p2a
|-activate|p2b: Kyogre|move: Protect
|-damage|p2a: Calyrex|61/100
|move|p1b: Calyrex|Trick Room|p1b: Calyrex
|-fieldend|move: Trick Room
|
|-weather|RainDance|[upkeep]
|-heal|p2b: Kyogre|46/100|[from] item: Leftovers
|upkeep
|turn|4
|
|t:|1750863293
|move|p1a: Kyogre|Water Spout|p2a: Calyrex|[spread] p2a,p2b
|-resisted|p2b: Kyogre
|-damage|p2a: Calyrex|23/100
|-damage|p2b: Kyogre|26/100
|move|p2b: Kyogre|Origin Pulse|p1b: Calyrex|[spread] p1b
|-miss|p2b: Kyogre|p1a: Kyogre
|-damage|p1b: Calyrex|40/100
|move|p1b: Calyrex|Glacial Lance|p2a: Calyrex|[spread] p2a,p2b
|-resisted|p2a: Calyrex
|-resisted|p2b: Kyogre
|-damage|p2a: Calyrex|4/100
|-damage|p2b: Kyogre|0 fnt
|faint|p2b: Kyogre
|-ability|p1b: Calyrex|Chilling Neigh|boost
|-boost|p1b: Calyrex|atk|1
|move|p2a: Calyrex|Glacial Lance|p1a: Kyogre|[spread] p1a,p1b
|-resisted|p1a: Kyogre
|-resisted|p1b: Calyrex
|-damage|p1a: Kyogre|37/100
|-damage|p1b: Calyrex|26/100
|
|-weather|RainDance|[upkeep]
|upkeep
|
|t:|1750863310
|switch|p2b: Incineroar|Incineroar, L50, F|100/100
|-ability|p2b: Incineroar|Intimidate|boost
|-unboost|p1a: Kyogre|atk|1
|-unboost|p1b: Calyrex|atk|1
|turn|5
|
|t:|1750863322
|move|p2b: Incineroar|Fake Out|p1a: Kyogre
|-damage|p1a: Kyogre|29/100
|cant|p1a: Kyogre|flinch
|move|p1b: Calyrex|Glacial Lance|p2b: Incineroar|[spread] p2a,p2b
|-resisted|p2a: Calyrex
|-resisted|p2b: Incineroar
|-damage|p2a: Calyrex|0 fnt
|-damage|p2b: Incineroar|70/100
|faint|p2a: Calyrex
|-ability|p1b: Calyrex|Chilling Neigh|boost
|-boost|p1b: Calyrex|atk|1
|
|-weather|none
|upkeep
|turn|6
|
|t:|1750863332
|-terastallize|p1a: Kyogre|Water
|-terastallize|p2b: Incineroar|Ghost
|move|p1a: Kyogre|Tera Blast|p2b: Incineroar|[anim] Tera Blast Water
|-damage|p2b: Incineroar|25/100
|move|p1b: Calyrex|Glacial Lance|p2b: Incineroar
|-damage|p2b: Incineroar|0 fnt
|faint|p2b: Incineroar
|
|win|Lore805
|raw|Lore805's rating: 1463 &rarr; <strong>1485</strong><br />(+22 for winning)
|raw|rmnew72's rating: 1494 &rarr; <strong>1472</strong><br />(-22 for losing)
|l|☆rmnew72
|player|p2|
|l|☆Lore805
|player|p1|
