|j|☆PROSPECTxONE
|j|☆Jackfruit Chicago
|t:|1750776130
|gametype|doubles
|player|p1|PROSPECTxONE|giovanni|1195
|player|p2|Jackfruit Chicago|169|1167
|teamsize|p1|6
|teamsize|p2|6
|gen|9
|tier|[Gen 9] VGC 2025 Reg I
|rated|
|rule|Species Clause: Limit one of each Pokémon
|rule|Item Clause: Limit 1 of each item
|clearpoke
|poke|p1|Lunala, L50|
|poke|p1|Incineroar, L50, M|
|poke|p1|Rillaboom, L50, M|
|poke|p1|Talonflame, L50, F|
|poke|p1|Terapagos, L50, M|
|poke|p1|Urshifu-*, L50, M|
|poke|p2|Calyrex-Shadow, L50|
|poke|p2|Koraidon, L50|
|poke|p2|Flutter Mane, L50|
|poke|p2|Jumpluff, L50, M|
|poke|p2|Incineroar, L50, F|
|poke|p2|Amoonguss, L50, M|
|teampreview|4
|inactive|Battle timer is ON: inactive players will automatically lose when time's up. (requested by PROSPECTxONE)
|
|t:|1750776141
|start
|switch|p1a: Urshifu|Urshifu, L50, M|100/100
|switch|p1b: Talonflame|Talonflame, L50, F|100/100
|switch|p2a: Koraidon|Koraidon, L50|100/100
|switch|p2b: Amoonguss|Amoonguss, L50, M|100/100
|-weather|SunnyDay|[from] ability: Orichalcum Pulse|[of] p2a: Koraidon
|-activate|p2a: Koraidon|Orichalcum Pulse|[source]
|turn|1
|inactive|PROSPECTxONE has 30 seconds left.
|inactive|Jackfruit Chicago has 30 seconds left.
|inactive|Jackfruit Chicago has 20 seconds left.
|
|t:|1750776178
|switch|p1a: Lunala|Lunala, L50|100/100
|move|p2b: Amoonguss|Rage Powder|p2b: Amoonguss
|-singleturn|p2b: Amoonguss|move: Rage Powder
|move|p2a: Koraidon|Close Combat|p1a: Lunala
|-immune|p1a: Lunala
|move|p1b: Talonflame|Taunt|p2b: Amoonguss
|-start|p2b: Amoonguss|move: Taunt
|
|-weather|SunnyDay|[upkeep]
|upkeep
|turn|2
|inactive|Jackfruit Chicago has 30 seconds left.
|
|t:|1750776203
|move|p1b: Talonflame|Tailwind|p1b: Talonflame
|-sidestart|p1: PROSPECTxONE|move: Tailwind
|move|p1a: Lunala|Psyshock|p2a: Koraidon
|-supereffective|p2a: Koraidon
|-damage|p2a: Koraidon|0 fnt
|faint|p2a: Koraidon
|move|p2b: Amoonguss|Pollen Puff|p1a: Lunala
|-damage|p1a: Lunala|94/100
|
|-weather|SunnyDay|[upkeep]
|upkeep
|
|t:|1750776216
|switch|p2a: Incineroar|Incineroar, L50, F|100/100
|-ability|p2a: Incineroar|Intimidate|boost
|-unboost|p1a: Lunala|atk|1
|-unboost|p1b: Talonflame|atk|1
|turn|3
|
|t:|1750776229
|switch|p1a: Urshifu|Urshifu, L50, M|100/100
|switch|p2b: Jumpluff|Jumpluff, L50, M|100/100
|move|p1b: Talonflame|Protect|p1b: Talonflame
|-singleturn|p1b: Talonflame|Protect
|move|p2a: Incineroar|Fake Out|p1b: Talonflame
|-activate|p1b: Talonflame|move: Protect
|
|-weather|SunnyDay|[upkeep]
|upkeep
|turn|4
|inactive|Jackfruit Chicago has 30 seconds left.
|
|t:|1750776263
|switch|p2a: Amoonguss|Amoonguss, L50, M|100/100
|move|p1b: Talonflame|Brave Bird|p2b: Jumpluff
|-supereffective|p2b: Jumpluff
|-damage|p2b: Jumpluff|17/100
|-damage|p1b: Talonflame|68/100|[from] Recoil
|move|p2b: Jumpluff|Encore|p1b: Talonflame
|-start|p1b: Talonflame|Encore
|move|p1a: Urshifu|Close Combat|p2a: Amoonguss
|-resisted|p2a: Amoonguss
|-damage|p2a: Amoonguss|60/100
|-unboost|p1a: Urshifu|def|1
|-unboost|p1a: Urshifu|spd|1
|
|-weather|SunnyDay|[upkeep]
|-heal|p2b: Jumpluff|23/100|[from] item: Leftovers
|upkeep
|turn|5
|inactive|PROSPECTxONE has 30 seconds left.
|inactive|Jackfruit Chicago has 30 seconds left.
|inactive|Jackfruit Chicago has 20 seconds left.
|
|t:|1750776300
|move|p2a: Amoonguss|Rage Powder|p2a: Amoonguss
|-singleturn|p2a: Amoonguss|move: Rage Powder
|move|p1b: Talonflame|Brave Bird|p2a: Amoonguss
|-supereffective|p2a: Amoonguss
|-damage|p2a: Amoonguss|0 fnt
|faint|p2a: Amoonguss
|-damage|p1b: Talonflame|39/100|[from] Recoil
|move|p2b: Jumpluff|Sleep Powder|p1a: Urshifu|[miss]
|-miss|p2b: Jumpluff|p1a: Urshifu
|move|p1a: Urshifu|Wicked Blow|p2b: Jumpluff
|-crit|p2b: Jumpluff
|-damage|p2b: Jumpluff|0 fnt
|faint|p2b: Jumpluff
|
|-weather|none
|-sideend|p1: PROSPECTxONE|move: Tailwind
|upkeep
|
|t:|1750776317
|switch|p2b: Incineroar|Incineroar, L50, F|100/100
|-ability|p2b: Incineroar|Intimidate|boost
|-unboost|p1a: Urshifu|atk|1
|-unboost|p1b: Talonflame|atk|1
|turn|6
|
|t:|1750776332
|switch|p1b: Lunala|Lunala, L50|94/100
|move|p2b: Incineroar|Fake Out|p1a: Urshifu
|-damage|p1a: Urshifu|82/100
|cant|p1a: Urshifu|flinch
|
|upkeep
|turn|7
|
|t:|1750776348
|switch|p1a: Talonflame|Talonflame, L50, F|39/100
|-terastallize|p1b: Lunala|Fairy
|-terastallize|p2b: Incineroar|Fire
|move|p1b: Lunala|Moonblast|p2b: Incineroar
|-resisted|p2b: Incineroar
|-damage|p2b: Incineroar|65/100
|-unboost|p2b: Incineroar|spa|1
|move|p2b: Incineroar|Flare Blitz|p1a: Talonflame
|-resisted|p1a: Talonflame
|-damage|p1a: Talonflame|0 fnt
|faint|p1a: Talonflame
|-damage|p2b: Incineroar|55/100|[from] Recoil
|
|upkeep
|
|t:|1750776365
|switch|p1a: Terapagos|Terapagos, L50, M|100/100
|-activate|p1a: Terapagos|ability: Tera Shift
|detailschange|p1a: Terapagos|Terapagos-Terastal, L50, M
|-heal|p1a: Terapagos|100/100|[silent]
|turn|8
|
|t:|1750776375
|move|p1b: Lunala|Moonblast|p2b: Incineroar
|-resisted|p2b: Incineroar
|-damage|p2b: Incineroar|22/100
|-unboost|p2b: Incineroar|spa|1
|-enditem|p2b: Incineroar|Sitrus Berry|[eat]
|-heal|p2b: Incineroar|47/100|[from] item: Sitrus Berry
|move|p1a: Terapagos|Power Gem|p2b: Incineroar
|-supereffective|p2b: Incineroar
|-damage|p2b: Incineroar|0 fnt
|faint|p2b: Incineroar
|-damage|p1a: Terapagos|91/100|[from] item: Life Orb
|
|win|PROSPECTxONE
|raw|PROSPECTxONE's rating: 1195 &rarr; <strong>1218</strong><br />(+23 for winning)
|raw|Jackfruit Chicago's rating: 1167 &rarr; <strong>1144</strong><br />(-23 for losing)
|l|☆Jackfruit Chicago
|player|p2|
|l|☆PROSPECTxONE
|player|p1|
