|j|☆parrotboy
|j|☆smite nite
|t:|1750742724
|gametype|doubles
|player|p1|parrotboy|hiker-gen4|1322
|player|p2|smite nite|169|1379
|teamsize|p1|6
|teamsize|p2|6
|gen|9
|tier|[Gen 9] VGC 2025 Reg I
|rated|
|rule|Species Clause: Limit one of each Pokémon
|rule|Item Clause: Limit 1 of each item
|clearpoke
|poke|p1|Flutter Mane, L50|
|poke|p1|Koraidon, L50|
|poke|p1|Scream Tail, L50|
|poke|p1|Gothitelle, L50, F|
|poke|p1|Incineroar, L50, F|
|poke|p1|Calyrex-Ice, L50|
|poke|p2|Calyrex-Ice, L50|
|poke|p2|Miraidon, L50|
|poke|p2|Ursaluna, L50, M|
|poke|p2|Volcarona, L50, M|
|poke|p2|Grimmsnarl, L50, M|
|poke|p2|Iron Hands, L50|
|teampreview|4
|inactive|Battle timer is ON: inactive players will automatically lose when time's up. (requested by smite nite)
|
|t:|1750742742
|start
|switch|p1a: Calyrex|Calyrex-Ice, L50|100/100
|switch|p1b: Gothitelle|Gothitelle, L50, F|100/100
|switch|p2a: Grimmsnarl|Grimmsnarl, L50, M|100/100
|switch|p2b: Miraidon|Miraidon, L50|100/100
|-ability|p1a: Calyrex|As One
|-ability|p1a: Calyrex|Unnerve
|-fieldstart|move: Electric Terrain|[from] ability: Hadron Engine|[of] p2b: Miraidon
|turn|1
|
|t:|1750742761
|-terastallize|p2b: Miraidon|Fairy
|-terastallize|p1a: Calyrex|Ground
|move|p1b: Gothitelle|Fake Out|p2b: Miraidon
|-damage|p2b: Miraidon|96/100
|move|p2a: Grimmsnarl|Reflect|p2a: Grimmsnarl
|-sidestart|p2: smite nite|Reflect
|cant|p2b: Miraidon|flinch
|move|p1a: Calyrex|Glacial Lance|p2a: Grimmsnarl|[spread] p2a,p2b
|-damage|p2a: Grimmsnarl|61/100
|-damage|p2b: Miraidon|64/100
|
|upkeep
|turn|2
|
|t:|1750742781
|move|p1b: Gothitelle|Protect|p1b: Gothitelle
|-singleturn|p1b: Gothitelle|Protect
|move|p2a: Grimmsnarl|Thunder Wave|p1b: Gothitelle
|-activate|p1b: Gothitelle|move: Protect
|move|p2b: Miraidon|Draco Meteor|p1a: Calyrex
|-damage|p1a: Calyrex|0 fnt
|-unboost|p2b: Miraidon|spa|2
|faint|p1a: Calyrex
|
|upkeep
|
|t:|1750742792
|switch|p1a: Scream Tail|Scream Tail, L50|100/100
|-enditem|p1a: Scream Tail|Booster Energy
|-activate|p1a: Scream Tail|ability: Protosynthesis|[fromitem]
|-start|p1a: Scream Tail|protosynthesisspe
|turn|3
|
|t:|1750742805
|move|p2a: Grimmsnarl|Thunder Wave|p1b: Gothitelle
|-status|p1b: Gothitelle|par
|move|p1a: Scream Tail|Encore|p2b: Miraidon
|-start|p2b: Miraidon|Encore
|move|p2b: Miraidon|Draco Meteor|p1b: Gothitelle
|-damage|p1b: Gothitelle|46/100 par
|-unboost|p2b: Miraidon|spa|2
|cant|p1b: Gothitelle|par
|
|-heal|p1b: Gothitelle|52/100 par|[from] item: Leftovers
|upkeep
|turn|4
|
|t:|1750742818
|move|p1b: Gothitelle|Protect|p1b: Gothitelle
|-singleturn|p1b: Gothitelle|Protect
|move|p2a: Grimmsnarl|Thunder Wave|p1a: Scream Tail
|-status|p1a: Scream Tail|par
|move|p2b: Miraidon|Draco Meteor|p1b: Gothitelle
|-activate|p1b: Gothitelle|move: Protect
|cant|p1a: Scream Tail|par
|
|-heal|p1b: Gothitelle|58/100 par|[from] item: Leftovers
|upkeep
|turn|5
|-message|parrotboy forfeited.
|
|win|smite nite
|raw|parrotboy's rating: 1322 &rarr; <strong>1305</strong><br />(-17 for losing)
|raw|smite nite's rating: 1379 &rarr; <strong>1396</strong><br />(+17 for winning)
|l|☆parrotboy
|player|p1|
|l|☆smite nite
|player|p2|
