|j|☆LordInfernos1
|j|☆eliott.pawsey
|t:|1750709007
|gametype|doubles
|player|p1|LordInfernos1|veteran|1080
|player|p2|eliott.pawsey|fisherman-gen4|1150
|teamsize|p1|6
|teamsize|p2|6
|gen|9
|tier|[Gen 9] VGC 2025 Reg I
|rated|
|rule|Species Clause: Limit one of each Pokémon
|rule|Item Clause: Limit 1 of each item
|clearpoke
|poke|p1|Farigiraf, L50, F|
|poke|p1|Incineroar, L50, F|
|poke|p1|Rillaboom, L50, M|
|poke|p1|Calyrex-Shadow, L50|
|poke|p1|Urshifu-*, L50, F|
|poke|p1|Raging Bolt, L50|
|poke|p2|Clawitzer, L50, M|
|poke|p2|Baxcalibur, L50, M|
|poke|p2|Lunala, L50|
|poke|p2|Magmar, L50, M|
|poke|p2|Gardevoir, L50, F|
|poke|p2|Zacian-*, L50|
|teampreview|4
|inactive|Battle timer is ON: inactive players will automatically lose when time's up. (requested by eliott.pawsey)
|inactive|eliott.pawsey has 60 seconds left.
|
|t:|1750709046
|start
|switch|p1a: Rillaboom|Rillaboom, L50, M|100/100
|switch|p1b: Urshifu|Urshifu-Rapid-Strike, L50, F|100/100
|switch|p2a: Lunala|Lunala, L50|100/100
|switch|p2b: Magmar|Magmar, L50, M|100/100
|-fieldstart|move: Grassy Terrain|[from] ability: Grassy Surge|[of] p1a: Rillaboom
|turn|1
|
|t:|1750709065
|move|p1a: Rillaboom|Grassy Glide|p2a: Lunala
|-damage|p2a: Lunala|88/100
|move|p1b: Urshifu|Surging Strikes|p2a: Lunala
|-crit|p2a: Lunala
|-damage|p2a: Lunala|73/100
|-crit|p2a: Lunala
|-damage|p2a: Lunala|58/100
|-crit|p2a: Lunala
|-damage|p2a: Lunala|42/100
|-hitcount|p2a: Lunala|3
|move|p2a: Lunala|Tailwind|p2a: Lunala
|-sidestart|p2: eliott.pawsey|move: Tailwind
|move|p2b: Magmar|Knock Off|p1a: Rillaboom
|-damage|p1a: Rillaboom|84/100
|-enditem|p1a: Rillaboom|Assault Vest|[from] move: Knock Off|[of] p2b: Magmar
|
|-heal|p2a: Lunala|48/100|[from] Grassy Terrain
|-heal|p2a: Lunala|54/100|[from] item: Leftovers
|-heal|p1a: Rillaboom|89/100|[from] Grassy Terrain
|upkeep
|turn|2
|
|t:|1750709089
|move|p2b: Magmar|Follow Me|p2b: Magmar
|-singleturn|p2b: Magmar|move: Follow Me
|move|p2a: Lunala|Expanding Force|p1b: Urshifu
|-supereffective|p1b: Urshifu
|-enditem|p1b: Urshifu|Focus Sash
|-damage|p1b: Urshifu|1/100
|move|p1b: Urshifu|Surging Strikes|p2b: Magmar
|-supereffective|p2b: Magmar
|-crit|p2b: Magmar
|-damage|p2b: Magmar|61/100
|-supereffective|p2b: Magmar
|-crit|p2b: Magmar
|-damage|p2b: Magmar|21/100
|-supereffective|p2b: Magmar
|-crit|p2b: Magmar
|-damage|p2b: Magmar|0 fnt
|faint|p2b: Magmar
|-hitcount|p2: Magmar|3
|move|p1a: Rillaboom|U-turn|p2a: Lunala
|-damage|p2a: Lunala|36/100
|
|t:|1750709107
|switch|p1a: Raging Bolt|Raging Bolt, L50|100/100|[from] U-turn
|-enditem|p1a: Raging Bolt|Booster Energy
|-activate|p1a: Raging Bolt|ability: Protosynthesis|[fromitem]
|-start|p1a: Raging Bolt|protosynthesisspa
|
|-heal|p2a: Lunala|42/100|[from] Grassy Terrain
|-heal|p2a: Lunala|48/100|[from] item: Leftovers
|-heal|p1b: Urshifu|7/100|[from] Grassy Terrain
|upkeep
|
|t:|1750709116
|switch|p2b: Gardevoir|Gardevoir, L50, F, shiny|100/100
|turn|3
|
|t:|1750709132
|-terastallize|p1a: Raging Bolt|Fairy
|move|p1b: Urshifu|Detect|p1b: Urshifu
|-singleturn|p1b: Urshifu|Protect
|move|p2a: Lunala|Wide Guard|p2a: Lunala
|-singleturn|p2a: Lunala|Wide Guard
|move|p1a: Raging Bolt|Thunderclap||[still]
|-fail|p1a: Raging Bolt
|move|p2b: Gardevoir|Icy Wind|p1a: Raging Bolt|[spread] p1a
|-activate|p1b: Urshifu|move: Protect
|-damage|p1a: Raging Bolt|88/100
|-unboost|p1a: Raging Bolt|spe|1
|
|-heal|p2a: Lunala|53/100|[from] Grassy Terrain
|-heal|p2a: Lunala|59/100|[from] item: Leftovers
|-heal|p1b: Urshifu|14/100|[from] Grassy Terrain
|-heal|p1a: Raging Bolt|94/100|[from] Grassy Terrain
|upkeep
|turn|4
|
|t:|1750709155
|move|p1b: Urshifu|Aqua Jet|p2a: Lunala
|-damage|p2a: Lunala|44/100
|move|p2b: Gardevoir|Icy Wind|p1a: Raging Bolt|[spread] p1a,p1b
|-resisted|p1b: Urshifu
|-damage|p1a: Raging Bolt|83/100
|-damage|p1b: Urshifu|3/100
|-unboost|p1a: Raging Bolt|spe|1
|-unboost|p1b: Urshifu|spe|1
|move|p2a: Lunala|Expanding Force|p1b: Urshifu
|-supereffective|p1b: Urshifu
|-damage|p1b: Urshifu|0 fnt
|faint|p1b: Urshifu
|move|p1a: Raging Bolt|Thunderbolt|p2a: Lunala
|-damage|p2a: Lunala|0 fnt
|faint|p2a: Lunala
|
|-heal|p1a: Raging Bolt|89/100|[from] Grassy Terrain
|-sideend|p2: eliott.pawsey|move: Tailwind
|upkeep
|
|t:|1750709170
|switch|p1b: Calyrex|Calyrex-Shadow, L50|100/100
|switch|p2a: Zacian|Zacian-Crowned, L50|100/100
|-ability|p1b: Calyrex|As One
|-ability|p1b: Calyrex|Unnerve
|-ability|p2a: Zacian|Intrepid Sword|boost
|-boost|p2a: Zacian|atk|1
|turn|5
|
|t:|1750709181
|-terastallize|p2b: Gardevoir|Fairy
|move|p2a: Zacian|Protect|p2a: Zacian
|-singleturn|p2a: Zacian|Protect
|move|p1a: Raging Bolt|Thunderclap||[still]
|-fail|p1a: Raging Bolt
|move|p1b: Calyrex|Astral Barrage|p2b: Gardevoir|[spread] p2b
|-activate|p2a: Zacian|move: Protect
|-damage|p2b: Gardevoir|48/100
|move|p2b: Gardevoir|Icy Wind|p1b: Calyrex|[spread] p1a,p1b
|-damage|p1a: Raging Bolt|77/100
|-damage|p1b: Calyrex|87/100
|-unboost|p1a: Raging Bolt|spe|1
|
|-heal|p1b: Calyrex|93/100|[from] Grassy Terrain
|-heal|p2b: Gardevoir|54/100|[from] Grassy Terrain
|-heal|p1a: Raging Bolt|84/100|[from] Grassy Terrain
|-fieldend|move: Grassy Terrain
|upkeep
|turn|6
|
|t:|1750709202
|move|p1a: Raging Bolt|Thunderclap|p2a: Zacian
|-damage|p2a: Zacian|48/100
|move|p1b: Calyrex|Astral Barrage|p2b: Gardevoir|[spread] p2a,p2b
|-crit|p2a: Zacian
|-damage|p2a: Zacian|0 fnt
|-damage|p2b: Gardevoir|0 fnt
|faint|p2a: Zacian
|faint|p2b: Gardevoir
|
|win|LordInfernos1
|raw|LordInfernos1's rating: 1080 &rarr; <strong>1114</strong><br />(+34 for winning)
|raw|eliott.pawsey's rating: 1150 &rarr; <strong>1120</strong><br />(-30 for losing)
|l|☆eliott.pawsey
|player|p2|
|c|☆LordInfernos1|Gg
|l|☆LordInfernos1
|player|p1|
