|j|☆sheepie_sheep
|j|☆forkuser1
|t:|1750742420
|gametype|doubles
|player|p1|sheepie_sheep|acerola-masters2|
|player|p2|forkuser1|lucas|
|teamsize|p1|6
|teamsize|p2|6
|gen|9
|tier|[Gen 9] VGC 2025 Reg I
|rated|Tournament battle
|rule|Species Clause: Limit one of each Pokémon
|rule|Item Clause: Limit 1 of each item
|raw|<div class="infobox"><details class="readmore" open><summary><strong>2 custom rules:</strong></summary> Force Open Team Sheets, !Open Team Sheets</details></div>
|clearpoke
|poke|p1|Koraidon, L50|
|poke|p1|Calyrex-Shadow, L50|
|poke|p1|Chi-Yu, L50|
|poke|p1|Flutter Mane, L50|
|poke|p1|Ogerpon-Cornerstone, L50, F|
|poke|p1|Indeedee-F, L50, F|
|poke|p2|Miraidon, L50|
|poke|p2|Zamazenta-*, L50|
|poke|p2|Incineroar, L50, M|
|poke|p2|Chien-Pao, L50|
|poke|p2|Sinistcha, L50|
|poke|p2|Urshifu-*, L50, M|
|teampreview|4
|showteam|p1|Koraidon||ClearAmulet|OrichalcumPulse|FlameCharge,CollisionCourse,Protect,FlareBlitz||||||50|,,,,,Fire]Calyrex-Shadow||LifeOrb|AsOneSpectrier|ShadowBall,Protect,AstralBarrage,ExpandingForce||||||50|,,,,,Stellar]Chi-Yu||ChoiceScarf|BeadsofRuin|Snarl,DarkPulse,Overheat,HeatWave||||||50|,,,,,Ghost]Flutter Mane||BoosterEnergy|Protosynthesis|Moonblast,IcyWind,ShadowBall,Protect||||||50|,,,,,Normal]Ogerpon-Cornerstone||CornerstoneMask|Sturdy|FollowMe,IvyCudgel,PowerWhip,SpikyShield|||F|||50|,,,,,Rock]Indeedee-F||FocusSash|PsychicSurge|FollowMe,TrickRoom,Imprison,HelpingHand|||F|||50|,,,,,Grass
|showteam|p2|Miraidon||CovertCloak|HadronEngine|ElectroDrift,DragonPulse,CalmMind,Protect||||||50|,,,,,Fairy]Zamazenta-Crowned||RustedShield|DauntlessShield|BodyPress,HeavySlam,WideGuard,Protect||||||50|,,,,,Dragon]Incineroar||RockyHelmet|Intimidate|FakeOut,KnockOff,PartingShot,WillOWisp|||M|||50|,,,,,Bug]Chien-Pao||LifeOrb|SwordofRuin|IcicleCrash,SuckerPunch,Crunch,Protect||||||50|,,,,,Ghost]Sinistcha||FocusSash|Hospitality|ShadowBall,RagePowder,LifeDew,Protect||||||50|,,,,,Fire]Urshifu-Rapid-Strike||ChoiceScarf|UnseenFist|SurgingStrikes,CloseCombat,AquaJet,Uturn|||M|||50|,,,,,Water
|j| Snowmuse
|c|☆sheepie_sheep|uh oh
|j|+ToastNoButter
|c|☆sheepie_sheep|glhf
|j| orewayuji
|j| Unaffordable
|c| Unaffordable|4k
|c|☆forkuser1|unaffordable
|c|☆forkuser1|hf
|j| Graffiti Boy
|l| Graffiti Boy
|
|t:|1750742535
|start
|switch|p1a: Koraidon|Koraidon, L50|100/100
|switch|p1b: Flutter Mane|Flutter Mane, L50|100/100
|switch|p2a: Incineroar|Incineroar, L50, M|100/100
|switch|p2b: Zamazenta|Zamazenta-Crowned, L50|100/100
|-weather|SunnyDay|[from] ability: Orichalcum Pulse|[of] p1a: Koraidon
|-activate|p1b: Flutter Mane|ability: Protosynthesis
|-start|p1b: Flutter Mane|protosynthesisspe
|-activate|p1a: Koraidon|Orichalcum Pulse|[source]
|-ability|p2b: Zamazenta|Dauntless Shield|boost
|-boost|p2b: Zamazenta|def|1
|-ability|p2a: Incineroar|Intimidate|boost
|-fail|p1a: Koraidon|unboost|[from] item: Clear Amulet|[of] p1a: Koraidon
|-unboost|p1b: Flutter Mane|atk|1
|turn|1
|
|t:|1750742543
|move|p1b: Flutter Mane|Protect|p1b: Flutter Mane
|-singleturn|p1b: Flutter Mane|Protect
|move|p1a: Koraidon|Protect|p1a: Koraidon
|-singleturn|p1a: Koraidon|Protect
|move|p2a: Incineroar|Fake Out|p1a: Koraidon
|-activate|p1a: Koraidon|move: Protect
|move|p2b: Zamazenta|Heavy Slam|p1b: Flutter Mane
|-activate|p1b: Flutter Mane|move: Protect
|
|-weather|SunnyDay|[upkeep]
|upkeep
|turn|2
|
|t:|1750742560
|-terastallize|p1a: Koraidon|Fire
|-terastallize|p2a: Incineroar|Bug
|move|p1b: Flutter Mane|Moonblast|p2a: Incineroar
|-damage|p2a: Incineroar|52/100
|move|p1a: Koraidon|Flame Charge|p2a: Incineroar
|-supereffective|p2a: Incineroar
|-damage|p2a: Incineroar|0 fnt
|-boost|p1a: Koraidon|spe|1
|-damage|p1a: Koraidon|84/100|[from] item: Rocky Helmet|[of] p2a: Incineroar
|faint|p2a: Incineroar
|move|p2b: Zamazenta|Heavy Slam|p1b: Flutter Mane
|-supereffective|p1b: Flutter Mane
|-damage|p1b: Flutter Mane|0 fnt
|faint|p1b: Flutter Mane
|-end|p1b: Flutter Mane|Protosynthesis|[silent]
|
|-weather|SunnyDay|[upkeep]
|upkeep
|c|☆forkuser1|well sadge
|
|t:|1750742574
|switch|p1b: Ogerpon|Ogerpon-Cornerstone, L50, F|100/100
|switch|p2a: Chien-Pao|Chien-Pao, L50|100/100
|-ability|p2a: Chien-Pao|Sword of Ruin
|turn|3
|j| yuirs gsb
|
|t:|1750742610
|move|p1a: Koraidon|Protect|p1a: Koraidon
|-singleturn|p1a: Koraidon|Protect
|move|p2a: Chien-Pao|Protect|p2a: Chien-Pao
|-singleturn|p2a: Chien-Pao|Protect
|move|p1b: Ogerpon|Spiky Shield|p1b: Ogerpon
|-singleturn|p1b: Ogerpon|move: Protect
|move|p2b: Zamazenta|Body Press|p1a: Koraidon
|-activate|p1a: Koraidon|move: Protect
|
|-weather|SunnyDay|[upkeep]
|upkeep
|turn|4
|
|t:|1750742620
|switch|p2a: Miraidon|Miraidon, L50|100/100
|-fieldstart|move: Electric Terrain|[from] ability: Hadron Engine|[of] p2a: Miraidon
|move|p1b: Ogerpon|Follow Me|p1b: Ogerpon
|-singleturn|p1b: Ogerpon|move: Follow Me
|move|p1a: Koraidon|Collision Course|p2a: Miraidon
|-damage|p2a: Miraidon|33/100
|move|p2b: Zamazenta|Body Press|p1b: Ogerpon
|-supereffective|p1b: Ogerpon
|-ability|p1b: Ogerpon|Sturdy
|-damage|p1b: Ogerpon|1/100
|
|-weather|SunnyDay|[upkeep]
|upkeep
|turn|5
|c|☆forkuser1|owie
|
|t:|1750742636
|move|p1a: Koraidon|Flare Blitz|p2b: Zamazenta
|-supereffective|p2b: Zamazenta
|-crit|p2b: Zamazenta
|-damage|p2b: Zamazenta|0 fnt
|faint|p2b: Zamazenta
|-damage|p1a: Koraidon|50/100|[from] Recoil
|move|p1b: Ogerpon|Ivy Cudgel|p2a: Miraidon|[anim] Ivy Cudgel Rock
|-damage|p2a: Miraidon|0 fnt
|faint|p2a: Miraidon
|
|-weather|none
|upkeep
|c|☆sheepie_sheep|holy slow
|c|☆sheepie_sheep|and mb for crit
|l| Unaffordable
|c|☆forkuser1|yeah ifumbled this game
|c|☆forkuser1|gg wo
|-message|forkuser1 forfeited.
|
|win|sheepie_sheep
|n|☆sheepie_sheep|sheepiesheep
|n|☆forkuser1|forkuser1
|n| Snowmuse|snowmuse
|n| ToastNoButter|toastnobutter
|n| orewayuji|orewayuji
|n| yuirs gsb|yuirsgsb
