|j|☆inkurey22
|j|‽YungTOEK
|t:|1750770069
|gametype|doubles
|player|p1|inkurey22|1|1050
|player|p2|YungTOEK|266|1112
|teamsize|p1|6
|teamsize|p2|6
|gen|9
|tier|[Gen 9] VGC 2025 Reg I
|rated|
|rule|Species Clause: Limit one of each Pokémon
|rule|Item Clause: Limit 1 of each item
|clearpoke
|poke|p1|Amoonguss, L50, F|
|poke|p1|Calyrex-Ice, L50|
|poke|p1|Kyogre, L50|
|poke|p1|Grimmsnarl, L50, M|
|poke|p1|Flutter Mane, L50|
|poke|p1|Basculegion, L50, M|
|poke|p2|Dialga-Origin, L50|
|poke|p2|Kyogre, L50|
|poke|p2|Indeedee-F, L50, F|
|poke|p2|Incineroar, L50, M|
|poke|p2|Ursaluna, L50, M|
|poke|p2|Sinistcha, L50|
|teampreview|4
YungTOEK rejected open team sheets.
|
|t:|1750770105
|start
|switch|p1a: Kyogre|Kyogre, L50|100/100
|switch|p1b: Amoonguss|Amoonguss, L50, F|100/100
|switch|p2a: Dialga|Dialga-Origin, L50|100/100
|switch|p2b: Incineroar|Incineroar, L50, M|100/100
|-weather|RainDance|[from] ability: Drizzle|[of] p1a: Kyogre
|-ability|p2b: Incineroar|Intimidate|boost
|-unboost|p1a: Kyogre|atk|1
|-unboost|p1b: Amoonguss|atk|1
|turn|1
|
|t:|1750770132
|move|p1a: Kyogre|Protect|p1a: Kyogre
|-singleturn|p1a: Kyogre|Protect
|move|p2a: Dialga|Draco Meteor|p1b: Amoonguss
|-damage|p1b: Amoonguss|23/100
|-unboost|p2a: Dialga|spa|2
|move|p2b: Incineroar|Knock Off|p1b: Amoonguss
|-damage|p1b: Amoonguss|0 fnt
|-damage|p2b: Incineroar|84/100|[from] item: Rocky Helmet|[of] p1b: Amoonguss
|-enditem|p1b: Amoonguss|Rocky Helmet|[from] move: Knock Off|[of] p2b: Incineroar
|faint|p1b: Amoonguss
|
|-weather|RainDance|[upkeep]
|upkeep
|c|☆inkurey22|uh
|c|☆inkurey22|nice t1
|
|t:|1750770156
|switch|p1b: Flutter Mane|Flutter Mane, L50|100/100
|turn|2
|
|t:|1750770172
|switch|p2b: Kyogre|Kyogre, L50|100/100
|-terastallize|p1b: Flutter Mane|Fairy
|move|p2a: Dialga|Protect|p2a: Dialga
|-singleturn|p2a: Dialga|Protect
|move|p1b: Flutter Mane|Moonblast|p2a: Dialga
|-activate|p2a: Dialga|move: Protect
|move|p1a: Kyogre|Water Spout|p2a: Dialga|[spread] p2b
|-activate|p2a: Dialga|move: Protect
|-resisted|p2b: Kyogre
|-damage|p2b: Kyogre|72/100
|
|-weather|RainDance|[upkeep]
|upkeep
|turn|3
|inactive|Battle timer is ON: inactive players will automatically lose when time's up. (requested by YungTOEK)
|
|t:|1750770203
|switch|p2a: Incineroar|Incineroar, L50, M|84/100
|-ability|p2a: Incineroar|Intimidate|boost
|-unboost|p1a: Kyogre|atk|1
|-unboost|p1b: Flutter Mane|atk|1
|-terastallize|p2b: Kyogre|Grass
|move|p1b: Flutter Mane|Moonblast|p2a: Incineroar
|-damage|p2a: Incineroar|31/100
|move|p1a: Kyogre|Water Spout|p2b: Kyogre|[spread] p2a,p2b
|-supereffective|p2a: Incineroar
|-resisted|p2b: Kyogre
|-damage|p2a: Incineroar|0 fnt
|-damage|p2b: Kyogre|44/100
|faint|p2a: Incineroar
|move|p2b: Kyogre|Hydro Pump|p1b: Flutter Mane
|-damage|p1b: Flutter Mane|2/100
|
|-weather|RainDance|[upkeep]
|upkeep
|
|t:|1750770220
|switch|p2a: Dialga|Dialga-Origin, L50|100/100
|turn|4
|
|t:|1750770234
|move|p1b: Flutter Mane|Moonblast|p2a: Dialga
|-damage|p2a: Dialga|57/100
|move|p1a: Kyogre|Water Spout|p2a: Dialga|[spread] p2a,p2b
|-resisted|p2a: Dialga
|-resisted|p2b: Kyogre
|-damage|p2a: Dialga|12/100
|-damage|p2b: Kyogre|19/100
|move|p2b: Kyogre|Water Spout|p1b: Flutter Mane|[spread] p1a,p1b
|-resisted|p1a: Kyogre
|-damage|p1a: Kyogre|94/100
|-damage|p1b: Flutter Mane|0 fnt
|faint|p1b: Flutter Mane
|-end|p1b: Flutter Mane|Protosynthesis|[silent]
|move|p2a: Dialga|Trick Room|p2a: Dialga
|-fieldstart|move: Trick Room|[of] p2a: Dialga
|
|-weather|RainDance|[upkeep]
|upkeep
|
|t:|1750770247
|switch|p1b: Calyrex|Calyrex-Ice, L50|100/100
|-ability|p1b: Calyrex|As One
|-ability|p1b: Calyrex|Unnerve
|turn|5
|
|t:|1750770262
|move|p2a: Dialga|Protect|p2a: Dialga
|-singleturn|p2a: Dialga|Protect
|move|p1b: Calyrex|Glacial Lance|p2b: Kyogre|[spread] p2b
|-activate|p2a: Dialga|move: Protect
|-supereffective|p2b: Kyogre
|-damage|p2b: Kyogre|0 fnt
|faint|p2b: Kyogre
|-ability|p1b: Calyrex|Chilling Neigh|boost
|-boost|p1b: Calyrex|atk|1
|move|p1a: Kyogre|Water Spout|p2a: Dialga
|-activate|p2a: Dialga|move: Protect
|
|-weather|none
|upkeep
|
|t:|1750770267
|switch|p2b: Ursaluna|Ursaluna, L50, M|100/100
|turn|6
|
|t:|1750770279
|move|p2b: Ursaluna|Protect|p2b: Ursaluna
|-singleturn|p2b: Ursaluna|Protect
|move|p2a: Dialga|Protect||[still]
|-fail|p2a: Dialga
|move|p1b: Calyrex|Glacial Lance|p2b: Ursaluna|[spread] p2a
|-activate|p2b: Ursaluna|move: Protect
|-damage|p2a: Dialga|0 fnt
|faint|p2a: Dialga
|-ability|p1b: Calyrex|Chilling Neigh|boost
|-boost|p1b: Calyrex|atk|1
|move|p1a: Kyogre|Water Spout|p2b: Ursaluna
|-activate|p2b: Ursaluna|move: Protect
|
|-status|p2b: Ursaluna|brn|[from] item: Flame Orb
|upkeep
|turn|7
|
|t:|1750770297
|move|p1b: Calyrex|Glacial Lance|p2b: Ursaluna
|-supereffective|p2b: Ursaluna
|-damage|p2b: Ursaluna|0 fnt
|faint|p2b: Ursaluna
|
|win|inkurey22
|raw|inkurey22's rating: 1050 &rarr; <strong>1088</strong><br />(+38 for winning)
|raw|YungTOEK's rating: 1112 &rarr; <strong>1083</strong><br />(-29 for losing)
|c|☆inkurey22|Gg
|l|‽YungTOEK
|player|p2|
