|j|☆IceColdZekrom
|j|☆DrakyPana
|t:|1750825915
|gametype|doubles
|player|p1|IceColdZekrom|170|1260
|player|p2|DrakyPana|psychicf-gen4|1350
|teamsize|p1|6
|teamsize|p2|6
|gen|9
|tier|[Gen 9] VGC 2025 Reg I
|rated|
|rule|Species Clause: Limit one of each Pokémon
|rule|Item Clause: Limit 1 of each item
|clearpoke
|poke|p1|Koraidon, L50|
|poke|p1|Ogerpon-Hearthflame, L50, F|
|poke|p1|Flutter Mane, L50|
|poke|p1|Toxapex, L50, F|
|poke|p1|Grimmsnarl, L50, M|
|poke|p1|Miraidon, L50|
|poke|p2|Ursaluna, L50, F|
|poke|p2|Urshifu-*, L50, M|
|poke|p2|Miraidon, L50|
|poke|p2|Incineroar, L50, M|
|poke|p2|Lunala, L50|
|poke|p2|Whimsicott, L50, M|
|teampreview|4
DrakyPana has agreed to open team sheets.
|inactive|Battle timer is ON: inactive players will automatically lose when time's up. (requested by IceColdZekrom)
|
|t:|1750825967
|start
|switch|p1a: Grimmsnarl|Grimmsnarl, L50, M, shiny|100/100
|switch|p1b: Miraidon|Miraidon, L50|100/100
|switch|p2a: Whimsicott|Whimsicott, L50, M|100/100
|switch|p2b: Miraidon|Miraidon, L50|100/100
|-fieldstart|move: Electric Terrain|[from] ability: Hadron Engine|[of] p1b: Miraidon
|-activate|p2b: Miraidon|ability: Hadron Engine
|turn|1
|l|☆IceColdZekrom
|inactive|IceColdZekrom disconnected and has a minute to reconnect!
|player|p1|
|inactive|IceColdZekrom has 30 seconds left.
|j|☆IceColdZekrom
|inactive|IceColdZekrom reconnected and has 30 seconds left.
|player|p1|IceColdZekrom|170|
|inactive|IceColdZekrom has 20 seconds left.
|inactive|IceColdZekrom has 15 seconds left.
|inactive|IceColdZekrom has 10 seconds left.
|inactive|IceColdZekrom has 5 seconds left.
|
|t:|1750826022
|switch|p1b: Flutter Mane|Flutter Mane, L50|100/100
|move|p2a: Whimsicott|Light Screen|p2a: Whimsicott
|-sidestart|p2: DrakyPana|move: Light Screen
|move|p1a: Grimmsnarl|Light Screen|p1a: Grimmsnarl
|-sidestart|p1: IceColdZekrom|move: Light Screen
|move|p2b: Miraidon|Draco Meteor|p1b: Flutter Mane
|-immune|p1b: Flutter Mane
|
|upkeep
|turn|2
|
|t:|1750826041
|switch|p2b: Ursaluna|Ursaluna, L50, F|100/100
|move|p2a: Whimsicott|Tailwind|p2a: Whimsicott
|-sidestart|p2: DrakyPana|move: Tailwind
|move|p1a: Grimmsnarl|Thunder Wave|p2a: Whimsicott
|-status|p2a: Whimsicott|par
|move|p1b: Flutter Mane|Icy Wind|p2a: Whimsicott|[spread] p2a,p2b
|-supereffective|p2a: Whimsicott
|-supereffective|p2b: Ursaluna
|-damage|p2a: Whimsicott|76/100 par
|-damage|p2b: Ursaluna|84/100
|-unboost|p2b: Ursaluna|spe|1
|
|-status|p2b: Ursaluna|brn|[from] item: Flame Orb
|upkeep
|turn|3
|
|t:|1750826061
|switch|p2a: Lunala|Lunala, L50|100/100
|-enditem|p2a: Lunala|Electric Seed
|-boost|p2a: Lunala|def|1|[from] item: Electric Seed
|move|p2b: Ursaluna|Protect|p2b: Ursaluna
|-singleturn|p2b: Ursaluna|Protect
|move|p1a: Grimmsnarl|Reflect|p1a: Grimmsnarl
|-sidestart|p1: IceColdZekrom|Reflect
|move|p1b: Flutter Mane|Moonblast|p2a: Lunala
|-damage|p2a: Lunala|88/100
|
|-damage|p2b: Ursaluna|78/100 brn|[from] brn
|upkeep
|turn|4
|inactive|DrakyPana has 30 seconds left.
|
|t:|1750826093
|move|p1b: Flutter Mane|Shadow Ball|p2a: Lunala
|-supereffective|p2a: Lunala
|-damage|p2a: Lunala|13/100
|move|p2b: Ursaluna|Headlong Rush|p1b: Flutter Mane
|-enditem|p1b: Flutter Mane|Focus Sash
|-damage|p1b: Flutter Mane|1/100
|-unboost|p2b: Ursaluna|def|1
|-unboost|p2b: Ursaluna|spd|1
|move|p1a: Grimmsnarl|Foul Play|p2b: Ursaluna
|-damage|p2b: Ursaluna|9/100 brn
|move|p2a: Lunala|Trick Room|p2a: Lunala
|-fieldstart|move: Trick Room|[of] p2a: Lunala
|
|-damage|p2b: Ursaluna|3/100 brn|[from] brn
|upkeep
|turn|5
|inactive|DrakyPana has 30 seconds left.
|
|t:|1750826118
|move|p1b: Flutter Mane|Protect|p1b: Flutter Mane
|-singleturn|p1b: Flutter Mane|Protect
|move|p1a: Grimmsnarl|Thunder Wave|p2a: Lunala
|-status|p2a: Lunala|par
|move|p2b: Ursaluna|Earthquake|p1a: Grimmsnarl|[spread] p2a,p1a
|-activate|p1b: Flutter Mane|move: Protect
|-damage|p2a: Lunala|0 fnt
|-damage|p1a: Grimmsnarl|44/100
|faint|p2a: Lunala
|
|-damage|p2b: Ursaluna|0 fnt|[from] brn
|faint|p2b: Ursaluna
|-sideend|p2: DrakyPana|move: Light Screen
|-sideend|p2: DrakyPana|move: Tailwind
|-fieldend|move: Electric Terrain
|upkeep
|
|t:|1750826126
|switch|p2b: Whimsicott|Whimsicott, L50, M|76/100 par
|switch|p2a: Miraidon|Miraidon, L50|100/100
|-fieldstart|move: Electric Terrain|[from] ability: Hadron Engine|[of] p2a: Miraidon
|turn|6
|
|t:|1750826149
|-terastallize|p2a: Miraidon|Fairy
|move|p1a: Grimmsnarl|Foul Play|p2a: Miraidon
|-resisted|p2a: Miraidon
|-damage|p2a: Miraidon|87/100
|move|p2b: Whimsicott|Moonblast|p1a: Grimmsnarl
|-supereffective|p1a: Grimmsnarl
|-damage|p1a: Grimmsnarl|16/100
|move|p2a: Miraidon|Dazzling Gleam|p1a: Grimmsnarl|[spread] p1a,p1b
|-supereffective|p1a: Grimmsnarl
|-damage|p1a: Grimmsnarl|0 fnt
|-damage|p1b: Flutter Mane|0 fnt
|faint|p1a: Grimmsnarl
|faint|p1b: Flutter Mane
|-end|p1b: Flutter Mane|Protosynthesis|[silent]
|
|upkeep
|
|t:|1750826162
|switch|p1a: Miraidon|Miraidon, L50|100/100
|switch|p1b: Koraidon|Koraidon, L50|100/100
|-weather|SunnyDay|[from] ability: Orichalcum Pulse|[of] p1b: Koraidon
|-activate|p1b: Koraidon|Orichalcum Pulse|[source]
|-activate|p1a: Miraidon|ability: Hadron Engine
|turn|7
|
|t:|1750826178
|-terastallize|p1b: Koraidon|Fire
|cant|p2b: Whimsicott|par
|move|p2a: Miraidon|Dazzling Gleam|p1a: Miraidon|[spread] p1a,p1b
|-supereffective|p1a: Miraidon
|-resisted|p1b: Koraidon
|-damage|p1a: Miraidon|22/100
|-damage|p1b: Koraidon|75/100
|move|p1b: Koraidon|Flare Blitz|p2a: Miraidon
|-damage|p2a: Miraidon|0 fnt
|faint|p2a: Miraidon
|-damage|p1b: Koraidon|47/100|[from] Recoil
|move|p1a: Miraidon|Electro Drift|p2b: Whimsicott
|-resisted|p2b: Whimsicott
|-damage|p2b: Whimsicott|0 fnt
|faint|p2b: Whimsicott
|
|win|IceColdZekrom
|raw|IceColdZekrom's rating: 1260 &rarr; <strong>1291</strong><br />(+31 for winning)
|raw|DrakyPana's rating: 1350 &rarr; <strong>1325</strong><br />(-25 for losing)
