|j|☆Mameon
|j|☆maxgarg
|t:|1750868000
|gametype|doubles
|player|p1|Mameon|red|1203
|player|p2|maxgarg|101|1250
|teamsize|p1|6
|teamsize|p2|6
|gen|9
|tier|[Gen 9] VGC 2025 Reg I
|rated|
|rule|Species Clause: Limit one of each Pokémon
|rule|Item Clause: Limit 1 of each item
|clearpoke
|poke|p1|Calyrex-Ice, L50|
|poke|p1|Scraggy, L50, F|
|poke|p1|Miraidon, L50|
|poke|p1|Farigiraf, L50, F|
|poke|p1|Iron Treads, L50|
|poke|p1|Iron Hands, L50|
|poke|p2|Calyrex-Ice, L50|
|poke|p2|Miraidon, L50|
|poke|p2|Grimmsnarl, L50, M|
|poke|p2|Urshifu-*, L50, F|
|poke|p2|Incineroar, L50, M|
|poke|p2|Landorus, L50, M|
|teampreview|4
|inactive|Battle timer is ON: inactive players will automatically lose when time's up. (requested by maxgarg)
|
|t:|1750868017
|start
|switch|p1a: Calyrex|Calyrex-Ice, L50|100/100
|switch|p1b: Scraggy|Scraggy, L50, F|100/100
|switch|p2a: Incineroar|Incineroar, L50, M|100/100
|switch|p2b: Miraidon|Miraidon, L50|100/100
|-ability|p1a: Calyrex|As One
|-ability|p1a: Calyrex|Unnerve
|-fieldstart|move: Electric Terrain|[from] ability: Hadron Engine|[of] p2b: Miraidon
|-ability|p2a: Incineroar|Intimidate|boost
|-fail|p1a: Calyrex|unboost|[from] item: Clear Amulet|[of] p1a: Calyrex
|-unboost|p1b: Scraggy|atk|1
|-ability|p1b: Scraggy|Intimidate|boost
|-unboost|p2a: Incineroar|atk|1
|-unboost|p2b: Miraidon|atk|1
|turn|1
|inactive|Mameon has 30 seconds left.
|inactive|maxgarg has 30 seconds left.
|inactive|maxgarg has 20 seconds left.
|
|t:|1750868056
|move|p1a: Calyrex|Protect|p1a: Calyrex
|-singleturn|p1a: Calyrex|Protect
|move|p2a: Incineroar|Fake Out|p1a: Calyrex
|-activate|p1a: Calyrex|move: Protect
|move|p2b: Miraidon|Volt Switch|p1a: Calyrex
|-activate|p1a: Calyrex|move: Protect
|move|p1b: Scraggy|Coaching|p1a: Calyrex
|-boost|p1a: Calyrex|atk|1
|-boost|p1a: Calyrex|def|1
|
|upkeep
|turn|2
|
|t:|1750868080
|-terastallize|p1a: Calyrex|Fire
|move|p2b: Miraidon|Volt Switch|p1a: Calyrex
|-damage|p1a: Calyrex|38/100
|
|t:|1750868085
|switch|p2b: Grimmsnarl|Grimmsnarl, L50, M|100/100|[from] Volt Switch
|move|p2a: Incineroar|Knock Off|p1a: Calyrex
|-damage|p1a: Calyrex|28/100
|-enditem|p1a: Calyrex|Clear Amulet|[from] move: Knock Off|[of] p2a: Incineroar
|move|p1b: Scraggy|Coaching|p1a: Calyrex
|-boost|p1a: Calyrex|atk|1
|-boost|p1a: Calyrex|def|1
|move|p1a: Calyrex|Trick Room|p1a: Calyrex
|-fieldstart|move: Trick Room|[of] p1a: Calyrex
|
|upkeep
|turn|3
|
|t:|1750868106
|move|p2b: Grimmsnarl|Reflect|p2b: Grimmsnarl
|-sidestart|p2: maxgarg|Reflect
|move|p1b: Scraggy|Foul Play|p2b: Grimmsnarl
|-resisted|p2b: Grimmsnarl
|-damage|p2b: Grimmsnarl|94/100
|move|p1a: Calyrex|High Horsepower|p2a: Incineroar
|-supereffective|p2a: Incineroar
|-damage|p2a: Incineroar|0 fnt
|faint|p2a: Incineroar
|-ability|p1a: Calyrex|Chilling Neigh|boost
|-boost|p1a: Calyrex|atk|1
|
|upkeep
|
|t:|1750868122
|switch|p2a: Calyrex|Calyrex-Ice, L50|100/100
|-ability|p2a: Calyrex|As One
|-ability|p2a: Calyrex|Unnerve
|turn|4
|
|t:|1750868129
|-terastallize|p2a: Calyrex|Water
|move|p1b: Scraggy|Foul Play|p2a: Calyrex
|-damage|p2a: Calyrex|75/100
|move|p1a: Calyrex|Glacial Lance|p2b: Grimmsnarl|[spread] p2a,p2b
|-resisted|p2a: Calyrex
|-damage|p2a: Calyrex|44/100
|-damage|p2b: Grimmsnarl|0 fnt
|faint|p2b: Grimmsnarl
|-ability|p1a: Calyrex|Chilling Neigh|boost
|-boost|p1a: Calyrex|atk|1
|move|p2a: Calyrex|Glacial Lance|p1b: Scraggy|[spread] p1a,p1b
|-resisted|p1a: Calyrex
|-damage|p1a: Calyrex|20/100
|-damage|p1b: Scraggy|54/100
|
|-heal|p2a: Calyrex|50/100|[from] item: Leftovers
|upkeep
|
|t:|1750868142
|switch|p2b: Miraidon|Miraidon, L50|100/100
|-activate|p2b: Miraidon|ability: Hadron Engine
|turn|5
|inactive|maxgarg has 30 seconds left.
|
|t:|1750868170
|move|p1b: Scraggy|Endeavor|p2b: Miraidon
|-damage|p2b: Miraidon|34/100
|move|p1a: Calyrex|Glacial Lance|p2a: Calyrex|[spread] p2a,p2b
|-resisted|p2a: Calyrex
|-supereffective|p2b: Miraidon
|-damage|p2a: Calyrex|16/100
|-damage|p2b: Miraidon|0 fnt
|faint|p2b: Miraidon
|-ability|p1a: Calyrex|Chilling Neigh|boost
|-boost|p1a: Calyrex|atk|1
|move|p2a: Calyrex|Leech Seed|p1a: Calyrex|[miss]
|-miss|p2a: Calyrex|p1a: Calyrex
|
|-heal|p2a: Calyrex|22/100|[from] item: Leftovers
|-fieldend|move: Electric Terrain
|upkeep
|turn|6
|-message|maxgarg forfeited.
|
|win|Mameon
|raw|Mameon's rating: 1203 &rarr; <strong>1231</strong><br />(+28 for winning)
|raw|maxgarg's rating: 1250 &rarr; <strong>1222</strong><br />(-28 for losing)
|l|☆maxgarg
|player|p2|
