|j|☆BHeast42
|j|☆Tjbvgc
|t:|1750740050
|gametype|doubles
|player|p1|BHeast42|266|1192
|player|p2|Tjbvgc|unknown|1299
|teamsize|p1|6
|teamsize|p2|6
|gen|9
|tier|[Gen 9] VGC 2025 Reg I
|rated|
|rule|Species Clause: Limit one of each Pokémon
|rule|Item Clause: Limit 1 of each item
|clearpoke
|poke|p1|Koraidon, L50|
|poke|p1|Entei, L50|
|poke|p1|Flutter Mane, L50|
|poke|p1|Walking Wake, L50|
|poke|p1|Rillaboom, L50, F|
|poke|p1|Calyrex-Shadow, L50|
|poke|p2|Zacian-*, L50|
|poke|p2|Snorlax, L50, F|
|poke|p2|Ting-Lu, L50|
|poke|p2|Miraidon, L50|
|poke|p2|Okidogi, L50, M|
|poke|p2|Chien-Pao, L50|
|teampreview|4
|inactive|Battle timer is ON: inactive players will automatically lose when time's up. (requested by BHeast42)
BHeast42 rejected open team sheets.
|inactive|BHeast42 has 60 seconds left.
|
|t:|1750740088
|start
|switch|p1a: K|Koraidon, L50|100/100
|switch|p1b: Walking Wake|Walking Wake, L50|100/100
|switch|p2a: Chien-Pao|Chien-Pao, L50|100/100
|switch|p2b: Okidogi|Okidogi, L50, M|100/100
|-ability|p2a: Chien-Pao|Sword of Ruin
|-weather|SunnyDay|[from] ability: Orichalcum Pulse|[of] p1a: K
|-activate|p1b: Walking Wake|ability: Protosynthesis
|-start|p1b: Walking Wake|protosynthesisspe
|-activate|p1a: K|Orichalcum Pulse|[source]
|turn|1
|
|t:|1750740109
|move|p2a: Chien-Pao|Protect|p2a: Chien-Pao
|-singleturn|p2a: Chien-Pao|Protect
|move|p1a: K|Protect|p1a: K
|-singleturn|p1a: K|Protect
|move|p1b: Walking Wake|Hydro Steam|p2b: Okidogi
|-damage|p2b: Okidogi|40/100
|move|p2b: Okidogi|Poison Jab|p1a: K
|-activate|p1a: K|move: Protect
|
|-weather|SunnyDay|[upkeep]
|upkeep
|turn|2
|inactive|Tjbvgc has 30 seconds left.
|
|t:|1750740136
|-terastallize|p1a: K|Fire
|move|p1b: Walking Wake|Hydro Steam|p2b: Okidogi
|-damage|p2b: Okidogi|0 fnt
|faint|p2b: Okidogi
|move|p2a: Chien-Pao|Ice Spinner|p1a: K
|-resisted|p1a: K
|-damage|p1a: K|81/100
|move|p1a: K|Flame Charge|p2a: Chien-Pao
|-supereffective|p2a: Chien-Pao
|-enditem|p2a: Chien-Pao|Focus Sash
|-damage|p2a: Chien-Pao|1/100
|-boost|p1a: K|spe|1
|
|-weather|SunnyDay|[upkeep]
|upkeep
|
|t:|1750740152
|switch|p2b: Miraidon|Miraidon, L50|100/100
|-fieldstart|move: Electric Terrain|[from] ability: Hadron Engine|[of] p2b: Miraidon
|turn|3
|
|t:|1750740174
|-end|p1b: Walking Wake|Protosynthesis|[silent]
|switch|p1b: Entei|Entei, L50|100/100
|-terastallize|p2b: Miraidon|Fire
|move|p1a: K|Protect|p1a: K
|-singleturn|p1a: K|Protect
|move|p2a: Chien-Pao|Sucker Punch||[still]
|-fail|p2a: Chien-Pao
|move|p2b: Miraidon|Electro Drift|p1b: Entei
|-damage|p1b: Entei|0 fnt
|faint|p1b: Entei
|
|-weather|SunnyDay|[upkeep]
|upkeep
|
|t:|1750740195
|switch|p1b: Walking Wake|Walking Wake, L50|100/100
|-activate|p1b: Walking Wake|ability: Protosynthesis
|-start|p1b: Walking Wake|protosynthesisspe
|turn|4
|
|t:|1750740211
|move|p2a: Chien-Pao|Sucker Punch|p1a: K
|-damage|p1a: K|43/100
|move|p1b: Walking Wake|Hydro Steam|p2b: Miraidon
|-supereffective|p2b: Miraidon
|-damage|p2b: Miraidon|0 fnt
|faint|p2b: Miraidon
|move|p1a: K|Breaking Swipe|p2a: Chien-Pao
|-damage|p2a: Chien-Pao|0 fnt
|faint|p2a: Chien-Pao
|
|-weather|SunnyDay|[upkeep]
|upkeep
|
|t:|1750740224
|switch|p2b: Zacian|Zacian-Crowned, L50|100/100
|-ability|p2b: Zacian|Intrepid Sword|boost
|-boost|p2b: Zacian|atk|1
|turn|5
|
|t:|1750740239
|move|p2b: Zacian|Protect|p2b: Zacian
|-singleturn|p2b: Zacian|Protect
|move|p1b: Walking Wake|Hydro Steam|p2b: Zacian
|-activate|p2b: Zacian|move: Protect
|move|p1a: K|Collision Course|p2b: Zacian
|-activate|p2b: Zacian|move: Protect
|
|-weather|none
|-end|p1b: Walking Wake|Protosynthesis
|upkeep
|turn|6
|
|t:|1750740257
|move|p1a: K|Collision Course|p2b: Zacian
|-damage|p2b: Zacian|47/100
|move|p2b: Zacian|Play Rough|p1a: K|[miss]
|-miss|p2b: Zacian|p1a: K
|move|p1b: Walking Wake|Hydro Steam|p2b: Zacian
|-damage|p2b: Zacian|0 fnt
|faint|p2b: Zacian
|
|win|BHeast42
|raw|BHeast42's rating: 1192 &rarr; <strong>1224</strong><br />(+32 for winning)
|raw|Tjbvgc's rating: 1299 &rarr; <strong>1267</strong><br />(-32 for losing)
|l|☆Tjbvgc
|player|p2|
|l|☆BHeast42
|player|p1|
