|j|☆ArtiboniteLadder
|j|☆jackon17
|t:|1750713403
|gametype|doubles
|player|p1|ArtiboniteLadder|firebreather|1505
|player|p2|jackon17|169|1593
|teamsize|p1|6
|teamsize|p2|6
|gen|9
|tier|[Gen 9] VGC 2025 Reg I
|rated|
|rule|Species Clause: Limit one of each Pokémon
|rule|Item Clause: Limit 1 of each item
|clearpoke
|poke|p1|Kyogre, L50|
|poke|p1|Sinistcha-Masterpiece, L50|
|poke|p1|Incineroar, L50, F|
|poke|p1|Ursaluna, L50, M|
|poke|p1|Dialga, L50|
|poke|p1|Landorus, L50, M|
|poke|p2|Kyogre, L50|
|poke|p2|Urshifu-*, L50, F|
|poke|p2|Rillaboom, L50, F|
|poke|p2|Amoonguss, L50, F|
|poke|p2|Calyrex-Ice, L50|
|poke|p2|Tornadus, L50, M|
|teampreview|4
|inactive|Battle timer is ON: inactive players will automatically lose when time's up. (requested by jackon17)
|inactive|ArtiboniteLadder has 60 seconds left.
|inactive|jackon17 has 60 seconds left.
|
|t:|1750713454
|start
|switch|p1a: Kyogre|Kyogre, L50|100/100
|switch|p1b: Sinistcha|Sinistcha-Masterpiece, L50|100/100
|switch|p2a: Urshifu|Urshifu-Rapid-Strike, L50, F|100/100
|switch|p2b: Calyrex|Calyrex-Ice, L50|100/100
|-ability|p2b: Calyrex|As One
|-ability|p2b: Calyrex|Unnerve
|-weather|RainDance|[from] ability: Drizzle|[of] p1a: Kyogre
|turn|1
|
|t:|1750713469
|-terastallize|p1b: Sinistcha|Water
|-terastallize|p2b: Calyrex|Grass
|move|p2a: Urshifu|U-turn|p1a: Kyogre
|-damage|p1a: Kyogre|75/100
|
|t:|1750713474
|switch|p2a: Rillaboom|Rillaboom, L50, F|100/100|[from] U-turn
|-fieldstart|move: Grassy Terrain|[from] ability: Grassy Surge|[of] p2a: Rillaboom
|move|p1a: Kyogre|Water Spout|p2b: Calyrex|[spread] p2a,p2b
|-resisted|p2a: Rillaboom
|-resisted|p2b: Calyrex
|-damage|p2a: Rillaboom|74/100
|-damage|p2b: Calyrex|76/100
|move|p1b: Sinistcha|Life Dew||[still]|[spread] p1a,p1b
|-heal|p1a: Kyogre|99/100
|-fail|p1b: Sinistcha|heal
|move|p2b: Calyrex|Glacial Lance|p1b: Sinistcha|[spread] p1a,p1b
|-resisted|p1a: Kyogre
|-resisted|p1b: Sinistcha
|-damage|p1a: Kyogre|72/100
|-damage|p1b: Sinistcha|78/100
|
|-weather|RainDance|[upkeep]
|-heal|p2a: Rillaboom|80/100|[from] Grassy Terrain
|-heal|p1a: Kyogre|78/100|[from] Grassy Terrain
|-heal|p1b: Sinistcha|84/100|[from] Grassy Terrain
|-heal|p2b: Calyrex|82/100|[from] Grassy Terrain
|-heal|p2b: Calyrex|87/100|[from] item: Leftovers
|upkeep
|turn|2
|inactive|jackon17 has 30 seconds left.
|
|t:|1750713503
|switch|p2b: Urshifu|Urshifu-Rapid-Strike, L50, F|100/100
|move|p2a: Rillaboom|Wood Hammer|p1b: Sinistcha
|-supereffective|p1b: Sinistcha
|-damage|p1b: Sinistcha|0 fnt
|-damage|p2a: Rillaboom|64/100|[from] item: Rocky Helmet|[of] p1b: Sinistcha
|faint|p1b: Sinistcha
|-damage|p2a: Rillaboom|41/100|[from] Recoil
|move|p1a: Kyogre|Ice Beam|p2a: Rillaboom
|-supereffective|p2a: Rillaboom
|-damage|p2a: Rillaboom|0 fnt
|faint|p2a: Rillaboom
|
|-weather|RainDance|[upkeep]
|-heal|p1a: Kyogre|84/100|[from] Grassy Terrain
|upkeep
|
|t:|1750713516
|switch|p2a: Kyogre|Kyogre, L50|100/100
|switch|p1b: Incineroar|Incineroar, L50, F|100/100
|-ability|p1b: Incineroar|Intimidate|boost
|-unboost|p2a: Kyogre|atk|1
|-unboost|p2b: Urshifu|atk|1
|turn|3
|
|t:|1750713541
|move|p1b: Incineroar|Fake Out|p2a: Kyogre
|-damage|p2a: Kyogre|90/100
|move|p2b: Urshifu|Close Combat|p1a: Kyogre
|-damage|p1a: Kyogre|43/100
|-unboost|p2b: Urshifu|def|1
|-unboost|p2b: Urshifu|spd|1
|cant|p2a: Kyogre|flinch
|move|p1a: Kyogre|Thunder|p2b: Urshifu
|-supereffective|p2b: Urshifu
|-damage|p2b: Urshifu|0 fnt
|faint|p2b: Urshifu
|
|-weather|RainDance|[upkeep]
|-heal|p2a: Kyogre|96/100|[from] Grassy Terrain
|-heal|p1a: Kyogre|49/100|[from] Grassy Terrain
|upkeep
|
|t:|1750713546
|switch|p2b: Calyrex|Calyrex-Ice, L50, tera:Grass|87/100
|-ability|p2b: Calyrex|As One
|-ability|p2b: Calyrex|Unnerve
|turn|4
|
|t:|1750713566
|switch|p1b: Dialga|Dialga, L50|100/100
|move|p2a: Kyogre|Thunder|p1a: Kyogre
|-supereffective|p1a: Kyogre
|-damage|p1a: Kyogre|10/100
|move|p1a: Kyogre|Thunder|p2a: Kyogre
|-supereffective|p2a: Kyogre
|-damage|p2a: Kyogre|36/100
|move|p2b: Calyrex|Trick Room|p2b: Calyrex
|-fieldstart|move: Trick Room|[of] p2b: Calyrex
|
|-weather|RainDance|[upkeep]
|-heal|p2b: Calyrex|93/100|[from] Grassy Terrain
|-heal|p2b: Calyrex|99/100|[from] item: Leftovers
|-heal|p1a: Kyogre|16/100|[from] Grassy Terrain
|-heal|p2a: Kyogre|42/100|[from] Grassy Terrain
|upkeep
|turn|5
|
|t:|1750713584
|switch|p1a: Incineroar|Incineroar, L50, F|100/100
|-ability|p1a: Incineroar|Intimidate|boost
|-unboost|p2a: Kyogre|atk|1
|-unboost|p2b: Calyrex|atk|1
|move|p2b: Calyrex|Glacial Lance|p1a: Incineroar|[spread] p1a,p1b
|-resisted|p1a: Incineroar
|-damage|p1a: Incineroar|84/100
|-damage|p1b: Dialga|81/100
|move|p1b: Dialga|Dragon Pulse|p2a: Kyogre
|-damage|p2a: Kyogre|15/100
|move|p2a: Kyogre|Origin Pulse|p1a: Incineroar|[spread] p1a
|-miss|p2a: Kyogre|p1b: Dialga
|-supereffective|p1a: Incineroar
|-damage|p1a: Incineroar|0 fnt
|faint|p1a: Incineroar
|
|-weather|none
|-heal|p2b: Calyrex|100/100|[from] Grassy Terrain
|-heal|p1b: Dialga|87/100|[from] Grassy Terrain
|-heal|p2a: Kyogre|21/100|[from] Grassy Terrain
|-fieldend|move: Grassy Terrain
|upkeep
|
|t:|1750713586
|switch|p1a: Kyogre|Kyogre, L50|16/100
|-weather|RainDance|[from] ability: Drizzle|[of] p1a: Kyogre
|turn|6
|
|t:|1750713601
|move|p2b: Calyrex|Glacial Lance|p1b: Dialga|[spread] p1a,p1b
|-resisted|p1a: Kyogre
|-damage|p1a: Kyogre|0 fnt
|-damage|p1b: Dialga|65/100
|faint|p1a: Kyogre
|-ability|p2b: Calyrex|Chilling Neigh|boost
|-boost|p2b: Calyrex|atk|1
|move|p1b: Dialga|Dragon Pulse|p2a: Kyogre
|-damage|p2a: Kyogre|0 fnt
|faint|p2a: Kyogre
|
|-weather|RainDance|[upkeep]
|upkeep
|turn|7
|j| im slaking it rn
|
|t:|1750713609
|move|p2b: Calyrex|Leech Seed|p1b: Dialga
|-start|p1b: Dialga|move: Leech Seed
|move|p1b: Dialga|Dragon Pulse|p2b: Calyrex
|-damage|p2b: Calyrex|72/100
|
|-weather|RainDance|[upkeep]
|-heal|p2b: Calyrex|78/100|[from] item: Leftovers
|-damage|p1b: Dialga|53/100|[from] Leech Seed|[of] p2b: Calyrex
|-heal|p2b: Calyrex|90/100|[silent]
|upkeep
|turn|8
|-message|ArtiboniteLadder forfeited.
|
|win|jackon17
|raw|ArtiboniteLadder's rating: 1505 &rarr; <strong>1490</strong><br />(-15 for losing)
|raw|jackon17's rating: 1593 &rarr; <strong>1608</strong><br />(+15 for winning)
|l|☆ArtiboniteLadder
|player|p1|
|l|☆jackon17
|player|p2|
|l| im slaking it rn
