|j|☆Gitto007
|j|☆Moosewii7
|t:|1750827163
|gametype|doubles
|player|p1|Gitto007|169|1441
|player|p2|Moosewii7|170|1522
|teamsize|p1|6
|teamsize|p2|6
|gen|9
|tier|[Gen 9] VGC 2025 Reg I
|rated|
|rule|Species Clause: Limit one of each Pokémon
|rule|Item Clause: Limit 1 of each item
|clearpoke
|poke|p1|Calyrex-Shadow, L50|
|poke|p1|Urshifu-*, L50, F|
|poke|p1|Zamazenta-*, L50|
|poke|p1|Rillaboom, L50, F|
|poke|p1|Tornadus, L50, M|
|poke|p1|Ogerpon-Hearthflame, L50, F|
|poke|p2|Calyrex-Shadow, L50|
|poke|p2|Indeedee-F, L50, F|
|poke|p2|Kyogre, L50|
|poke|p2|Maushold-Four, L50|
|poke|p2|Garganacl, L50, M|
|poke|p2|Regieleki, L50|
|teampreview|4
|
|t:|1750827201
|start
|switch|p1a: Tornadus|Tornadus, L50, M|100/100
|switch|p1b: Rillaboom|Rillaboom, L50, F|100/100
|switch|p2a: Maushold|Maushold-Four, L50|100/100
|switch|p2b: Regieleki|Regieleki, L50|100/100
|-fieldstart|move: Grassy Terrain|[from] ability: Grassy Surge|[of] p1b: Rillaboom
|turn|1
|inactive|Battle timer is ON: inactive players will automatically lose when time's up. (requested by Moosewii7)
|inactive|Moosewii7 has 60 seconds left.
|
|t:|1750827235
|move|p1b: Rillaboom|Fake Out|p2b: Regieleki
|-damage|p2b: Regieleki|79/100
|move|p1a: Tornadus|Taunt|p2a: Maushold
|-start|p2a: Maushold|move: Taunt
|cant|p2b: Regieleki|flinch
|move|p2a: Maushold|Population Bomb|p1b: Rillaboom
|-damage|p1b: Rillaboom|89/100
|-damage|p1b: Rillaboom|77/100
|-damage|p1b: Rillaboom|66/100
|-damage|p1b: Rillaboom|54/100
|-damage|p1b: Rillaboom|43/100
|-damage|p1b: Rillaboom|31/100
|-damage|p1b: Rillaboom|21/100
|-damage|p1b: Rillaboom|10/100
|-damage|p1b: Rillaboom|0 fnt
|faint|p1b: Rillaboom
|-hitcount|p1: Rillaboom|9
|
|-heal|p2b: Regieleki|85/100|[from] Grassy Terrain
|upkeep
|
|t:|1750827258
|switch|p1b: Zamazenta|Zamazenta-Crowned, L50|100/100
|-ability|p1b: Zamazenta|Dauntless Shield|boost
|-boost|p1b: Zamazenta|def|1
|turn|2
|
|t:|1750827276
|move|p1a: Tornadus|Tailwind|p1a: Tornadus
|-sidestart|p1: Gitto007|move: Tailwind
|move|p1b: Zamazenta|Body Press|p2b: Regieleki
|-crit|p2b: Regieleki
|-damage|p2b: Regieleki|0 fnt
|faint|p2b: Regieleki
|move|p2a: Maushold|Population Bomb|p1a: Tornadus
|-damage|p1a: Tornadus|88/100
|-damage|p1a: Tornadus|76/100
|-damage|p1a: Tornadus|65/100
|-damage|p1a: Tornadus|51/100
|-damage|p1a: Tornadus|38/100
|-damage|p1a: Tornadus|25/100
|-damage|p1a: Tornadus|13/100
|-damage|p1a: Tornadus|0 fnt
|faint|p1a: Tornadus
|-hitcount|p1: Tornadus|8
|
|upkeep
|inactive|Moosewii7 has 30 seconds left.
|
|t:|1750827309
|switch|p2b: Calyrex|Calyrex-Shadow, L50|100/100
|switch|p1a: Calyrex|Calyrex-Shadow, L50|100/100
|-ability|p1a: Calyrex|As One
|-ability|p1a: Calyrex|Unnerve
|-ability|p2b: Calyrex|As One
|-ability|p2b: Calyrex|Unnerve
|turn|3
|
|t:|1750827330
|move|p2b: Calyrex|Protect|p2b: Calyrex
|-singleturn|p2b: Calyrex|Protect
|move|p1a: Calyrex|Astral Barrage|p2a: Maushold|[spread] 
|-activate|p2b: Calyrex|move: Protect
|-immune|p2a: Maushold
|move|p1b: Zamazenta|Body Press|p2a: Maushold
|-supereffective|p2a: Maushold
|-damage|p2a: Maushold|0 fnt
|faint|p2a: Maushold
|
|upkeep
|
|t:|1750827344
|switch|p2a: Kyogre|Kyogre, L50|100/100
|-weather|RainDance|[from] ability: Drizzle|[of] p2a: Kyogre
|turn|4
|
|t:|1750827361
|-terastallize|p1a: Calyrex|Ghost
|-terastallize|p2b: Calyrex|Fairy
|move|p1b: Zamazenta|Wide Guard|p1b: Zamazenta
|-singleturn|p1b: Zamazenta|Wide Guard
|move|p1a: Calyrex|Astral Barrage|p2a: Kyogre|[spread] p2a,p2b
|-damage|p2a: Kyogre|56/100
|-damage|p2b: Calyrex|25/100
|move|p2b: Calyrex|Psychic|p1b: Zamazenta
|-damage|p1b: Zamazenta|56/100
|move|p2a: Kyogre|Hydro Pump|p1b: Zamazenta
|-damage|p1b: Zamazenta|0 fnt
|faint|p1b: Zamazenta
|
|-weather|RainDance|[upkeep]
|-heal|p2b: Calyrex|32/100|[from] Grassy Terrain
|-heal|p2a: Kyogre|62/100|[from] Grassy Terrain
|upkeep
|turn|5
|l|☆Gitto007
|inactive|Gitto007 disconnected and has a minute to reconnect!
|player|p1|
|inactive|Gitto007 has 30 seconds left.
|inactive|Gitto007 has 20 seconds left.
|inactive|Gitto007 has 15 seconds left.
|inactive|Gitto007 has 10 seconds left.
|inactive|Gitto007 has 5 seconds left.
|-message|Gitto007 lost due to inactivity.
|
|win|Moosewii7
|raw|Gitto007's rating: 1441 &rarr; <strong>1426</strong><br />(-15 for losing)
|raw|Moosewii7's rating: 1522 &rarr; <strong>1537</strong><br />(+15 for winning)
|j|☆Gitto007
|player|p1|Gitto007|169|
|l|☆Gitto007
|player|p1|
|l|☆Moosewii7
|player|p2|
