|j|☆Lelouis0
|j|☆kuikoo
|t:|1750747851
|gametype|doubles
|player|p1|Lelouis0|cyclist|1121
|player|p2|kuikoo|170|1229
|teamsize|p1|6
|teamsize|p2|6
|gen|9
|tier|[Gen 9] VGC 2025 Reg I
|rated|
|rule|Species Clause: Limit one of each Pokémon
|rule|Item Clause: Limit 1 of each item
|clearpoke
|poke|p1|Gyarados, L50, M|
|poke|p1|Lugia, L50|
|poke|p1|Grimmsnarl, L50, M|
|poke|p1|Umbreon, L50, F|
|poke|p1|Stonjourner, L50, F|
|poke|p1|Ho-Oh, L50|
|poke|p2|Miraidon, L50|
|poke|p2|Kyogre, L50|
|poke|p2|Urshifu-*, L50, M|
|poke|p2|Incineroar, L50, M|
|poke|p2|Iron Valiant, L50|
|poke|p2|Iron Hands, L50|
|teampreview|4
|inactive|Battle timer is ON: inactive players will automatically lose when time's up. (requested by kuikoo)
Lelouis0 has agreed to open team sheets.
|inactive|kuikoo has 60 seconds left.
|
|t:|1750747905
|start
|switch|p1a: Gyarados|Gyarados, L50, M|100/100
|switch|p1b: Stonjourner|Stonjourner, L50, F|100/100
|switch|p2a: Iron Valiant|Iron Valiant, L50|100/100
|switch|p2b: Iron Hands|Iron Hands, L50|100/100
|turn|1
|inactive|kuikoo has 30 seconds left.
|
|t:|1750747932
|-terastallize|p1a: Gyarados|Ground
|move|p1b: Stonjourner|Protect|p1b: Stonjourner
|-singleturn|p1b: Stonjourner|Protect
|move|p2a: Iron Valiant|Taunt|p1b: Stonjourner
|-activate|p1b: Stonjourner|move: Protect
|move|p1a: Gyarados|Earthquake|p2b: Iron Hands|[spread] p2a,p2b
|-activate|p1b: Stonjourner|move: Protect
|-supereffective|p2b: Iron Hands
|-damage|p2a: Iron Valiant|24/100
|-damage|p2b: Iron Hands|0 fnt
|faint|p2b: Iron Hands
|-end|p2b: Iron Hands|Quark Drive|[silent]
|-ability|p1a: Gyarados|Moxie|boost
|-boost|p1a: Gyarados|atk|1
|
|upkeep
|
|t:|1750747943
|switch|p2b: Miraidon|Miraidon, L50|100/100
|-fieldstart|move: Electric Terrain|[from] ability: Hadron Engine|[of] p2b: Miraidon
|-activate|p2a: Iron Valiant|ability: Quark Drive
|-start|p2a: Iron Valiant|quarkdrivespe
|turn|2
|
|t:|1750747952
|move|p2a: Iron Valiant|Wide Guard|p2a: Iron Valiant
|-singleturn|p2a: Iron Valiant|Wide Guard
|move|p1b: Stonjourner|Wide Guard|p1b: Stonjourner
|-singleturn|p1b: Stonjourner|Wide Guard
|move|p2b: Miraidon|Dazzling Gleam|p1b: Stonjourner|[spread] 
|-activate|p1a: Gyarados|move: Wide Guard
|-activate|p1b: Stonjourner|move: Wide Guard
|move|p1a: Gyarados|Earthquake|p2a: Iron Valiant|[spread] 
|-activate|p1b: Stonjourner|move: Wide Guard
|-activate|p2a: Iron Valiant|move: Wide Guard
|-activate|p2b: Miraidon|move: Wide Guard
|
|upkeep
|turn|3
|
|t:|1750747973
|switch|p1b: Ho-Oh|Ho-Oh, L50|100/100
|move|p2b: Miraidon|Protect|p2b: Miraidon
|-singleturn|p2b: Miraidon|Protect
|move|p2a: Iron Valiant|Taunt|p1b: Ho-Oh
|-start|p1b: Ho-Oh|move: Taunt
|move|p1a: Gyarados|Earthquake|p2a: Iron Valiant|[spread] p2a
|-activate|p2b: Miraidon|move: Protect
|-immune|p1b: Ho-Oh
|-crit|p2a: Iron Valiant
|-damage|p2a: Iron Valiant|0 fnt
|faint|p2a: Iron Valiant
|-end|p2a: Iron Valiant|Quark Drive|[silent]
|-ability|p1a: Gyarados|Moxie|boost
|-boost|p1a: Gyarados|atk|1
|
|upkeep
|
|t:|1750747983
|switch|p2a: Incineroar|Incineroar, L50, M|100/100
|-ability|p2a: Incineroar|Intimidate|boost
|-unboost|p1a: Gyarados|atk|1
|-unboost|p1b: Ho-Oh|atk|1
|turn|4
|
|t:|1750748001
|-terastallize|p2b: Miraidon|Fairy
|move|p2a: Incineroar|Fake Out|p1a: Gyarados
|-damage|p1a: Gyarados|85/100
|move|p2b: Miraidon|Electro Drift|p1b: Ho-Oh
|-supereffective|p1b: Ho-Oh
|-damage|p1b: Ho-Oh|0 fnt
|faint|p1b: Ho-Oh
|cant|p1a: Gyarados|flinch
|
|upkeep
|
|t:|1750748010
|switch|p1b: Stonjourner|Stonjourner, L50, F|100/100
|turn|5
|
|t:|1750748017
|move|p2b: Miraidon|Protect|p2b: Miraidon
|-singleturn|p2b: Miraidon|Protect
|move|p1b: Stonjourner|Protect|p1b: Stonjourner
|-singleturn|p1b: Stonjourner|Protect
|move|p1a: Gyarados|Earthquake|p2a: Incineroar|[spread] p2a
|-activate|p1b: Stonjourner|move: Protect
|-activate|p2b: Miraidon|move: Protect
|-supereffective|p2a: Incineroar
|-damage|p2a: Incineroar|0 fnt
|faint|p2a: Incineroar
|-ability|p1a: Gyarados|Moxie|boost
|-boost|p1a: Gyarados|atk|1
|
|upkeep
|turn|6
|-message|kuikoo forfeited.
|
|win|Lelouis0
|raw|Lelouis0's rating: 1121 &rarr; <strong>1154</strong><br />(+33 for winning)
|raw|kuikoo's rating: 1229 &rarr; <strong>1196</strong><br />(-33 for losing)
|l|☆kuikoo
|player|p2|
|l|☆Lelouis0
|player|p1|
