|j|☆naibot2814
|j|☆kojimuranishi
|t:|1750789661
|gametype|doubles
|player|p1|naibot2814|ghetsis|1641
|player|p2|kojimuranishi|265|1685
|teamsize|p1|6
|teamsize|p2|6
|gen|9
|tier|[Gen 9] VGC 2025 Reg I
|rated|
|rule|Species Clause: Limit one of each Pokémon
|rule|Item Clause: Limit 1 of each item
|clearpoke
|poke|p1|Zamazenta-*, L50|
|poke|p1|Ogerpon-Hearthflame, L50, F|
|poke|p1|Calyrex-Shadow, L50|
|poke|p1|Incineroar, L50, M|
|poke|p1|Rillaboom, L50, M|
|poke|p1|Raging Bolt, L50|
|poke|p2|Calyrex-Ice, L50|
|poke|p2|Whimsicott, L50, M|
|poke|p2|Volcarona, L50, F|
|poke|p2|Chi-Yu, L50|
|poke|p2|Landorus, L50, M|
|poke|p2|Terapagos, L50, M|
|teampreview|4
|inactive|Battle timer is ON: inactive players will automatically lose when time's up. (requested by kojimuranishi)
|inactive|kojimuranishi has 60 seconds left.
|
|t:|1750789712
|start
|switch|p1a: Ogerpon|Ogerpon-Hearthflame, L50, F|100/100
|switch|p1b: Incineroar|Incineroar, L50, M|100/100
|switch|p2a: Volcarona|Volcarona, L50, F|100/100
|switch|p2b: Terapagos|Terapagos, L50, M|100/100
|-activate|p2b: Terapagos|ability: Tera Shift
|detailschange|p2b: Terapagos|Terapagos-Terastal, L50, M
|-heal|p2b: Terapagos|100/100|[silent]
|-ability|p1a: Ogerpon|Mold Breaker
|-ability|p1b: Incineroar|Intimidate|boost
|-unboost|p2a: Volcarona|atk|1
|-unboost|p2b: Terapagos|atk|1
|turn|1
|
|t:|1750789731
|-terastallize|p1a: Ogerpon|Fire
|detailschange|p1a: Ogerpon|Ogerpon-Hearthflame-Tera, L50, F, tera:Fire
|-ability|p1a: Ogerpon|Embody Aspect (Hearthflame)|boost
|-boost|p1a: Ogerpon|atk|1
|move|p2b: Terapagos|Protect|p2b: Terapagos
|-singleturn|p2b: Terapagos|Protect
|move|p1b: Incineroar|Fake Out|p2b: Terapagos
|-activate|p2b: Terapagos|move: Protect
|move|p1a: Ogerpon|Ivy Cudgel|p2a: Volcarona|[anim] Ivy Cudgel Fire
|-damage|p2a: Volcarona|0 fnt
|faint|p2a: Volcarona
|
|upkeep
|
|t:|1750789746
|switch|p2a: Landorus|Landorus, L50, M|100/100
|turn|2
|
|t:|1750789763
|move|p1b: Incineroar|Helping Hand|p1a: Ogerpon
|-singleturn|p1a: Ogerpon|Helping Hand|[of] p1b: Incineroar
|move|p2a: Landorus|Earth Power|p1b: Incineroar
|-supereffective|p1b: Incineroar
|-damage|p1b: Incineroar|4/100
|move|p1a: Ogerpon|Ivy Cudgel|p2a: Landorus|[anim] Ivy Cudgel Fire
|-damage|p2a: Landorus|0 fnt
|faint|p2a: Landorus
|move|p2b: Terapagos|Rock Polish|p2b: Terapagos
|-boost|p2b: Terapagos|spe|2
|
|upkeep
|
|t:|1750789783
|switch|p2a: Chi-Yu|Chi-Yu, L50|100/100
|-ability|p2a: Chi-Yu|Beads of Ruin
|turn|3
|
|t:|1750789804
|move|p1a: Ogerpon|Spiky Shield|p1a: Ogerpon
|-singleturn|p1a: Ogerpon|move: Protect
|move|p2b: Terapagos|Meteor Beam||[still]
|-prepare|p2b: Terapagos|Meteor Beam
|-boost|p2b: Terapagos|spa|1
|-enditem|p2b: Terapagos|Power Herb
|-anim|p2b: Terapagos|Meteor Beam|p1a: Ogerpon
|-activate|p1a: Ogerpon|move: Protect
|move|p2a: Chi-Yu|Overheat|p1b: Incineroar|[miss]
|-miss|p2a: Chi-Yu|p1b: Incineroar
|move|p1b: Incineroar|Parting Shot|p2a: Chi-Yu
|-unboost|p2a: Chi-Yu|atk|1
|-unboost|p2a: Chi-Yu|spa|1
|inactive|naibot2814 has 30 seconds left.
|
|t:|1750789837
|switch|p1b: Calyrex|Calyrex-Shadow, L50|100/100|[from] Parting Shot
|-ability|p1b: Calyrex|As One
|-ability|p1b: Calyrex|Unnerve
|
|upkeep
|turn|4
|
|t:|1750789851
|switch|p1a: Incineroar|Incineroar, L50, M|4/100
|-ability|p1a: Incineroar|Intimidate|boost
|-unboost|p2a: Chi-Yu|atk|1
|-unboost|p2b: Terapagos|atk|1
|-terastallize|p2b: Terapagos|Stellar
|detailschange|p2b: Terapagos|Terapagos-Stellar, L50, M, tera:Stellar
|-heal|p2b: Terapagos|100/100|[silent]
|move|p2b: Terapagos|Tera Starstorm|p1a: Incineroar|[spread] p1a,p1b
|-damage|p1a: Incineroar|0 fnt
|-damage|p1b: Calyrex|19/100
|faint|p1a: Incineroar
|move|p1b: Calyrex|Psychic|p2b: Terapagos
|-damage|p2b: Terapagos|39/100
|-damage|p1b: Calyrex|10/100|[from] item: Life Orb
|move|p2a: Chi-Yu|Overheat|p1b: Calyrex
|-damage|p1b: Calyrex|0 fnt
|-unboost|p2a: Chi-Yu|spa|2
|faint|p1b: Calyrex
|
|upkeep
|
|t:|1750789874
|switch|p1b: Ogerpon|Ogerpon-Hearthflame-Tera, L50, F, tera:Fire|100/100
|switch|p1a: Zamazenta|Zamazenta-Crowned, L50|100/100
|-ability|p1a: Zamazenta|Dauntless Shield|boost
|-boost|p1a: Zamazenta|def|1
|-ability|p1b: Ogerpon|Embody Aspect (Hearthflame)|boost
|-boost|p1b: Ogerpon|atk|1
|turn|5
|
|t:|1750789890
|move|p1a: Zamazenta|Wide Guard|p1a: Zamazenta
|-singleturn|p1a: Zamazenta|Wide Guard
|move|p2b: Terapagos|Tera Starstorm|p1a: Zamazenta|[spread] 
|-activate|p1a: Zamazenta|move: Wide Guard
|-activate|p1b: Ogerpon|move: Wide Guard
|move|p2a: Chi-Yu|Overheat|p1a: Zamazenta|[miss]
|-miss|p2a: Chi-Yu|p1a: Zamazenta
|move|p1b: Ogerpon|Ivy Cudgel|p2b: Terapagos|[anim] Ivy Cudgel Fire
|-damage|p2b: Terapagos|0 fnt
|faint|p2b: Terapagos
|detailschange|p2: Terapagos|Terapagos, L50, M|[silent]
|
|upkeep
|turn|6
|-message|kojimuranishi forfeited.
|
|win|naibot2814
|raw|naibot2814's rating: 1641 &rarr; <strong>1664</strong><br />(+23 for winning)
|raw|kojimuranishi's rating: 1685 &rarr; <strong>1662</strong><br />(-23 for losing)
|l|☆kojimuranishi
|player|p2|
