|j|☆drewskiloo
|j|☆Foeluis
|t:|1750825577
|gametype|doubles
|player|p1|drewskiloo|shadowtriad|1370
|player|p2|Foeluis|170|1453
|teamsize|p1|6
|teamsize|p2|6
|gen|9
|tier|[Gen 9] VGC 2025 Reg I
|rated|
|rule|Species Clause: Limit one of each Pokémon
|rule|Item Clause: Limit 1 of each item
|clearpoke
|poke|p1|Calyrex-Shadow, L50|
|poke|p1|Koraidon, L50|
|poke|p1|Weezing-Galar, L50, M|
|poke|p1|Raging Bolt, L50|
|poke|p1|Whimsicott, L50, F|
|poke|p1|Volcarona, L50, F|
|poke|p2|Kyogre, L50|
|poke|p2|Incineroar, L50, M|
|poke|p2|Zacian-*, L50|
|poke|p2|Rillaboom, L50, F|
|poke|p2|Tornadus, L50, M|
|poke|p2|Urshifu-*, L50, M|
|teampreview|4
|inactive|Battle timer is ON: inactive players will automatically lose when time's up. (requested by drewskiloo)
|inactive|Foeluis has 60 seconds left.
|
|t:|1750825614
|start
|switch|p1a: Koraidon|Koraidon, L50|100/100
|switch|p1b: Weezing|Weezing-Galar, L50, M|100/100
|switch|p2a: Urshifu|Urshifu, L50, M|100/100
|switch|p2b: Tornadus|Tornadus, L50, M|100/100
|-ability|p1b: Weezing|Neutralizing Gas
|-block|p1a: Koraidon|item: Ability Shield
|-weather|SunnyDay|[from] ability: Orichalcum Pulse|[of] p1a: Koraidon
|-activate|p1a: Koraidon|Orichalcum Pulse|[source]
|turn|1
|inactive|Foeluis has 30 seconds left.
|
|t:|1750825641
|-end|p1b: Weezing|ability: Neutralizing Gas
|switch|p1b: Raging Bolt|Raging Bolt, L50|100/100
|-activate|p1b: Raging Bolt|ability: Protosynthesis
|-start|p1b: Raging Bolt|protosynthesisspa
|move|p2b: Tornadus|Rain Dance|p2b: Tornadus
|-weather|RainDance
|-end|p1b: Raging Bolt|Protosynthesis
|move|p1a: Koraidon|Flame Charge|p2a: Urshifu
|-damage|p2a: Urshifu|90/100
|-boost|p1a: Koraidon|spe|1
|move|p2a: Urshifu|Close Combat|p1a: Koraidon
|-damage|p1a: Koraidon|42/100
|-unboost|p2a: Urshifu|def|1
|-unboost|p2a: Urshifu|spd|1
|
|-weather|RainDance|[upkeep]
|upkeep
|turn|2
|inactive|drewskiloo has 30 seconds left.
|inactive|Foeluis has 30 seconds left.
|inactive|Foeluis has 20 seconds left.
|inactive|Foeluis has 15 seconds left.
|
|t:|1750825682
|move|p2b: Tornadus|Tailwind|p2b: Tornadus
|-sidestart|p2: Foeluis|move: Tailwind
|move|p2a: Urshifu|Sucker Punch|p1a: Koraidon
|-resisted|p1a: Koraidon
|-damage|p1a: Koraidon|25/100
|move|p1a: Koraidon|Collision Course|p2a: Urshifu
|-supereffective|p2a: Urshifu
|-damage|p2a: Urshifu|0 fnt
|faint|p2a: Urshifu
|move|p1b: Raging Bolt|Thunderbolt|p2b: Tornadus
|-supereffective|p2b: Tornadus
|-damage|p2b: Tornadus|0 fnt
|faint|p2b: Tornadus
|
|-weather|RainDance|[upkeep]
|upkeep
|
|t:|1750825696
|switch|p2b: Zacian|Zacian-Crowned, L50|100/100
|switch|p2a: Kyogre|Kyogre, L50|100/100
|-ability|p2b: Zacian|Intrepid Sword|boost
|-boost|p2b: Zacian|atk|1
|turn|3
|
|t:|1750825713
|-terastallize|p2a: Kyogre|Grass
|move|p1a: Koraidon|Protect|p1a: Koraidon
|-singleturn|p1a: Koraidon|Protect
|move|p1b: Raging Bolt|Thunderclap|p2a: Kyogre
|-resisted|p2a: Kyogre
|-damage|p2a: Kyogre|84/100
|move|p2b: Zacian|Play Rough|p1b: Raging Bolt
|-supereffective|p1b: Raging Bolt
|-damage|p1b: Raging Bolt|0 fnt
|faint|p1b: Raging Bolt
|-end|p1b: Raging Bolt|Protosynthesis|[silent]
|move|p2a: Kyogre|Origin Pulse|p1a: Koraidon
|-activate|p1a: Koraidon|move: Protect
|
|-weather|RainDance|[upkeep]
|upkeep
|
|t:|1750825719
|switch|p1b: Weezing|Weezing-Galar, L50, M|100/100
|-ability|p1b: Weezing|Neutralizing Gas
|-block|p1a: Koraidon|item: Ability Shield
|turn|4
|
|t:|1750825734
|switch|p1a: Calyrex|Calyrex-Shadow, L50|100/100
|-ability|p1a: Calyrex|As One
|-ability|p1a: Calyrex|Unnerve
|-terastallize|p1b: Weezing|Dark
|move|p2b: Zacian|Behemoth Blade|p1b: Weezing
|-damage|p1b: Weezing|22/100
|-enditem|p1b: Weezing|Sitrus Berry|[eat]
|-heal|p1b: Weezing|47/100|[from] item: Sitrus Berry
|move|p2a: Kyogre|Origin Pulse|p1a: Calyrex|[spread] p1a,p1b
|-damage|p1a: Calyrex|27/100
|-damage|p1b: Weezing|0 fnt
|faint|p1b: Weezing
|-end|p1b: Weezing|ability: Neutralizing Gas
|
|-weather|RainDance|[upkeep]
|upkeep
|
|t:|1750825737
|switch|p1b: Koraidon|Koraidon, L50|25/100
|-weather|SunnyDay|[from] ability: Orichalcum Pulse|[of] p1b: Koraidon
|-activate|p1b: Koraidon|Orichalcum Pulse|[source]
|turn|5
|inactive|Foeluis has 30 seconds left.
|
|t:|1750825771
|move|p1a: Calyrex|Protect|p1a: Calyrex
|-singleturn|p1a: Calyrex|Protect
|move|p1b: Koraidon|Protect|p1b: Koraidon
|-singleturn|p1b: Koraidon|Protect
|move|p2b: Zacian|Sacred Sword|p1b: Koraidon
|-activate|p1b: Koraidon|move: Protect
|move|p2a: Kyogre|Origin Pulse|p1a: Calyrex|[spread] 
|-activate|p1a: Calyrex|move: Protect
|-activate|p1b: Koraidon|move: Protect
|
|-weather|SunnyDay|[upkeep]
|-sideend|p2: Foeluis|move: Tailwind
|upkeep
|turn|6
|
|t:|1750825791
|move|p1a: Calyrex|Astral Barrage|p2a: Kyogre|[spread] p2a,p2b
|-damage|p2a: Kyogre|39/100
|-damage|p2b: Zacian|45/100
|move|p2b: Zacian|Sacred Sword|p1b: Koraidon
|-damage|p1b: Koraidon|0 fnt
|faint|p1b: Koraidon
|move|p2a: Kyogre|Origin Pulse|p1a: Calyrex
|-damage|p1a: Calyrex|0 fnt
|faint|p1a: Calyrex
|
|win|Foeluis
|raw|drewskiloo's rating: 1370 &rarr; <strong>1355</strong><br />(-15 for losing)
|raw|Foeluis's rating: 1453 &rarr; <strong>1468</strong><br />(+15 for winning)
|l|☆drewskiloo
|player|p1|
|l|☆Foeluis
|player|p2|
