|j|☆Diegopf21
|j|☆Dandraker
|t:|1750873090
|gametype|doubles
|player|p1|Diegopf21|dawn-gen4pt|1288
|player|p2|Dandraker|102|1259
|teamsize|p1|6
|teamsize|p2|6
|gen|9
|tier|[Gen 9] VGC 2025 Reg I
|rated|
|rule|Species Clause: Limit one of each Pokémon
|rule|Item Clause: Limit 1 of each item
|clearpoke
|poke|p1|Miraidon, L50|
|poke|p1|Farigiraf, L50, M|
|poke|p1|Sneasler, L50, M|
|poke|p1|Sinistcha-Masterpiece, L50|
|poke|p1|Swampert, L50, M|
|poke|p1|Calyrex-Ice, L50|
|poke|p2|Incineroar, L50, F|
|poke|p2|Kyogre, L50|
|poke|p2|Rillaboom, L50, F|
|poke|p2|Volcarona, L50, M|
|poke|p2|Zacian-*, L50|
|poke|p2|Goodra-Hisui, L50, M|
|teampreview|4
|inactive|Battle timer is ON: inactive players will automatically lose when time's up. (requested by Dandraker)
|
|t:|1750873110
|start
|switch|p1a: Miraidon|Miraidon, L50|100/100
|switch|p1b: Sneasler|Sneasler, L50, M|100/100
|switch|p2a: Zacian|Zacian-Crowned, L50|100/100
|switch|p2b: Goodra|Goodra-Hisui, L50, M|100/100
|-fieldstart|move: Electric Terrain|[from] ability: Hadron Engine|[of] p1a: Miraidon
|-enditem|p1b: Sneasler|Electric Seed
|-boost|p1b: Sneasler|def|1|[from] item: Electric Seed
|-ability|p2a: Zacian|Intrepid Sword|boost
|-boost|p2a: Zacian|atk|1
|turn|1
|inactive|Diegopf21 has 30 seconds left.
|inactive|Dandraker has 30 seconds left.
|
|t:|1750873144
|switch|p2a: Incineroar|Incineroar, L50, F|100/100
|-ability|p2a: Incineroar|Intimidate|boost
|-unboost|p1a: Miraidon|atk|1
|-unboost|p1b: Sneasler|atk|1
|-terastallize|p1a: Miraidon|Fairy
|move|p2b: Goodra|Protect|p2b: Goodra
|-singleturn|p2b: Goodra|Protect
|move|p1b: Sneasler|Fake Out|p2a: Incineroar
|-damage|p2a: Incineroar|92/100
|move|p1a: Miraidon|Overheat|p2a: Incineroar
|-resisted|p2a: Incineroar
|-damage|p2a: Incineroar|57/100
|-unboost|p1a: Miraidon|spa|2
|
|upkeep
|turn|2
|inactive|Dandraker has 30 seconds left.
|inactive|Dandraker has 20 seconds left.
|
|t:|1750873179
|switch|p1a: Farigiraf|Farigiraf, L50, M|100/100
|move|p1b: Sneasler|Close Combat|p2b: Goodra
|-supereffective|p2b: Goodra
|-damage|p2b: Goodra|13/100
|-unboost|p1b: Sneasler|def|1
|-unboost|p1b: Sneasler|spd|1
|-ability|p2b: Goodra|Gooey
|-unboost|p1b: Sneasler|spe|1
|move|p2a: Incineroar|Parting Shot|p1a: Farigiraf
|-unboost|p1a: Farigiraf|atk|1
|-unboost|p1a: Farigiraf|spa|1
|
|t:|1750873192
|switch|p2a: Kyogre|Kyogre, L50|100/100|[from] Parting Shot
|-weather|RainDance|[from] ability: Drizzle|[of] p2a: Kyogre
|move|p2b: Goodra|Flash Cannon|p1a: Farigiraf
|-damage|p1a: Farigiraf|70/100
|-unboost|p1a: Farigiraf|spd|1
|
|-weather|RainDance|[upkeep]
|upkeep
|turn|3
|
|t:|1750873212
|switch|p1b: Swampert|Swampert, L50, M|100/100
|switch|p2b: Incineroar|Incineroar, L50, F|57/100
|-ability|p2b: Incineroar|Intimidate|boost
|-unboost|p1a: Farigiraf|atk|1
|-unboost|p1b: Swampert|atk|1
|move|p2a: Kyogre|Water Spout|p1a: Farigiraf|[spread] p1a,p1b
|-damage|p1a: Farigiraf|0 fnt
|-damage|p1b: Swampert|0 fnt
|faint|p1a: Farigiraf
|faint|p1b: Swampert
|
|-weather|RainDance|[upkeep]
|upkeep
|
|t:|1750873225
|switch|p1b: Sneasler|Sneasler, L50, M|100/100
|switch|p1a: Miraidon|Miraidon, L50, tera:Fairy|100/100
|-activate|p1a: Miraidon|ability: Hadron Engine
|turn|4
|inactive|Dandraker has 30 seconds left.
|
|t:|1750873252
|-terastallize|p2a: Kyogre|Electric
|move|p1b: Sneasler|Fake Out|p2b: Incineroar
|-damage|p2b: Incineroar|45/100
|move|p1a: Miraidon|Electro Drift|p2a: Kyogre
|-resisted|p2a: Kyogre
|-damage|p2a: Kyogre|49/100
|move|p2a: Kyogre|Origin Pulse|p1a: Miraidon|[spread] p1a,p1b
|-damage|p1a: Miraidon|18/100
|-damage|p1b: Sneasler|0 fnt
|faint|p1b: Sneasler
|cant|p2b: Incineroar|flinch
|
|-weather|RainDance|[upkeep]
|upkeep
|turn|5
|
|t:|1750873273
|move|p1a: Miraidon|Electro Drift|p2a: Kyogre
|-resisted|p2a: Kyogre
|-damage|p2a: Kyogre|0 fnt
|faint|p2a: Kyogre
|move|p2b: Incineroar|Parting Shot|p1a: Miraidon
|-unboost|p1a: Miraidon|atk|1
|-unboost|p1a: Miraidon|spa|1
|
|t:|1750873280
|switch|p2b: Goodra|Goodra-Hisui, L50, M|13/100|[from] Parting Shot
|
|-weather|RainDance|[upkeep]
|-fieldend|move: Electric Terrain
|upkeep
|
|t:|1750873284
|switch|p2a: Zacian|Zacian-Crowned, L50|100/100
|turn|6
|
|t:|1750873289
|move|p1a: Miraidon|Electro Drift|p2a: Zacian
|-damage|p2a: Zacian|54/100
|move|p2a: Zacian|Behemoth Blade|p1a: Miraidon
|-supereffective|p1a: Miraidon
|-damage|p1a: Miraidon|0 fnt
|faint|p1a: Miraidon
|
|win|Dandraker
|raw|Diegopf21's rating: 1288 &rarr; <strong>1261</strong><br />(-27 for losing)
|raw|Dandraker's rating: 1259 &rarr; <strong>1286</strong><br />(+27 for winning)
|l|☆Diegopf21
|player|p1|
|l|☆Dandraker
|player|p2|
