|j|☆anubisjr
|j|☆taelss
|t:|1750720001
|gametype|doubles
|player|p1|anubisjr|102|1413
|player|p2|taelss|skyla|1364
|teamsize|p1|6
|teamsize|p2|6
|gen|9
|tier|[Gen 9] VGC 2025 Reg I
|rated|
|rule|Species Clause: Limit one of each Pokémon
|rule|Item Clause: Limit 1 of each item
|clearpoke
|poke|p1|Calyrex-Shadow, L50|
|poke|p1|Miraidon, L50|
|poke|p1|Whimsicott, L50, F|
|poke|p1|Iron Treads, L50|
|poke|p1|Urshifu-*, L50, F|
|poke|p1|Iron Hands, L50|
|poke|p2|Koraidon, L50|
|poke|p2|Lunala, L50|
|poke|p2|Grimmsnarl, L50, M|
|poke|p2|Scream Tail, L50|
|poke|p2|Incineroar, L50, F|
|poke|p2|Ogerpon-Wellspring, L50, F|
|teampreview|4
|
|t:|1750720027
|start
|switch|p1a: Whimsicott|Whimsicott, L50, F|100/100
|switch|p1b: Miraidon|Miraidon, L50|100/100
|switch|p2a: Grimmsnarl|Grimmsnarl, L50, M|100/100
|switch|p2b: Koraidon|Koraidon, L50|100/100
|-fieldstart|move: Electric Terrain|[from] ability: Hadron Engine|[of] p1b: Miraidon
|-weather|SunnyDay|[from] ability: Orichalcum Pulse|[of] p2b: Koraidon
|-activate|p2b: Koraidon|Orichalcum Pulse|[source]
|turn|1
|
|t:|1750720067
|-terastallize|p2b: Koraidon|Fire
|move|p1a: Whimsicott|Tailwind|p1a: Whimsicott
|-sidestart|p1: anubisjr|move: Tailwind
|move|p2a: Grimmsnarl|Light Screen|p2a: Grimmsnarl
|-sidestart|p2: taelss|move: Light Screen
|move|p1b: Miraidon|Volt Switch|p2a: Grimmsnarl
|-damage|p2a: Grimmsnarl|38/100
|
|t:|1750720075
|switch|p1b: Calyrex|Calyrex-Shadow, L50|100/100|[from] Volt Switch
|-ability|p1b: Calyrex|As One
|-ability|p1b: Calyrex|Unnerve
|move|p2b: Koraidon|Flame Charge|p1a: Whimsicott
|-supereffective|p1a: Whimsicott
|-damage|p1a: Whimsicott|0 fnt
|-boost|p2b: Koraidon|spe|1
|faint|p1a: Whimsicott
|
|-weather|SunnyDay|[upkeep]
|upkeep
|
|t:|1750720079
|switch|p1a: Miraidon|Miraidon, L50|100/100
|-activate|p1a: Miraidon|ability: Hadron Engine
|turn|2
|
|t:|1750720105
|-terastallize|p1b: Calyrex|Dark
|move|p2a: Grimmsnarl|Thunder Wave|p1b: Calyrex
|-hint|Since gen 7, Dark is immune to Prankster moves.
|-immune|p1b: Calyrex
|move|p1b: Calyrex|Psychic|p2b: Koraidon
|-damage|p2b: Koraidon|61/100
|-damage|p1b: Calyrex|91/100|[from] item: Life Orb
|move|p1a: Miraidon|Electro Drift|p2b: Koraidon
|-damage|p2b: Koraidon|0 fnt
|faint|p2b: Koraidon
|
|-weather|SunnyDay|[upkeep]
|upkeep
|
|t:|1750720119
|switch|p2b: Incineroar|Incineroar, L50, F|100/100
|-ability|p2b: Incineroar|Intimidate|boost
|-unboost|p1a: Miraidon|atk|1
|-unboost|p1b: Calyrex|atk|1
|turn|3
|
|t:|1750720128
|switch|p1b: Iron Treads|Iron Treads, L50|100/100
|-activate|p1b: Iron Treads|ability: Quark Drive
|-start|p1b: Iron Treads|quarkdrivespe
|move|p2b: Incineroar|Fake Out|p1b: Iron Treads
|-resisted|p1b: Iron Treads
|-damage|p1b: Iron Treads|96/100
|move|p1a: Miraidon|Electro Drift|p2a: Grimmsnarl
|-crit|p2a: Grimmsnarl
|-damage|p2a: Grimmsnarl|0 fnt
|faint|p2a: Grimmsnarl
|
|-weather|SunnyDay|[upkeep]
|upkeep
|
|t:|1750720139
|switch|p2a: Lunala|Lunala, L50, shiny|100/100
|turn|4
|
|t:|1750720156
|move|p1b: Iron Treads|Metal Sound|p2a: Lunala
|-unboost|p2a: Lunala|spd|2
|move|p1a: Miraidon|Electro Drift|p2a: Lunala
|-damage|p2a: Lunala|36/100
|move|p2a: Lunala|Moonblast|p1a: Miraidon
|-supereffective|p1a: Miraidon
|-damage|p1a: Miraidon|48/100
|-unboost|p1a: Miraidon|spa|1
|move|p2b: Incineroar|Flare Blitz|p1b: Iron Treads
|-supereffective|p1b: Iron Treads
|-damage|p1b: Iron Treads|0 fnt
|faint|p1b: Iron Treads
|-end|p1b: Iron Treads|Quark Drive|[silent]
|-damage|p2b: Incineroar|75/100|[from] Recoil
|
|-weather|SunnyDay|[upkeep]
|-heal|p2a: Lunala|42/100|[from] item: Leftovers
|-sideend|p1: anubisjr|move: Tailwind
|upkeep
|
|t:|1750720161
|switch|p1b: Calyrex|Calyrex-Shadow, L50, tera:Dark|91/100
|-ability|p1b: Calyrex|As One
|-ability|p1b: Calyrex|Unnerve
|turn|5
|
|t:|1750720186
|move|p2a: Lunala|Wide Guard|p2a: Lunala
|-singleturn|p2a: Lunala|Wide Guard
|move|p1b: Calyrex|Nasty Plot|p1b: Calyrex
|-boost|p1b: Calyrex|spa|2
|move|p1a: Miraidon|Electro Drift|p2a: Lunala
|-damage|p2a: Lunala|0 fnt
|faint|p2a: Lunala
|move|p2b: Incineroar|Flare Blitz|p1a: Miraidon
|-resisted|p1a: Miraidon
|-damage|p1a: Miraidon|14/100
|-damage|p2b: Incineroar|65/100|[from] Recoil
|
|-weather|none
|-sideend|p2: taelss|move: Light Screen
|-fieldend|move: Electric Terrain
|upkeep
|turn|6
|
|t:|1750720198
|move|p1b: Calyrex|Astral Barrage|p2b: Incineroar
|-resisted|p2b: Incineroar
|-damage|p2b: Incineroar|6/100
|-damage|p1b: Calyrex|81/100|[from] item: Life Orb
|move|p1a: Miraidon|Electro Drift|p2b: Incineroar
|-damage|p2b: Incineroar|0 fnt
|faint|p2b: Incineroar
|
|win|anubisjr
|raw|anubisjr's rating: 1413 &rarr; <strong>1430</strong><br />(+17 for winning)
|raw|taelss's rating: 1364 &rarr; <strong>1347</strong><br />(-17 for losing)
|l|☆taelss
|player|p2|
