|j|☆ShellyV25
|j|☆Ellvey96
|t:|1750781322
|gametype|doubles
|player|p1|ShellyV25|hilbert|1177
|player|p2|Ellvey96|guitarist|1270
|teamsize|p1|6
|teamsize|p2|6
|gen|9
|tier|[Gen 9] VGC 2025 Reg I
|rated|
|rule|Species Clause: Limit one of each Pokémon
|rule|Item Clause: Limit 1 of each item
|clearpoke
|poke|p1|Calyrex-Shadow, L50|
|poke|p1|Chi-Yu, L50|
|poke|p1|Weezing-Galar, L50, M|
|poke|p1|Brute Bonnet, L50|
|poke|p1|Walking Wake, L50|
|poke|p1|Koraidon, L50|
|poke|p2|Ho-Oh, L50|
|poke|p2|Eternatus, L50|
|poke|p2|Landorus, L50, M|
|poke|p2|Rillaboom, L50, F|
|poke|p2|Toxapex, L50, M|
|poke|p2|Grimmsnarl, L50, M|
|teampreview|4
|
|t:|1750781365
|start
|switch|p1a: Chi-Yu|Chi-Yu, L50|100/100
|switch|p1b: Calyrex|Calyrex-Shadow, L50|100/100
|switch|p2a: Landorus|Landorus, L50, M|100/100
|switch|p2b: Grimmsnarl|Grimmsnarl, L50, M|100/100
|-ability|p1b: Calyrex|As One
|-ability|p1b: Calyrex|Unnerve
|-ability|p1a: Chi-Yu|Beads of Ruin
|turn|1
|
|t:|1750781392
|-terastallize|p1a: Chi-Yu|Ghost
|move|p2b: Grimmsnarl|Light Screen|p2b: Grimmsnarl
|-sidestart|p2: Ellvey96|move: Light Screen
|move|p1a: Chi-Yu|Overheat|p2a: Landorus
|-damage|p2a: Landorus|46/100
|-unboost|p1a: Chi-Yu|spa|2
|move|p1b: Calyrex|Nasty Plot|p1b: Calyrex
|-boost|p1b: Calyrex|spa|2
|move|p2a: Landorus|Earth Power|p1a: Chi-Yu
|-damage|p1a: Chi-Yu|22/100
|
|upkeep
|turn|2
|
|t:|1750781410
|switch|p1a: Koraidon|Koraidon, L50|100/100
|-weather|SunnyDay|[from] ability: Orichalcum Pulse|[of] p1a: Koraidon
|-activate|p1a: Koraidon|Orichalcum Pulse|[source]
|switch|p2a: Ho-Oh|Ho-Oh, L50|100/100
|move|p2b: Grimmsnarl|Parting Shot|p1b: Calyrex
|-unboost|p1b: Calyrex|atk|1
|-unboost|p1b: Calyrex|spa|1
|
|t:|1750781421
|switch|p2b: Eternatus|Eternatus, L50|100/100|[from] Parting Shot
|-ability|p2b: Eternatus|Pressure
|move|p1b: Calyrex|Astral Barrage|p2a: Ho-Oh|[spread] p2a,p2b
|-damage|p2a: Ho-Oh|61/100
|-damage|p2b: Eternatus|57/100
|-damage|p1b: Calyrex|91/100|[from] item: Life Orb
|
|-weather|SunnyDay|[upkeep]
|-heal|p2b: Eternatus|63/100|[from] item: Leftovers
|upkeep
|turn|3
|
|t:|1750781440
|switch|p2b: Grimmsnarl|Grimmsnarl, L50, M|100/100
|move|p1a: Koraidon|Protect|p1a: Koraidon
|-singleturn|p1a: Koraidon|Protect
|move|p1b: Calyrex|Psychic|p2b: Grimmsnarl
|-immune|p2b: Grimmsnarl
|move|p2a: Ho-Oh|Whirlwind|p1b: Calyrex
|drag|p1b: Chi-Yu|Chi-Yu, L50, tera:Ghost|22/100
|-ability|p1b: Chi-Yu|Beads of Ruin
|
|-weather|SunnyDay|[upkeep]
|upkeep
|turn|4
|
|t:|1750781463
|move|p2b: Grimmsnarl|Reflect|p2b: Grimmsnarl
|-sidestart|p2: Ellvey96|Reflect
|move|p1b: Chi-Yu|Dark Pulse|p2a: Ho-Oh
|-damage|p2a: Ho-Oh|37/100
|-enditem|p2a: Ho-Oh|Sitrus Berry|[eat]
|-heal|p2a: Ho-Oh|62/100|[from] item: Sitrus Berry
|move|p1a: Koraidon|Collision Course|p2b: Grimmsnarl
|-damage|p2b: Grimmsnarl|55/100
|move|p2a: Ho-Oh|Brave Bird|p1a: Koraidon
|-supereffective|p1a: Koraidon
|-damage|p1a: Koraidon|4/100
|-damage|p2a: Ho-Oh|32/100|[from] Recoil
|
|-weather|SunnyDay|[upkeep]
|upkeep
|turn|5
|
|t:|1750781494
|switch|p2a: Landorus|Landorus, L50, M|46/100
|move|p1a: Koraidon|Protect|p1a: Koraidon
|-singleturn|p1a: Koraidon|Protect
|move|p2b: Grimmsnarl|Parting Shot|p1b: Chi-Yu
|-unboost|p1b: Chi-Yu|atk|1
|-unboost|p1b: Chi-Yu|spa|1
|
|t:|1750781502
|switch|p2b: Eternatus|Eternatus, L50|63/100|[from] Parting Shot
|-ability|p2b: Eternatus|Pressure
|move|p1b: Chi-Yu|Dark Pulse|p2a: Landorus
|-damage|p2a: Landorus|20/100
|
|-weather|SunnyDay|[upkeep]
|-heal|p2b: Eternatus|69/100|[from] item: Leftovers
|upkeep
|turn|6
|
|t:|1750781516
|switch|p1a: Weezing|Weezing-Galar, L50, M, shiny|100/100
|-ability|p1a: Weezing|Neutralizing Gas
|move|p2a: Landorus|Protect|p2a: Landorus
|-singleturn|p2a: Landorus|Protect
|move|p1b: Chi-Yu|Dark Pulse|p2a: Landorus
|-activate|p2a: Landorus|move: Protect
|move|p2b: Eternatus|Cosmic Power|p2b: Eternatus
|-boost|p2b: Eternatus|def|1
|-boost|p2b: Eternatus|spd|1
|
|-weather|none
|-heal|p2b: Eternatus|75/100|[from] item: Leftovers
|upkeep
|turn|7
|
|t:|1750781548
|switch|p2a: Ho-Oh|Ho-Oh, L50|65/100
|move|p1b: Chi-Yu|Dark Pulse|p2a: Ho-Oh
|-damage|p2a: Ho-Oh|54/100
|move|p2b: Eternatus|Cosmic Power|p2b: Eternatus
|-boost|p2b: Eternatus|def|1
|-boost|p2b: Eternatus|spd|1
|move|p1a: Weezing|Taunt|p2b: Eternatus
|-start|p2b: Eternatus|move: Taunt
|
|-heal|p2b: Eternatus|81/100|[from] item: Leftovers
|upkeep
|turn|8
|
|t:|1750781586
|switch|p1b: Koraidon|Koraidon, L50|4/100
|-weather|SunnyDay|[from] ability: Orichalcum Pulse|[of] p1b: Koraidon
|-activate|p1b: Koraidon|Orichalcum Pulse|[source]
|switch|p2a: Grimmsnarl|Grimmsnarl, L50, M|55/100
|move|p2b: Eternatus|Sludge Bomb|p1a: Weezing
|-damage|p1a: Weezing|60/100
|move|p1a: Weezing|Will-O-Wisp|p2b: Eternatus
|-status|p2b: Eternatus|brn
|
|-weather|SunnyDay|[upkeep]
|-heal|p2b: Eternatus|88/100 brn|[from] item: Leftovers
|-damage|p2b: Eternatus|81/100 brn|[from] brn
|-sideend|p2: Ellvey96|move: Light Screen
|upkeep
|turn|9
|
|t:|1750781609
|move|p1b: Koraidon|Protect|p1b: Koraidon
|-singleturn|p1b: Koraidon|Protect
|move|p2b: Eternatus|Sludge Bomb|p1a: Weezing
|-damage|p1a: Weezing|17/100
|move|p1a: Weezing|Strange Steam|p2a: Grimmsnarl
|-supereffective|p2a: Grimmsnarl
|-damage|p2a: Grimmsnarl|6/100
|move|p2a: Grimmsnarl|Spirit Break|p1b: Koraidon
|-activate|p1b: Koraidon|move: Protect
|
|-weather|SunnyDay|[upkeep]
|-heal|p2b: Eternatus|88/100 brn|[from] item: Leftovers
|-damage|p2b: Eternatus|81/100 brn|[from] brn
|upkeep
|turn|10
|
|t:|1750781630
|switch|p2a: Landorus|Landorus, L50, M|20/100
|move|p1b: Koraidon|Flare Blitz|p2b: Eternatus
|-resisted|p2b: Eternatus
|-damage|p2b: Eternatus|73/100 brn
|-damage|p1b: Koraidon|0 fnt|[from] Recoil
|faint|p1b: Koraidon
|move|p2b: Eternatus|Sludge Bomb|p1a: Weezing
|-damage|p1a: Weezing|0 fnt
|faint|p1a: Weezing
|-end|p1a: Weezing|ability: Neutralizing Gas
|-ability|p2b: Eternatus|Pressure
|
|-weather|SunnyDay|[upkeep]
|-heal|p2b: Eternatus|79/100 brn|[from] item: Leftovers
|-damage|p2b: Eternatus|73/100 brn|[from] brn
|-end|p2b: Eternatus|move: Taunt
|upkeep
|
|t:|1750781646
|switch|p1b: Calyrex|Calyrex-Shadow, L50|91/100
|switch|p1a: Chi-Yu|Chi-Yu, L50, tera:Ghost|22/100
|-ability|p1b: Calyrex|As One
|-ability|p1b: Calyrex|Unnerve
|-ability|p1a: Chi-Yu|Beads of Ruin
|turn|11
|
|t:|1750781670
|move|p2a: Landorus|Protect|p2a: Landorus
|-singleturn|p2a: Landorus|Protect
|move|p1a: Chi-Yu|Heat Wave|p2a: Landorus|[spread] p2b
|-activate|p2a: Landorus|move: Protect
|-resisted|p2b: Eternatus
|-damage|p2b: Eternatus|61/100 brn
|move|p1b: Calyrex|Psychic|p2b: Eternatus
|-supereffective|p2b: Eternatus
|-damage|p2b: Eternatus|7/100 brn
|-damage|p1b: Calyrex|81/100|[from] item: Life Orb
|move|p2b: Eternatus|Sludge Bomb|p1a: Chi-Yu
|-resisted|p1a: Chi-Yu
|-damage|p1a: Chi-Yu|0 fnt
|faint|p1a: Chi-Yu
|
|-weather|SunnyDay|[upkeep]
|-heal|p2b: Eternatus|13/100 brn|[from] item: Leftovers
|-damage|p2b: Eternatus|7/100 brn|[from] brn
|-sideend|p2: Ellvey96|Reflect
|upkeep
|turn|12
|
|t:|1750781691
|switch|p2b: Grimmsnarl|Grimmsnarl, L50, M|6/100
|switch|p2a: Ho-Oh|Ho-Oh, L50|54/100
|move|p1b: Calyrex|Astral Barrage|p2a: Ho-Oh|[spread] p2a,p2b
|-resisted|p2b: Grimmsnarl
|-damage|p2a: Ho-Oh|14/100
|-damage|p2b: Grimmsnarl|0 fnt
|faint|p2b: Grimmsnarl
|-ability|p1b: Calyrex|Grim Neigh|boost
|-boost|p1b: Calyrex|spa|1
|-damage|p1b: Calyrex|71/100|[from] item: Life Orb
|
|-weather|none
|upkeep
|-message|Ellvey96 forfeited.
|
|win|ShellyV25
|raw|ShellyV25's rating: 1177 &rarr; <strong>1209</strong><br />(+32 for winning)
|raw|Ellvey96's rating: 1270 &rarr; <strong>1238</strong><br />(-32 for losing)
|l|☆Ellvey96
|player|p2|
