|j|☆Capsubaru
|j|☆thenoag
|t:|1750729803
|gametype|doubles
|player|p1|Capsubaru|colress|1157
|player|p2|thenoag|unknown|1053
|teamsize|p1|6
|teamsize|p2|6
|gen|9
|tier|[Gen 9] VGC 2025 Reg I
|rated|
|rule|Species Clause: Limit one of each Pokémon
|rule|Item Clause: Limit 1 of each item
|clearpoke
|poke|p1|Koraidon, L50|
|poke|p1|Scovillain, L50, M|
|poke|p1|Flutter Mane, L50|
|poke|p1|Miraidon, L50|
|poke|p1|Grimmsnarl, L50, M|
|poke|p1|Clefairy, L50, M|
|poke|p2|Calyrex-Shadow, L50|
|poke|p2|Zacian-*, L50|
|poke|p2|Baxcalibur, L50, M|
|poke|p2|Zapdos-Galar, L50|
|poke|p2|Gallade, L50, M|
|poke|p2|Tornadus, L50, M|
|teampreview|4
|inactive|Battle timer is ON: inactive players will automatically lose when time's up. (requested by Capsubaru)
|
|t:|1750729827
|start
|switch|p1a: Miraidon|Miraidon, L50|100/100
|switch|p1b: Grimmsnarl|Grimmsnarl, L50, M|100/100
|switch|p2a: Tornadus|Tornadus, L50, M|100/100
|switch|p2b: Calyrex|Calyrex-Shadow, L50|100/100
|-ability|p2b: Calyrex|As One
|-ability|p2b: Calyrex|Unnerve
|-fieldstart|move: Electric Terrain|[from] ability: Hadron Engine|[of] p1a: Miraidon
|turn|1
|c|☆Capsubaru|Glhf
|
|t:|1750729848
|move|p2a: Tornadus|Tailwind|p2a: Tornadus
|-sidestart|p2: thenoag|move: Tailwind
|move|p1b: Grimmsnarl|Light Screen|p1b: Grimmsnarl
|-sidestart|p1: Capsubaru|move: Light Screen
|move|p2b: Calyrex|Astral Barrage|p1b: Grimmsnarl|[spread] p1a,p1b
|-resisted|p1b: Grimmsnarl
|-damage|p1a: Miraidon|78/100
|-damage|p1b: Grimmsnarl|83/100
|move|p1a: Miraidon|Snarl|p2b: Calyrex|[spread] p2a,p2b
|-supereffective|p2b: Calyrex
|-damage|p2a: Tornadus|81/100
|-damage|p2b: Calyrex|20/100
|-unboost|p2a: Tornadus|spa|1
|-unboost|p2b: Calyrex|spa|1
|-enditem|p2a: Tornadus|Eject Button
|
|t:|1750729861
|switch|p2a: Zacian|Zacian-Crowned, L50|100/100
|-ability|p2a: Zacian|Intrepid Sword|boost
|-boost|p2a: Zacian|atk|1
|
|upkeep
|turn|2
|
|t:|1750729881
|-terastallize|p1a: Miraidon|Electric
|move|p2b: Calyrex|Protect|p2b: Calyrex
|-singleturn|p2b: Calyrex|Protect
|move|p1b: Grimmsnarl|Reflect|p1b: Grimmsnarl
|-sidestart|p1: Capsubaru|Reflect
|move|p2a: Zacian|Play Rough|p1a: Miraidon
|-crit|p1a: Miraidon
|-damage|p1a: Miraidon|0 fnt
|faint|p1a: Miraidon
|
|upkeep
|c|☆Capsubaru|Well my sails have been fully deflated
|inactive|Capsubaru has 30 seconds left.
|
|t:|1750729908
|switch|p1a: Koraidon|Koraidon, L50|100/100
|-weather|SunnyDay|[from] ability: Orichalcum Pulse|[of] p1a: Koraidon
|-activate|p1a: Koraidon|Orichalcum Pulse|[source]
|turn|3
|inactive|thenoag has 30 seconds left.
|inactive|thenoag has 20 seconds left.
|
|t:|1750729945
|move|p1b: Grimmsnarl|Thunder Wave|p2a: Zacian|[miss]
|-miss|p1b: Grimmsnarl|p2a: Zacian
|move|p2b: Calyrex|Encore|p1b: Grimmsnarl
|-start|p1b: Grimmsnarl|Encore
|move|p2a: Zacian|Behemoth Blade|p1b: Grimmsnarl
|-supereffective|p1b: Grimmsnarl
|-damage|p1b: Grimmsnarl|0 fnt
|faint|p1b: Grimmsnarl
|move|p1a: Koraidon|Flame Charge|p2b: Calyrex
|-damage|p2b: Calyrex|0 fnt
|-boost|p1a: Koraidon|spe|1
|faint|p2b: Calyrex
|
|-weather|SunnyDay|[upkeep]
|upkeep
|
|t:|1750729967
|switch|p2b: Baxcalibur|Baxcalibur, L50, M|100/100
|switch|p1b: Scovillain|Scovillain, L50, M|100/100
|turn|4
|
|t:|1750729981
|move|p2a: Zacian|Protect|p2a: Zacian
|-singleturn|p2a: Zacian|Protect
|move|p1b: Scovillain|Rage Powder|p1b: Scovillain
|-singleturn|p1b: Scovillain|move: Rage Powder
|move|p1a: Koraidon|Close Combat|p2b: Baxcalibur
|-supereffective|p2b: Baxcalibur
|-damage|p2b: Baxcalibur|0 fnt
|-unboost|p1a: Koraidon|def|1
|-unboost|p1a: Koraidon|spd|1
|faint|p2b: Baxcalibur
|
|-weather|SunnyDay|[upkeep]
|-sideend|p2: thenoag|move: Tailwind
|upkeep
|
|t:|1750729991
|switch|p2b: Tornadus|Tornadus, L50, M|81/100
|turn|5
|
|t:|1750730011
|move|p1b: Scovillain|Rage Powder|p1b: Scovillain
|-singleturn|p1b: Scovillain|move: Rage Powder
|move|p2b: Tornadus|Taunt|p1b: Scovillain
|-start|p1b: Scovillain|move: Taunt
|move|p1a: Koraidon|Flare Blitz|p2b: Tornadus
|-damage|p2b: Tornadus|0 fnt
|faint|p2b: Tornadus
|-damage|p1a: Koraidon|72/100|[from] Recoil
|move|p2a: Zacian|Play Rough|p1b: Scovillain
|-resisted|p1b: Scovillain
|-damage|p1b: Scovillain|54/100
|
|-weather|SunnyDay|[upkeep]
|-fieldend|move: Electric Terrain
|upkeep
|turn|6
|
|t:|1750730028
|move|p1a: Koraidon|Flare Blitz|p2a: Zacian
|-supereffective|p2a: Zacian
|-damage|p2a: Zacian|0 fnt
|faint|p2a: Zacian
|-damage|p1a: Koraidon|41/100|[from] Recoil
|
|win|Capsubaru
|raw|Capsubaru's rating: 1157 &rarr; <strong>1175</strong><br />(+18 for winning)
|raw|thenoag's rating: 1053 &rarr; <strong>1040</strong><br />(-13 for losing)
|c|☆Capsubaru|Gg wp
|l|☆thenoag
|player|p2|
