|j|☆rt5fdr
|j|☆Genettora983
|t:|1750744166
|gametype|doubles
|player|p1|rt5fdr|265|1137
|player|p2|Genettora983|101|1159
|teamsize|p1|6
|teamsize|p2|6
|gen|9
|tier|[Gen 9] VGC 2025 Reg I
|rated|
|rule|Species Clause: Limit one of each Pokémon
|rule|Item Clause: Limit 1 of each item
|clearpoke
|poke|p1|Moltres, L50|
|poke|p1|Calyrex-Shadow, L50|
|poke|p1|Zamazenta-*, L50|
|poke|p1|Rillaboom, L50, F|
|poke|p1|Ursaluna-Bloodmoon, L50, M|
|poke|p1|Incineroar, L50, F|
|poke|p2|Miraidon, L50|
|poke|p2|Zekrom, L50|
|poke|p2|Thundurus, L50, M|
|poke|p2|Politoed, L50, M|
|poke|p2|Archaludon, L50, M|
|poke|p2|Basculegion, L50, M|
|teampreview|4
|inactive|Battle timer is ON: inactive players will automatically lose when time's up. (requested by Genettora983)
|inactive|rt5fdr has 60 seconds left.
|inactive|Genettora983 has 60 seconds left.
|
|t:|1750744217
|start
|switch|p1a: Rillaboom|Rillaboom, L50, F|100/100
|switch|p1b: Calyrex|Calyrex-Shadow, L50|100/100
|switch|p2a: Miraidon|Miraidon, L50|100/100
|switch|p2b: Thundurus|Thundurus, L50, M|100/100
|-ability|p1b: Calyrex|As One
|-ability|p1b: Calyrex|Unnerve
|-fieldstart|move: Electric Terrain|[from] ability: Hadron Engine|[of] p2a: Miraidon
|-fieldstart|move: Grassy Terrain|[from] ability: Grassy Surge|[of] p1a: Rillaboom
|turn|1
|inactive|Genettora983 has 30 seconds left.
|inactive|Genettora983 has 20 seconds left.
|
|t:|1750744256
|move|p1a: Rillaboom|Fake Out|p2a: Miraidon
|-damage|p2a: Miraidon|86/100
|move|p2b: Thundurus|Thunder Wave|p1b: Calyrex|[miss]
|-miss|p2b: Thundurus|p1b: Calyrex
|move|p1b: Calyrex|Astral Barrage|p2b: Thundurus|[spread] p2a,p2b
|-damage|p2a: Miraidon|37/100
|-damage|p2b: Thundurus|29/100
|cant|p2a: Miraidon|flinch
|
|-heal|p2a: Miraidon|43/100|[from] Grassy Terrain
|upkeep
|turn|2
|
|t:|1750744272
|switch|p1b: Ursaluna|Ursaluna-Bloodmoon, L50, M|100/100
|move|p2b: Thundurus|Thunder Wave|p1b: Ursaluna
|-immune|p1b: Ursaluna
|move|p2a: Miraidon|Draco Meteor|p1a: Rillaboom
|-damage|p1a: Rillaboom|44/100
|-unboost|p2a: Miraidon|spa|2
|move|p1a: Rillaboom|U-turn|p2a: Miraidon
|-damage|p2a: Miraidon|21/100
|
|t:|1750744286
|switch|p1a: Calyrex|Calyrex-Shadow, L50|100/100|[from] U-turn
|-ability|p1a: Calyrex|As One
|-ability|p1a: Calyrex|Unnerve
|
|-heal|p2a: Miraidon|27/100|[from] Grassy Terrain
|upkeep
|turn|3
|
|t:|1750744304
|switch|p2b: Politoed|Politoed, L50, M|100/100
|-weather|RainDance|[from] ability: Drizzle|[of] p2b: Politoed
|move|p1a: Calyrex|Protect|p1a: Calyrex
|-singleturn|p1a: Calyrex|Protect
|move|p2a: Miraidon|Draco Meteor|p1a: Calyrex
|-activate|p1a: Calyrex|move: Protect
|move|p1b: Ursaluna|Hyper Voice|p2b: Politoed|[spread] p2a,p2b
|-crit|p2b: Politoed
|-damage|p2a: Miraidon|0 fnt
|-damage|p2b: Politoed|33/100
|faint|p2a: Miraidon
|-damage|p1b: Ursaluna|91/100|[from] item: Life Orb
|
|-weather|RainDance|[upkeep]
|-heal|p2b: Politoed|39/100|[from] Grassy Terrain
|-heal|p1b: Ursaluna|97/100|[from] Grassy Terrain
|upkeep
|
|t:|1750744326
|switch|p2a: Basculegion|Basculegion, L50, M|100/100
|turn|4
|
|t:|1750744354
|switch|p1b: Rillaboom|Rillaboom, L50, F|44/100
|move|p2a: Basculegion|Last Respects|p1a: Calyrex
|-supereffective|p1a: Calyrex
|-enditem|p1a: Calyrex|Focus Sash
|-damage|p1a: Calyrex|1/100
|move|p1a: Calyrex|Astral Barrage|p2b: Politoed|[spread] p2a,p2b
|-supereffective|p2a: Basculegion
|-damage|p2a: Basculegion|0 fnt
|-damage|p2b: Politoed|0 fnt
|faint|p2a: Basculegion
|faint|p2b: Politoed
|-ability|p1a: Calyrex|Grim Neigh|boost
|-boost|p1a: Calyrex|spa|2
|
|-weather|RainDance|[upkeep]
|-heal|p1a: Calyrex|7/100|[from] Grassy Terrain
|-heal|p1b: Rillaboom|50/100|[from] Grassy Terrain
|upkeep
|
|t:|1750744366
|switch|p2b: Thundurus|Thundurus, L50, M|29/100
|turn|5
|
|t:|1750744371
|-terastallize|p2b: Thundurus|Electric
|move|p1b: Rillaboom|Fake Out|p2b: Thundurus
|-damage|p2b: Thundurus|12/100
|move|p1a: Calyrex|Astral Barrage|p2b: Thundurus
|-damage|p2b: Thundurus|0 fnt
|faint|p2b: Thundurus
|
|win|rt5fdr
|raw|rt5fdr's rating: 1137 &rarr; <strong>1164</strong><br />(+27 for winning)
|raw|Genettora983's rating: 1159 &rarr; <strong>1132</strong><br />(-27 for losing)
|l|☆Genettora983
|player|p2|
|l|☆rt5fdr
|player|p1|
