|j|☆higxh0003
|j|☆Revandd
|t:|1750832740
|gametype|doubles
|player|p1|higxh0003|steven|1259
|player|p2|Revandd|102|1370
|teamsize|p1|6
|teamsize|p2|6
|gen|9
|tier|[Gen 9] VGC 2025 Reg I
|rated|
|rule|Species Clause: Limit one of each Pokémon
|rule|Item Clause: Limit 1 of each item
|clearpoke
|poke|p1|Amoonguss, L50, F|
|poke|p1|Zacian-*, L50|
|poke|p1|Kyogre, L50|
|poke|p1|Chien-Pao, L50|
|poke|p1|Tornadus, L50, M|
|poke|p1|Urshifu-*, L50, M|
|poke|p2|Raichu-Alola, L50, F|
|poke|p2|Miraidon, L50|
|poke|p2|Ogerpon-Wellspring, L50, F|
|poke|p2|Incineroar, L50, M|
|poke|p2|Urshifu-*, L50, M|
|poke|p2|Calyrex-Shadow, L50|
|teampreview|4
|
|t:|1750832768
|start
|switch|p1a: Urshifu|Urshifu-Rapid-Strike, L50, M|100/100
|switch|p1b: Tornadus|Tornadus, L50, M|100/100
|switch|p2a: Miraidon|Miraidon, L50|100/100
|switch|p2b: Ogerpon|Ogerpon-Wellspring, L50, F|100/100
|-fieldstart|move: Electric Terrain|[from] ability: Hadron Engine|[of] p2a: Miraidon
|turn|1
|
|t:|1750832785
|move|p2b: Ogerpon|Follow Me|p2b: Ogerpon
|-singleturn|p2b: Ogerpon|move: Follow Me
|move|p1b: Tornadus|Tailwind|p1b: Tornadus
|-sidestart|p1: higxh0003|move: Tailwind
|move|p1a: Urshifu|Close Combat|p2b: Ogerpon
|-damage|p2b: Ogerpon|11/100
|-unboost|p1a: Urshifu|def|1
|-unboost|p1a: Urshifu|spd|1
|move|p2a: Miraidon|Volt Switch|p1b: Tornadus
|-supereffective|p1b: Tornadus
|-damage|p1b: Tornadus|0 fnt
|faint|p1b: Tornadus
|
|t:|1750832797
|switch|p2a: Raichu|Raichu-Alola, L50, F|100/100|[from] Volt Switch
|
|upkeep
|
|t:|1750832802
|switch|p1b: Zacian|Zacian-Crowned, L50|100/100
|-ability|p1b: Zacian|Intrepid Sword|boost
|-boost|p1b: Zacian|atk|1
|turn|2
|
|t:|1750832819
|move|p2b: Ogerpon|Spiky Shield|p2b: Ogerpon
|-singleturn|p2b: Ogerpon|move: Protect
|move|p1a: Urshifu|Close Combat|p2a: Raichu
|-resisted|p2a: Raichu
|-damage|p2a: Raichu|26/100
|-unboost|p1a: Urshifu|def|1
|-unboost|p1a: Urshifu|spd|1
|move|p1b: Zacian|Behemoth Blade|p2b: Ogerpon
|-activate|p2b: Ogerpon|move: Protect
|-damage|p1b: Zacian|88/100|[from] Spiky Shield|[of] p2b: Ogerpon
|move|p2a: Raichu|Thunderbolt|p1a: Urshifu
|-supereffective|p1a: Urshifu
|-damage|p1a: Urshifu|0 fnt
|faint|p1a: Urshifu
|
|upkeep
|
|t:|1750832822
|switch|p1a: Kyogre|Kyogre, L50|100/100
|-weather|RainDance|[from] ability: Drizzle|[of] p1a: Kyogre
|turn|3
|
|t:|1750832847
|move|p2b: Ogerpon|Follow Me|p2b: Ogerpon
|-singleturn|p2b: Ogerpon|move: Follow Me
|move|p1b: Zacian|Play Rough|p2b: Ogerpon
|-damage|p2b: Ogerpon|0 fnt
|faint|p2b: Ogerpon
|move|p2a: Raichu|Thunderbolt|p1a: Kyogre
|-supereffective|p1a: Kyogre
|-damage|p1a: Kyogre|28/100
|move|p1a: Kyogre|Ice Beam|p2a: Raichu
|-damage|p2a: Raichu|0 fnt
|faint|p2a: Raichu
|
|-weather|RainDance|[upkeep]
|upkeep
|
|t:|1750832853
|switch|p2b: Incineroar|Incineroar, L50, M|100/100
|switch|p2a: Miraidon|Miraidon, L50|100/100
|-activate|p2a: Miraidon|ability: Hadron Engine
|-ability|p2b: Incineroar|Intimidate|boost
|-unboost|p1a: Kyogre|atk|1
|-unboost|p1b: Zacian|atk|1
|turn|4
|
|t:|1750832875
|move|p1b: Zacian|Protect|p1b: Zacian
|-singleturn|p1b: Zacian|Protect
|move|p2b: Incineroar|Fake Out|p1a: Kyogre
|-damage|p1a: Kyogre|18/100
|cant|p1a: Kyogre|flinch
|move|p2a: Miraidon|Electro Drift|p1b: Zacian
|-activate|p1b: Zacian|move: Protect
|
|-weather|RainDance|[upkeep]
|-sideend|p1: higxh0003|move: Tailwind
|upkeep
|turn|5
|
|t:|1750832892
|-terastallize|p1b: Zacian|Fairy
|-terastallize|p2a: Miraidon|Fairy
|move|p1b: Zacian|Play Rough|p2a: Miraidon
|-damage|p2a: Miraidon|32/100
|move|p2a: Miraidon|Dazzling Gleam|p1b: Zacian|[spread] p1a,p1b
|-damage|p1a: Kyogre|0 fnt
|-damage|p1b: Zacian|53/100
|faint|p1a: Kyogre
|move|p2b: Incineroar|Parting Shot|p1b: Zacian
|-unboost|p1b: Zacian|atk|1
|-unboost|p1b: Zacian|spa|1
|
|-weather|RainDance|[upkeep]
|-fieldend|move: Electric Terrain
|upkeep
|turn|6
|
|t:|1750832914
|move|p1b: Zacian|Behemoth Blade|p2a: Miraidon
|-supereffective|p2a: Miraidon
|-damage|p2a: Miraidon|0 fnt
|faint|p2a: Miraidon
|move|p2b: Incineroar|Parting Shot|p1b: Zacian
|-unboost|p1b: Zacian|atk|1
|-unboost|p1b: Zacian|spa|1
|
|-weather|RainDance|[upkeep]
|upkeep
|turn|7
|
|t:|1750832924
|move|p1b: Zacian|Play Rough|p2b: Incineroar
|-damage|p2b: Incineroar|65/100
|-damage|p1b: Zacian|37/100|[from] item: Rocky Helmet|[of] p2b: Incineroar
|move|p2b: Incineroar|Parting Shot|p1b: Zacian
|-unboost|p1b: Zacian|atk|1
|-unboost|p1b: Zacian|spa|1
|
|-weather|none
|upkeep
|turn|8
|
|t:|1750832931
|move|p1b: Zacian|Substitute|p1b: Zacian
|-start|p1b: Zacian|Substitute
|-damage|p1b: Zacian|12/100
|move|p2b: Incineroar|Flare Blitz|p1b: Zacian
|-end|p1b: Zacian|Substitute
|-damage|p2b: Incineroar|57/100|[from] Recoil|[of] p1b: Zacian
|
|upkeep
|turn|9
|
|t:|1750832938
|move|p1b: Zacian|Play Rough|p2b: Incineroar
|-damage|p2b: Incineroar|31/100
|-damage|p1b: Zacian|0 fnt|[from] item: Rocky Helmet|[of] p2b: Incineroar
|faint|p1b: Zacian
|
|win|Revandd
|raw|higxh0003's rating: 1259 &rarr; <strong>1242</strong><br />(-17 for losing)
|raw|Revandd's rating: 1370 &rarr; <strong>1384</strong><br />(+14 for winning)
|l|☆higxh0003
|player|p1|
|l|☆Revandd
|player|p2|
|j|☆higxh0003
|player|p1|higxh0003|steven|
|l|☆higxh0003
|player|p1|
|j|☆higxh0003
|player|p1|higxh0003|steven|
|l|☆higxh0003
|player|p1|
