|j|☆HeadHunt3rZ
|j|☆wholesale bread
|t:|1750839561
|gametype|doubles
|player|p1|HeadHunt3rZ|acetrainer-gen4dp|1317
|player|p2|wholesale bread|102|1204
|teamsize|p1|6
|teamsize|p2|6
|gen|9
|tier|[Gen 9] VGC 2025 Reg I
|rated|
|rule|Species Clause: Limit one of each Pokémon
|rule|Item Clause: Limit 1 of each item
|clearpoke
|poke|p1|Kyogre, L50|
|poke|p1|Volcarona, L50, F|
|poke|p1|Rillaboom, L50, F|
|poke|p1|Whimsicott, L50, F|
|poke|p1|Chien-Pao, L50|
|poke|p1|Giratina-Origin, L50|
|poke|p2|Urshifu-*, L50, F|
|poke|p2|Archaludon, L50, F|
|poke|p2|Kyogre, L50|
|poke|p2|Scizor, L50, F|
|poke|p2|Miraidon, L50|
|poke|p2|Cresselia, L50, F|
|teampreview|4
|inactive|Battle timer is ON: inactive players will automatically lose when time's up. (requested by HeadHunt3rZ)
|inactive|HeadHunt3rZ has 60 seconds left.
|
|t:|1750839600
|start
|switch|p1a: Whimsicott|Whimsicott, L50, F|100/100
|switch|p1b: Rillaboom|Rillaboom, L50, F|100/100
|switch|p2a: Kyogre|Kyogre, L50|100/100
|switch|p2b: Archaludon|Archaludon, L50, F|100/100
|-weather|RainDance|[from] ability: Drizzle|[of] p2a: Kyogre
|-fieldstart|move: Grassy Terrain|[from] ability: Grassy Surge|[of] p1b: Rillaboom
|turn|1
|
|t:|1750839619
|move|p1b: Rillaboom|Fake Out|p2a: Kyogre
|-damage|p2a: Kyogre|86/100
|move|p1a: Whimsicott|Tailwind|p1a: Whimsicott
|-sidestart|p1: HeadHunt3rZ|move: Tailwind
|cant|p2a: Kyogre|flinch
|move|p2b: Archaludon|Flash Cannon|p1a: Whimsicott
|-supereffective|p1a: Whimsicott
|-damage|p1a: Whimsicott|27/100
|
|-weather|RainDance|[upkeep]
|-heal|p1a: Whimsicott|33/100|[from] Grassy Terrain
|-heal|p2a: Kyogre|92/100|[from] Grassy Terrain
|upkeep
|turn|2
|
|t:|1750839636
|move|p2a: Kyogre|Protect|p2a: Kyogre
|-singleturn|p2a: Kyogre|Protect
|move|p1a: Whimsicott|Light Screen|p1a: Whimsicott
|-sidestart|p1: HeadHunt3rZ|move: Light Screen
|move|p1b: Rillaboom|Wood Hammer|p2a: Kyogre
|-activate|p2a: Kyogre|move: Protect
|move|p2b: Archaludon|Electro Shot||[still]
|-prepare|p2b: Archaludon|Electro Shot
|-boost|p2b: Archaludon|spa|1
|-anim|p2b: Archaludon|Electro Shot|p1a: Whimsicott
|-resisted|p1a: Whimsicott
|-damage|p1a: Whimsicott|12/100
|
|-weather|RainDance|[upkeep]
|-heal|p1a: Whimsicott|18/100|[from] Grassy Terrain
|-heal|p2a: Kyogre|98/100|[from] Grassy Terrain
|upkeep
|turn|3
|
|t:|1750839661
|switch|p1a: Giratina|Giratina-Origin, L50|100/100
|switch|p2a: Cresselia|Cresselia, L50, F|100/100
|move|p1b: Rillaboom|U-turn|p2a: Cresselia
|-supereffective|p2a: Cresselia
|-damage|p2a: Cresselia|73/100
|
|t:|1750839671
|switch|p1b: Chien-Pao|Chien-Pao, L50|100/100|[from] U-turn
|-ability|p1b: Chien-Pao|Sword of Ruin
|move|p2b: Archaludon|Electro Shot||[still]
|-prepare|p2b: Archaludon|Electro Shot
|-boost|p2b: Archaludon|spa|1
|-anim|p2b: Archaludon|Electro Shot|p1a: Giratina
|-resisted|p1a: Giratina
|-damage|p1a: Giratina|81/100
|
|-weather|RainDance|[upkeep]
|-heal|p2a: Cresselia|79/100|[from] item: Leftovers
|upkeep
|turn|4
|
|t:|1750839695
|move|p1b: Chien-Pao|Throat Chop|p2a: Cresselia
|-supereffective|p2a: Cresselia
|-damage|p2a: Cresselia|13/100
|-start|p2a: Cresselia|Throat Chop|[silent]
|move|p1a: Giratina|Poltergeist|p2a: Cresselia
|-activate|p2a: Cresselia|move: Poltergeist|Leftovers
|-supereffective|p2a: Cresselia
|-damage|p2a: Cresselia|0 fnt
|faint|p2a: Cresselia
|move|p2b: Archaludon|Body Press|p1b: Chien-Pao
|-supereffective|p1b: Chien-Pao
|-enditem|p1b: Chien-Pao|Focus Sash
|-damage|p1b: Chien-Pao|1/100
|
|-weather|RainDance|[upkeep]
|-heal|p1b: Chien-Pao|7/100|[from] Grassy Terrain
|-sideend|p1: HeadHunt3rZ|move: Tailwind
|upkeep
|
|t:|1750839714
|switch|p2a: Kyogre|Kyogre, L50|98/100
|turn|5
|
|t:|1750839731
|move|p1b: Chien-Pao|Protect|p1b: Chien-Pao
|-singleturn|p1b: Chien-Pao|Protect
|move|p2a: Kyogre|Origin Pulse|p1b: Chien-Pao|[spread] p1a
|-activate|p1b: Chien-Pao|move: Protect
|-resisted|p1a: Giratina
|-damage|p1a: Giratina|60/100
|-damage|p2a: Kyogre|88/100|[from] item: Life Orb
|move|p2b: Archaludon|Draco Meteor|p1a: Giratina
|-supereffective|p1a: Giratina
|-damage|p1a: Giratina|0 fnt
|-unboost|p2b: Archaludon|spa|2
|faint|p1a: Giratina
|
|-weather|none
|-heal|p1b: Chien-Pao|13/100|[from] Grassy Terrain
|-heal|p2a: Kyogre|94/100|[from] Grassy Terrain
|-fieldend|move: Grassy Terrain
|upkeep
|
|t:|1750839742
|switch|p1a: Rillaboom|Rillaboom, L50, F|100/100
|-fieldstart|move: Grassy Terrain|[from] ability: Grassy Surge|[of] p1a: Rillaboom
|turn|6
|
|t:|1750839756
|move|p2a: Kyogre|Protect|p2a: Kyogre
|-singleturn|p2a: Kyogre|Protect
|move|p1a: Rillaboom|Grassy Glide|p2a: Kyogre
|-activate|p2a: Kyogre|move: Protect
|move|p1b: Chien-Pao|Icicle Crash|p2b: Archaludon
|-damage|p2b: Archaludon|55/100
|-ability|p2b: Archaludon|Stamina|boost
|-boost|p2b: Archaludon|def|1
|move|p2b: Archaludon|Body Press|p1b: Chien-Pao
|-supereffective|p1b: Chien-Pao
|-damage|p1b: Chien-Pao|0 fnt
|faint|p1b: Chien-Pao
|
|-heal|p2a: Kyogre|99/100|[from] Grassy Terrain
|-heal|p2b: Archaludon|61/100|[from] Grassy Terrain
|-sideend|p1: HeadHunt3rZ|move: Light Screen
|upkeep
|
|t:|1750839759
|switch|p1b: Whimsicott|Whimsicott, L50, F|18/100
|turn|7
|
|t:|1750839777
|switch|p2a: Miraidon|Miraidon, L50|100/100
|-fieldstart|move: Electric Terrain|[from] ability: Hadron Engine|[of] p2a: Miraidon
|move|p1b: Whimsicott|Light Screen|p1b: Whimsicott
|-sidestart|p1: HeadHunt3rZ|move: Light Screen
|move|p2b: Archaludon|Flash Cannon|p1b: Whimsicott
|-supereffective|p1b: Whimsicott
|-damage|p1b: Whimsicott|0 fnt
|faint|p1b: Whimsicott
|move|p1a: Rillaboom|Wood Hammer|p2a: Miraidon
|-resisted|p2a: Miraidon
|-damage|p2a: Miraidon|71/100
|-damage|p1a: Rillaboom|92/100|[from] Recoil
|
|upkeep
|turn|8
|-message|HeadHunt3rZ forfeited.
|
|win|wholesale bread
|raw|HeadHunt3rZ's rating: 1317 &rarr; <strong>1291</strong><br />(-26 for losing)
|raw|wholesale bread's rating: 1204 &rarr; <strong>1237</strong><br />(+33 for winning)
|l|☆HeadHunt3rZ
|player|p1|
|l|☆wholesale bread
|player|p2|
