|j|☆Cloud Uwu
|j|☆anima1_
|t:|1750870736
|gametype|doubles
|player|p1|Cloud Uwu|parasollady|1334
|player|p2|anima1_|101|1407
|teamsize|p1|6
|teamsize|p2|6
|gen|9
|tier|[Gen 9] VGC 2025 Reg I
|rated|
|rule|Species Clause: Limit one of each Pokémon
|rule|Item Clause: Limit 1 of each item
|clearpoke
|poke|p1|Terapagos, L50, M|
|poke|p1|Kyogre, L50|
|poke|p1|Tsareena, L50, F|
|poke|p1|Talonflame, L50, F|
|poke|p1|Clefairy, L50, F|
|poke|p1|Smeargle, L50, F|
|poke|p2|Koraidon, L50|
|poke|p2|Scovillain, L50, F|
|poke|p2|Miraidon, L50|
|poke|p2|Chesnaught, L50, F|
|poke|p2|Clefairy, L50, F|
|poke|p2|Indeedee-F, L50, F|
|teampreview|4
|
|t:|1750870769
|start
|switch|p1a: Paige|Terapagos, L50, M|100/100
|switch|p1b: Frida|Smeargle, L50, F, shiny|100/100
|switch|p2a: Miraidon|Miraidon, L50|100/100
|switch|p2b: Chesnaught|Chesnaught, L50, F|100/100
|-activate|p1a: Paige|ability: Tera Shift
|detailschange|p1a: Paige|Terapagos-Terastal, L50, M
|-heal|p1a: Paige|100/100|[silent]
|-fieldstart|move: Electric Terrain|[from] ability: Hadron Engine|[of] p2a: Miraidon
|-enditem|p2b: Chesnaught|Electric Seed
|-boost|p2b: Chesnaught|def|1|[from] item: Electric Seed
|turn|1
|inactive|Battle timer is ON: inactive players will automatically lose when time's up. (requested by anima1_)
|inactive|anima1_ has 60 seconds left.
|
|t:|1750870815
|-terastallize|p1a: Paige|Stellar
|detailschange|p1a: Paige|Terapagos-Stellar, L50, M, tera:Stellar
|-heal|p1a: Paige|100/100|[silent]
|-ability|p1a: Paige|Teraform Zero
|-fieldend|move: Electric Terrain
|move|p1a: Paige|Protect|p1a: Paige
|-singleturn|p1a: Paige|Protect
|move|p2a: Miraidon|Volt Switch|p1b: Frida
|-damage|p1b: Frida|23/100
|
|t:|1750870824
|switch|p2a: Scovillain|Scovillain, L50, F|100/100|[from] Volt Switch
|move|p1b: Frida|Spore|p2a: Scovillain
|-immune|p2a: Scovillain
|move|p2b: Chesnaught|Leech Seed|p1a: Paige
|-activate|p1a: Paige|move: Protect
|
|upkeep
|turn|2
|
|t:|1750870842
|switch|p2a: Miraidon|Miraidon, L50|100/100
|-fieldstart|move: Electric Terrain|[from] ability: Hadron Engine|[of] p2a: Miraidon
|move|p1b: Frida|Decorate|p1a: Paige
|-boost|p1a: Paige|atk|2
|-boost|p1a: Paige|spa|2
|move|p1a: Paige|Calm Mind|p1a: Paige
|-boost|p1a: Paige|spa|1
|-boost|p1a: Paige|spd|1
|move|p2b: Chesnaught|Leech Seed|p1a: Paige
|-start|p1a: Paige|move: Leech Seed
|
|-damage|p1a: Paige|88/100|[from] Leech Seed|[of] p2b: Chesnaught
|upkeep
|turn|3
|
|t:|1750870866
|move|p2b: Chesnaught|Wide Guard|p2b: Chesnaught
|-singleturn|p2b: Chesnaught|Wide Guard
|move|p2a: Miraidon|Volt Switch|p1b: Frida
|-damage|p1b: Frida|0 fnt
|faint|p1b: Frida
|
|t:|1750870876
|switch|p2a: Scovillain|Scovillain, L50, F|100/100|[from] Volt Switch
|move|p1a: Paige|Earth Power|p2a: Scovillain
|-crit|p2a: Scovillain
|-enditem|p2a: Scovillain|Focus Sash
|-damage|p2a: Scovillain|1/100
|
|-heal|p1a: Paige|94/100|[from] item: Leftovers
|-damage|p1a: Paige|82/100|[from] Leech Seed|[of] p2b: Chesnaught
|upkeep
|
|t:|1750870883
|switch|p1b: Submotherine|Kyogre, L50|100/100
|-weather|RainDance|[from] ability: Drizzle|[of] p1b: Submotherine
|turn|4
|
|t:|1750870894
|switch|p2a: Koraidon|Koraidon, L50|100/100
|-weather|SunnyDay|[from] ability: Orichalcum Pulse|[of] p2a: Koraidon
|-activate|p2a: Koraidon|Orichalcum Pulse|[source]
|move|p2b: Chesnaught|Wide Guard|p2b: Chesnaught
|-singleturn|p2b: Chesnaught|Wide Guard
|move|p1b: Submotherine|Ice Beam|p2b: Chesnaught
|-supereffective|p2b: Chesnaught
|-damage|p2b: Chesnaught|16/100
|move|p1a: Paige|Tera Starstorm|p2a: Koraidon|[spread] 
|-activate|p2a: Koraidon|move: Wide Guard
|-activate|p2b: Chesnaught|move: Wide Guard
|
|-weather|SunnyDay|[upkeep]
|-heal|p1a: Paige|88/100|[from] item: Leftovers
|-damage|p1a: Paige|75/100|[from] Leech Seed|[of] p2b: Chesnaught
|-heal|p2b: Chesnaught|33/100|[silent]
|upkeep
|turn|5
|
|t:|1750870915
|move|p2a: Koraidon|Collision Course|p1a: Paige
|-supereffective|p1a: Paige
|-damage|p1a: Paige|0 fnt
|faint|p1a: Paige
|detailschange|p1: Paige|Terapagos, L50, M|[silent]
|move|p1b: Submotherine|Ice Beam|p2b: Chesnaught
|-supereffective|p2b: Chesnaught
|-damage|p2b: Chesnaught|0 fnt
|faint|p2b: Chesnaught
|
|-weather|SunnyDay|[upkeep]
|upkeep
|
|t:|1750870924
|switch|p2b: Scovillain|Scovillain, L50, F|1/100
|switch|p1a: Reneé|Tsareena, L50, F, shiny|100/100
|turn|6
|
|t:|1750870935
|-terastallize|p2a: Koraidon|Fire
|move|p2b: Scovillain|Spicy Extract|p2a: Koraidon
|-fail|p2a: Koraidon|unboost|[from] item: Clear Amulet|[of] p2a: Koraidon
|-boost|p2a: Koraidon|atk|2
|move|p2a: Koraidon|Flame Charge|p1a: Reneé
|-supereffective|p1a: Reneé
|-damage|p1a: Reneé|0 fnt
|-boost|p2a: Koraidon|spe|1
|faint|p1a: Reneé
|move|p1b: Submotherine|Origin Pulse|p2a: Koraidon|[spread] p2a,p2b
|-supereffective|p2a: Koraidon
|-damage|p2a: Koraidon|42/100
|-damage|p2b: Scovillain|0 fnt
|faint|p2b: Scovillain
|
|-weather|SunnyDay|[upkeep]
|-fieldend|move: Electric Terrain
|upkeep
|
|t:|1750870949
|switch|p2b: Miraidon|Miraidon, L50|100/100
|-fieldstart|move: Electric Terrain|[from] ability: Hadron Engine|[of] p2b: Miraidon
|turn|7
|
|t:|1750870959
|move|p2b: Miraidon|Electro Drift|p1b: Submotherine
|-supereffective|p1b: Submotherine
|-damage|p1b: Submotherine|0 fnt
|faint|p1b: Submotherine
|
|win|anima1_
|raw|Cloud Uwu's rating: 1334 &rarr; <strong>1318</strong><br />(-16 for losing)
|raw|anima1_'s rating: 1407 &rarr; <strong>1423</strong><br />(+16 for winning)
