|j|☆alecfromkanto
|j|☆laizans
|t:|1750806831
|gametype|doubles
|player|p1|alecfromkanto|cynthia|1388
|player|p2|laizans|1|1342
|teamsize|p1|6
|teamsize|p2|6
|gen|9
|tier|[Gen 9] VGC 2025 Reg I
|rated|
|rule|Species Clause: Limit one of each Pokémon
|rule|Item Clause: Limit 1 of each item
|clearpoke
|poke|p1|Miraidon, L50|
|poke|p1|Incineroar, L50, M|
|poke|p1|Grimmsnarl, L50, M|
|poke|p1|Flutter Mane, L50|
|poke|p1|Groudon, L50|
|poke|p1|Iron Hands, L50|
|poke|p2|Flutter Mane, L50|
|poke|p2|Whimsicott, L50, M|
|poke|p2|Koraidon, L50|
|poke|p2|Chi-Yu, L50|
|poke|p2|Miraidon, L50|
|poke|p2|Urshifu-*, L50, M|
|teampreview|4
|inactive|Battle timer is ON: inactive players will automatically lose when time's up. (requested by alecfromkanto)
|inactive|alecfromkanto has 60 seconds left.
|inactive|laizans has 60 seconds left.
|
|t:|1750806887
|start
|switch|p1a: Miraidon|Miraidon, L50|100/100
|switch|p1b: Grimmsnarl|Grimmsnarl, L50, M, shiny|100/100
|switch|p2a: Whimsicott|Whimsicott, L50, M|100/100
|switch|p2b: Chi-Yu|Chi-Yu, L50|100/100
|-fieldstart|move: Electric Terrain|[from] ability: Hadron Engine|[of] p1a: Miraidon
|-ability|p2b: Chi-Yu|Beads of Ruin
|turn|1
|inactive|alecfromkanto has 30 seconds left.
|inactive|alecfromkanto has 20 seconds left.
|inactive|alecfromkanto has 15 seconds left.
|inactive|alecfromkanto has 10 seconds left.
|
|t:|1750806933
|move|p2a: Whimsicott|Tailwind|p2a: Whimsicott
|-sidestart|p2: laizans|move: Tailwind
|move|p1b: Grimmsnarl|Light Screen|p1b: Grimmsnarl
|-sidestart|p1: alecfromkanto|move: Light Screen
|move|p2b: Chi-Yu|Dark Pulse|p1a: Miraidon
|-damage|p1a: Miraidon|57/100
|-damage|p2b: Chi-Yu|90/100|[from] item: Life Orb
|move|p1a: Miraidon|Volt Switch|p2b: Chi-Yu
|-damage|p2b: Chi-Yu|4/100
|
|t:|1750806951
|switch|p1a: Flutter Mane|Flutter Mane, L50, shiny|100/100|[from] Volt Switch
|
|upkeep
|turn|2
|inactive|alecfromkanto has 30 seconds left.
|
|t:|1750806982
|switch|p1b: Groudon|Groudon, L50, shiny|100/100
|-weather|SunnyDay|[from] ability: Drought|[of] p1b: Groudon
|-activate|p1a: Flutter Mane|ability: Protosynthesis
|-start|p1a: Flutter Mane|protosynthesisspe
|move|p2a: Whimsicott|Moonblast|p1a: Flutter Mane
|-damage|p1a: Flutter Mane|73/100
|-unboost|p1a: Flutter Mane|spa|1
|move|p2b: Chi-Yu|Overheat|p1b: Groudon
|-damage|p1b: Groudon|0 fnt
|-unboost|p2b: Chi-Yu|spa|2
|faint|p1b: Groudon
|-damage|p2b: Chi-Yu|0 fnt|[from] item: Life Orb
|faint|p2b: Chi-Yu
|move|p1a: Flutter Mane|Dazzling Gleam|p2a: Whimsicott
|-damage|p2a: Whimsicott|61/100
|
|-weather|SunnyDay|[upkeep]
|upkeep
|
|t:|1750807005
|switch|p2b: Koraidon|Koraidon, L50|100/100
|switch|p1b: Grimmsnarl|Grimmsnarl, L50, M, shiny|100/100
|-activate|p2b: Koraidon|ability: Orichalcum Pulse
|turn|3
|inactive|laizans has 30 seconds left.
|inactive|alecfromkanto has 30 seconds left.
|inactive|alecfromkanto has 20 seconds left.
|inactive|alecfromkanto has 15 seconds left.
|inactive|alecfromkanto has 10 seconds left.
|
|t:|1750807059
|-terastallize|p2b: Koraidon|Fire
|move|p1b: Grimmsnarl|Thunder Wave|p2b: Koraidon
|-status|p2b: Koraidon|par
|move|p2a: Whimsicott|Moonblast|p1a: Flutter Mane
|-damage|p1a: Flutter Mane|50/100
|-unboost|p1a: Flutter Mane|spa|1
|move|p1a: Flutter Mane|Shadow Ball|p2b: Koraidon
|-damage|p2b: Koraidon|78/100 par
|move|p2b: Koraidon|Flare Blitz|p1a: Flutter Mane
|-damage|p1a: Flutter Mane|0 fnt
|faint|p1a: Flutter Mane
|-end|p1a: Flutter Mane|Protosynthesis|[silent]
|-damage|p2b: Koraidon|66/100 par|[from] Recoil
|
|-weather|SunnyDay|[upkeep]
|upkeep
|
|t:|1750807068
|switch|p1a: Miraidon|Miraidon, L50|57/100
|-activate|p1a: Miraidon|ability: Hadron Engine
|turn|4
|inactive|alecfromkanto has 30 seconds left.
|inactive|alecfromkanto has 20 seconds left.
|inactive|alecfromkanto has 15 seconds left.
|inactive|alecfromkanto has 10 seconds left.
|inactive|alecfromkanto has 5 seconds left.
|
|t:|1750807122
|-terastallize|p1a: Miraidon|Electric
|move|p2a: Whimsicott|Protect|p2a: Whimsicott
|-singleturn|p2a: Whimsicott|Protect
|move|p1a: Miraidon|Draco Meteor|p2b: Koraidon
|-damage|p2b: Koraidon|0 fnt
|-unboost|p1a: Miraidon|spa|2
|faint|p2b: Koraidon
|move|p1b: Grimmsnarl|Foul Play|p2a: Whimsicott
|-activate|p2a: Whimsicott|move: Protect
|
|-weather|SunnyDay|[upkeep]
|-sideend|p2: laizans|move: Tailwind
|upkeep
|
|t:|1750807136
|switch|p2b: Miraidon|Miraidon, L50|100/100
|-activate|p2b: Miraidon|ability: Hadron Engine
|turn|5
|
|t:|1750807143
|move|p1b: Grimmsnarl|Thunder Wave|p2a: Whimsicott
|-status|p2a: Whimsicott|par
|move|p1a: Miraidon|Draco Meteor|p2b: Miraidon
|-supereffective|p2b: Miraidon
|-damage|p2b: Miraidon|13/100
|-unboost|p1a: Miraidon|spa|2
|move|p2b: Miraidon|Dazzling Gleam|p1a: Miraidon|[spread] p1a,p1b
|-supereffective|p1b: Grimmsnarl
|-damage|p1a: Miraidon|32/100
|-damage|p1b: Grimmsnarl|43/100
|cant|p2a: Whimsicott|par
|
|-weather|SunnyDay|[upkeep]
|-fieldend|move: Electric Terrain
|upkeep
|turn|6
|inactive|alecfromkanto has 30 seconds left.
|
|t:|1750807171
|cant|p2a: Whimsicott|par
|move|p1a: Miraidon|Draco Meteor|p2b: Miraidon
|-supereffective|p2b: Miraidon
|-damage|p2b: Miraidon|0 fnt
|-unboost|p1a: Miraidon|spa|2
|faint|p2b: Miraidon
|move|p1b: Grimmsnarl|Foul Play|p2a: Whimsicott
|-resisted|p2a: Whimsicott
|-damage|p2a: Whimsicott|49/100 par
|
|-weather|none
|upkeep
|turn|7
|
|t:|1750807180
|move|p1a: Miraidon|Draco Meteor|p2a: Whimsicott
|-immune|p2a: Whimsicott
|cant|p2a: Whimsicott|par
|move|p1b: Grimmsnarl|Foul Play|p2a: Whimsicott
|-resisted|p2a: Whimsicott
|-damage|p2a: Whimsicott|38/100 par
|
|upkeep
|turn|8
|
|t:|1750807192
|move|p2a: Whimsicott|Protect|p2a: Whimsicott
|-singleturn|p2a: Whimsicott|Protect
|move|p1a: Miraidon|Draco Meteor|p2a: Whimsicott
|-activate|p2a: Whimsicott|move: Protect
|move|p1b: Grimmsnarl|Foul Play|p2a: Whimsicott
|-activate|p2a: Whimsicott|move: Protect
|
|-sideend|p1: alecfromkanto|move: Light Screen
|upkeep
|turn|9
|
|t:|1750807197
|move|p1b: Grimmsnarl|Light Screen|p1b: Grimmsnarl
|-sidestart|p1: alecfromkanto|move: Light Screen
|move|p1a: Miraidon|Draco Meteor|p2a: Whimsicott
|-immune|p2a: Whimsicott
|move|p2a: Whimsicott|Moonblast|p1b: Grimmsnarl
|-supereffective|p1b: Grimmsnarl
|-damage|p1b: Grimmsnarl|4/100
|
|upkeep
|turn|10
|
|t:|1750807205
|move|p1a: Miraidon|Draco Meteor|p2a: Whimsicott
|-immune|p2a: Whimsicott
|move|p2a: Whimsicott|Moonblast|p1b: Grimmsnarl
|-supereffective|p1b: Grimmsnarl
|-damage|p1b: Grimmsnarl|0 fnt
|faint|p1b: Grimmsnarl
|
|upkeep
|turn|11
|
|t:|1750807213
|move|p1a: Miraidon|Draco Meteor|p2a: Whimsicott
|-immune|p2a: Whimsicott
|move|p2a: Whimsicott|Moonblast|p1a: Miraidon
|-damage|p1a: Miraidon|15/100
|
|upkeep
|turn|12
|
|t:|1750807220
|-activate|p1a: Miraidon|move: Struggle
|move|p1a: Miraidon|Struggle|p2a: Whimsicott
|-damage|p2a: Whimsicott|26/100 par
|-damage|p1a: Miraidon|0 fnt|[from] recoil
|faint|p1a: Miraidon
|
|win|laizans
|raw|alecfromkanto's rating: 1388 &rarr; <strong>1365</strong><br />(-23 for losing)
|raw|laizans's rating: 1342 &rarr; <strong>1365</strong><br />(+23 for winning)
