|j|☆zombiedarverano
|j|☆Borislax
|t:|1750815000
|gametype|doubles
|player|p1|zombiedarverano|1|1493
|player|p2|Borislax|elesa|1467
|teamsize|p1|6
|teamsize|p2|6
|gen|9
|tier|[Gen 9] VGC 2025 Reg I
|rated|
|rule|Species Clause: Limit one of each Pokémon
|rule|Item Clause: Limit 1 of each item
|clearpoke
|poke|p1|Calyrex-Ice, L50|
|poke|p1|Miraidon, L50|
|poke|p1|Torkoal, L50, F|
|poke|p1|Rillaboom, L50, F|
|poke|p1|Porygon2, L50|
|poke|p1|Urshifu-*, L50, M|
|poke|p2|Rayquaza, L50|
|poke|p2|Chien-Pao, L50|
|poke|p2|Dondozo, L50, F|
|poke|p2|Tatsugiri, L50, M|
|poke|p2|Calyrex-Shadow, L50|
|poke|p2|Chi-Yu, L50|
|teampreview|4
|inactive|Battle timer is ON: inactive players will automatically lose when time's up. (requested by zombiedarverano)
|
|t:|1750815026
|start
|switch|p1a: Porygon2|Porygon2, L50|100/100
|switch|p1b: Calyrex|Calyrex-Ice, L50|100/100
|switch|p2a: Oogie|Rayquaza, L50|100/100
|switch|p2b: Boogie|Chien-Pao, L50|100/100
|-ability|p1b: Calyrex|As One
|-ability|p1b: Calyrex|Unnerve
|-ability|p2b: Boogie|Sword of Ruin
|-ability|p2a: Oogie|Air Lock
|-ability|p1a: Porygon2|Download|boost
|-boost|p1a: Porygon2|spa|1
|turn|1
|
|t:|1750815044
|move|p2b: Boogie|Throat Chop|p1b: Calyrex
|-supereffective|p1b: Calyrex
|-damage|p1b: Calyrex|33/100
|-start|p1b: Calyrex|Throat Chop|[silent]
|move|p2a: Oogie|Dragon Ascent|p1b: Calyrex
|-damage|p1b: Calyrex|0 fnt
|-unboost|p2a: Oogie|def|1
|-unboost|p2a: Oogie|spd|1
|faint|p1b: Calyrex
|move|p1a: Porygon2|Trick Room|p1a: Porygon2
|-fieldstart|move: Trick Room|[of] p1a: Porygon2
|
|upkeep
|
|t:|1750815052
|switch|p1b: Miraidon|Miraidon, L50|100/100
|-fieldstart|move: Electric Terrain|[from] ability: Hadron Engine|[of] p1b: Miraidon
|-enditem|p1b: Miraidon|Room Service
|-unboost|p1b: Miraidon|spe|1|[from] item: Room Service
|turn|2
|
|t:|1750815070
|switch|p2a: buble|Tatsugiri, L50, M, shiny|100/100
|switch|p2b: Peetuh the hoarse|Dondozo, L50, F|100/100
|-activate|p2a: buble|ability: Commander|[of] p2b: Peetuh the hoarse
|-boost|p2b: Peetuh the hoarse|atk|2
|-boost|p2b: Peetuh the hoarse|spa|2
|-boost|p2b: Peetuh the hoarse|spe|2
|-boost|p2b: Peetuh the hoarse|def|2
|-boost|p2b: Peetuh the hoarse|spd|2
|move|p1a: Porygon2|Tri Attack|p2b: Peetuh the hoarse
|-damage|p2b: Peetuh the hoarse|90/100
|move|p1b: Miraidon|Dazzling Gleam|p2b: Peetuh the hoarse|[spread] p2b
|-miss|p1b: Miraidon|p2a: buble
|-damage|p2b: Peetuh the hoarse|79/100
|
|upkeep
|turn|3
|inactive|zombiedarverano has 30 seconds left.
|
|t:|1750815099
|-terastallize|p2b: Peetuh the hoarse|Grass
|move|p1a: Porygon2|Tri Attack|p2b: Peetuh the hoarse
|-damage|p2b: Peetuh the hoarse|69/100
|move|p1b: Miraidon|Draco Meteor|p2b: Peetuh the hoarse
|-damage|p2b: Peetuh the hoarse|33/100
|-unboost|p1b: Miraidon|spa|2
|move|p2b: Peetuh the hoarse|Earthquake|p1b: Miraidon|[spread] p1a,p1b
|-miss|p2b: Peetuh the hoarse|p2a: buble
|-supereffective|p1b: Miraidon
|-damage|p1a: Porygon2|82/100
|-damage|p1b: Miraidon|37/100
|
|upkeep
|turn|4
|
|t:|1750815121
|move|p1a: Porygon2|Tri Attack|p2b: Peetuh the hoarse
|-damage|p2b: Peetuh the hoarse|24/100
|move|p1b: Miraidon|Draco Meteor|p2b: Peetuh the hoarse
|-damage|p2b: Peetuh the hoarse|0 fnt
|-unboost|p1b: Miraidon|spa|2
|faint|p2b: Peetuh the hoarse
|
|upkeep
|inactive|Borislax has 30 seconds left.
|
|t:|1750815154
|switch|p2b: Oogie|Rayquaza, L50|100/100
|-ability|p2b: Oogie|Air Lock
|turn|5
|
|t:|1750815163
|move|p2b: Oogie|Extreme Speed|p1b: Miraidon
|-damage|p1b: Miraidon|0 fnt
|faint|p1b: Miraidon
|move|p1a: Porygon2|Tri Attack|p2b: Oogie
|-damage|p2b: Oogie|55/100
|move|p2a: buble|Muddy Water|p1a: Porygon2
|-damage|p1a: Porygon2|50/100
|
|-fieldend|move: Trick Room
|upkeep
|
|t:|1750815170
|switch|p1b: Torkoal|Torkoal, L50, F|100/100
|-weather|SunnyDay|[from] ability: Drought|[of] p1b: Torkoal
|turn|6
|
|t:|1750815192
|-terastallize|p1a: Porygon2|Ghost
|move|p1b: Torkoal|Protect|p1b: Torkoal
|-singleturn|p1b: Torkoal|Protect
|move|p2b: Oogie|Extreme Speed|p1a: Porygon2
|-immune|p1a: Porygon2
|move|p2a: buble|Muddy Water|p1b: Torkoal|[spread] p1a
|-activate|p1b: Torkoal|move: Protect
|-damage|p1a: Porygon2|28/100
|move|p1a: Porygon2|Trick Room|p1a: Porygon2
|-fieldstart|move: Trick Room|[of] p1a: Porygon2
|
|-weather|SunnyDay|[upkeep]
|-fieldend|move: Electric Terrain
|upkeep
|turn|7
|
|t:|1750815214
|move|p2b: Oogie|Extreme Speed|p1b: Torkoal
|-damage|p1b: Torkoal|64/100
|move|p1b: Torkoal|Earth Power|p2a: buble
|-damage|p2a: buble|61/100
|-damage|p1b: Torkoal|55/100|[from] item: Life Orb
|move|p1a: Porygon2|Tri Attack|p2b: Oogie
|-damage|p2b: Oogie|14/100
|-status|p2b: Oogie|frz
|move|p2a: buble|Muddy Water|p1b: Torkoal|[spread] p1a,p1b
|-supereffective|p1b: Torkoal
|-damage|p1a: Porygon2|7/100
|-damage|p1b: Torkoal|0 fnt
|-unboost|p1a: Porygon2|accuracy|1
|faint|p1b: Torkoal
|
|-weather|SunnyDay|[upkeep]
|upkeep
|turn|8
|-message|zombiedarverano forfeited.
|
|win|Borislax
|raw|zombiedarverano's rating: 1493 &rarr; <strong>1470</strong><br />(-23 for losing)
|raw|Borislax's rating: 1446 &rarr; <strong>1469</strong><br />(+23 for winning)
|l|☆zombiedarverano
|player|p1|
|l|☆Borislax
|player|p2|
