|j|☆nwoidn
|j|☆Bmkc5
|t:|1750828478
|gametype|doubles
|player|p1|nwoidn|cynthia-gen4|1245
|player|p2|Bmkc5|1|1266
|teamsize|p1|6
|teamsize|p2|6
|gen|9
|tier|[Gen 9] VGC 2025 Reg I
|rated|
|rule|Species Clause: Limit one of each Pokémon
|rule|Item Clause: Limit 1 of each item
|clearpoke
|poke|p1|Kyurem-Black, L50|
|poke|p1|Koraidon, L50|
|poke|p1|Sinistcha-Masterpiece, L50|
|poke|p1|Flutter Mane, L50|
|poke|p1|Incineroar, L50, F|
|poke|p1|Farigiraf, L50, M|
|poke|p2|Miraidon, L50|
|poke|p2|Tsareena, L50, F|
|poke|p2|Lunala, L50|
|poke|p2|Tornadus, L50, M|
|poke|p2|Landorus, L50, M|
|poke|p2|Ogerpon-Cornerstone, L50, F|
|teampreview|4
|inactive|Battle timer is ON: inactive players will automatically lose when time's up. (requested by nwoidn)
|
|t:|1750828502
|start
|switch|p1a: Kyurem|Kyurem-Black, L50|100/100
|switch|p1b: Koraidon|Koraidon, L50|100/100
|switch|p2a: Lunala|Lunala, L50|100/100
|switch|p2b: Ogerpon|Ogerpon-Cornerstone, L50, F|100/100
|-weather|SunnyDay|[from] ability: Orichalcum Pulse|[of] p1b: Koraidon
|-activate|p1b: Koraidon|Orichalcum Pulse|[source]
|-ability|p1a: Kyurem|Teravolt
|turn|1
|inactive|nwoidn has 30 seconds left.
|inactive|nwoidn has 20 seconds left.
|
|t:|1750828539
|-terastallize|p1b: Koraidon|Fire
|move|p1b: Koraidon|Flame Charge|p2a: Lunala
|-damage|p2a: Lunala|64/100
|-boost|p1b: Koraidon|spe|1
|-damage|p1b: Koraidon|91/100|[from] item: Life Orb
|move|p2b: Ogerpon|Ivy Cudgel|p1a: Kyurem|[anim] Ivy Cudgel Rock
|-supereffective|p1a: Kyurem
|-damage|p1a: Kyurem|2/100
|move|p1a: Kyurem|Fusion Bolt|p2a: Lunala
|-damage|p2a: Lunala|25/100
|move|p2a: Lunala|Trick Room|p2a: Lunala
|-fieldstart|move: Trick Room|[of] p2a: Lunala
|
|-weather|SunnyDay|[upkeep]
|upkeep
|turn|2
|
|t:|1750828563
|move|p1a: Kyurem|Fusion Bolt|p2a: Lunala
|-damage|p2a: Lunala|0 fnt
|faint|p2a: Lunala
|move|p2b: Ogerpon|Ivy Cudgel|p1b: Koraidon|[anim] Ivy Cudgel Rock
|-supereffective|p1b: Koraidon
|-damage|p1b: Koraidon|0 fnt
|faint|p1b: Koraidon
|
|-weather|SunnyDay|[upkeep]
|upkeep
|
|t:|1750828572
|switch|p2a: Tsareena|Tsareena, L50, F|100/100
|switch|p1b: Sinistcha|Sinistcha-Masterpiece, L50|100/100
|-heal|p1a: Kyurem|27/100|[from] ability: Hospitality|[of] p1b: Sinistcha
|turn|3
|inactive|nwoidn has 30 seconds left.
|inactive|nwoidn has 20 seconds left.
|
|t:|1750828609
|move|p2a: Tsareena|Protect|p2a: Tsareena
|-singleturn|p2a: Tsareena|Protect
|move|p1b: Sinistcha|Scald|p2b: Ogerpon
|-damage|p2b: Ogerpon|88/100
|-status|p2b: Ogerpon|brn
|move|p1a: Kyurem|Freeze Shock||[still]
|-prepare|p1a: Kyurem|Freeze Shock
|-enditem|p1a: Kyurem|Power Herb
|-anim|p1a: Kyurem|Freeze Shock|p2a: Tsareena
|-activate|p2a: Tsareena|move: Protect
|move|p2b: Ogerpon|Ivy Cudgel|p1a: Kyurem|[anim] Ivy Cudgel Rock
|-supereffective|p1a: Kyurem
|-damage|p1a: Kyurem|0 fnt
|faint|p1a: Kyurem
|
|-weather|SunnyDay|[upkeep]
|-damage|p2b: Ogerpon|82/100 brn|[from] brn
|upkeep
|
|t:|1750828623
|switch|p1a: Flutter Mane|Flutter Mane, L50|100/100
|-activate|p1a: Flutter Mane|ability: Protosynthesis
|-start|p1a: Flutter Mane|protosynthesisspe
|turn|4
|
|t:|1750828634
|move|p1b: Sinistcha|Protect|p1b: Sinistcha
|-singleturn|p1b: Sinistcha|Protect
|move|p1a: Flutter Mane|Protect|p1a: Flutter Mane
|-singleturn|p1a: Flutter Mane|Protect
|move|p2a: Tsareena|Triple Axel|p1a: Flutter Mane
|-activate|p1a: Flutter Mane|move: Protect
|move|p2b: Ogerpon|Ivy Cudgel|p1a: Flutter Mane|[anim] Ivy Cudgel Rock
|-activate|p1a: Flutter Mane|move: Protect
|
|-weather|SunnyDay|[upkeep]
|-damage|p2b: Ogerpon|76/100 brn|[from] brn
|upkeep
|turn|5
|
|t:|1750828645
|-terastallize|p2a: Tsareena|Ice
|move|p1b: Sinistcha|Protect||[still]
|-fail|p1b: Sinistcha
|move|p1a: Flutter Mane|Protect||[still]
|-fail|p1a: Flutter Mane
|move|p2a: Tsareena|Triple Axel|p1a: Flutter Mane
|-damage|p1a: Flutter Mane|73/100
|-hitcount|p1a: Flutter Mane|1
|move|p2b: Ogerpon|Ivy Cudgel|p1a: Flutter Mane|[anim] Ivy Cudgel Rock
|-crit|p1a: Flutter Mane
|-damage|p1a: Flutter Mane|0 fnt
|faint|p1a: Flutter Mane
|-end|p1a: Flutter Mane|Protosynthesis|[silent]
|
|-weather|none
|-damage|p2b: Ogerpon|70/100 brn|[from] brn
|-fieldend|move: Trick Room
|upkeep
|turn|6
|-message|nwoidn forfeited.
|
|win|Bmkc5
|raw|nwoidn's rating: 1245 &rarr; <strong>1222</strong><br />(-23 for losing)
|raw|Bmkc5's rating: 1266 &rarr; <strong>1289</strong><br />(+23 for winning)
|l|☆nwoidn
|player|p1|
|l|☆Bmkc5
|player|p2|
