|j|☆jackon17
|j|☆roykeenkennedy
|t:|1750714684
|gametype|doubles
|player|p1|jackon17|169|1626
|player|p2|roykeenkennedy|alder|1642
|teamsize|p1|6
|teamsize|p2|6
|gen|9
|tier|[Gen 9] VGC 2025 Reg I
|rated|
|rule|Species Clause: Limit one of each Pokémon
|rule|Item Clause: Limit 1 of each item
|clearpoke
|poke|p1|Kyogre, L50|
|poke|p1|Urshifu-*, L50, M|
|poke|p1|Rillaboom, L50, F|
|poke|p1|Amoonguss, L50, F|
|poke|p1|Calyrex-Ice, L50|
|poke|p1|Tornadus, L50, M|
|poke|p2|Calyrex-Ice, L50|
|poke|p2|Annihilape, L50, F|
|poke|p2|Indeedee-F, L50, F|
|poke|p2|Miraidon, L50|
|poke|p2|Ting-Lu, L50|
|poke|p2|Iron Hands, L50|
|teampreview|4
|inactive|Battle timer is ON: inactive players will automatically lose when time's up. (requested by jackon17)
|
|t:|1750714713
|start
|switch|p1a: Amoonguss|Amoonguss, L50, F, shiny|100/100
|switch|p1b: Kyogre|Kyogre, L50|100/100
|switch|p2a: Miraidon|Miraidon, L50|100/100
|switch|p2b: Indeedee|Indeedee-F, L50, F|100/100
|-fieldstart|move: Electric Terrain|[from] ability: Hadron Engine|[of] p2a: Miraidon
|-weather|RainDance|[from] ability: Drizzle|[of] p1b: Kyogre
|turn|1
|j| Prasoooon
|
|t:|1750714731
|switch|p1b: Rillaboom|Rillaboom, L50, F|100/100
|-fieldstart|move: Grassy Terrain|[from] ability: Grassy Surge|[of] p1b: Rillaboom
|move|p2b: Indeedee|Fake Out|p1a: Amoonguss
|-damage|p1a: Amoonguss|95/100
|-damage|p2b: Indeedee|84/100|[from] item: Rocky Helmet|[of] p1a: Amoonguss
|move|p2a: Miraidon|Volt Switch|p1b: Rillaboom
|-resisted|p1b: Rillaboom
|-damage|p1b: Rillaboom|87/100
|
|t:|1750714742
|switch|p2a: Calyrex|Calyrex-Ice, L50|100/100|[from] Volt Switch
|-ability|p2a: Calyrex|As One
|-ability|p2a: Calyrex|Unnerve
|cant|p1a: Amoonguss|flinch
|
|-weather|RainDance|[upkeep]
|-heal|p2b: Indeedee|91/100|[from] Grassy Terrain
|-heal|p1b: Rillaboom|93/100|[from] Grassy Terrain
|-heal|p1a: Amoonguss|100/100|[from] Grassy Terrain
|upkeep
|turn|2
|j| zagmaer
|inactive|jackon17 has 30 seconds left.
|
|t:|1750714767
|switch|p2b: Miraidon|Miraidon, L50|100/100
|-fieldstart|move: Electric Terrain|[from] ability: Hadron Engine|[of] p2b: Miraidon
|switch|p1a: Kyogre|Kyogre, L50|100/100
|move|p1b: Rillaboom|U-turn|p2a: Calyrex
|-supereffective|p2a: Calyrex
|-damage|p2a: Calyrex|72/100
|
|t:|1750714775
|switch|p1b: Calyrex|Calyrex-Ice, L50|100/100|[from] U-turn
|-ability|p1b: Calyrex|As One
|-ability|p1b: Calyrex|Unnerve
|move|p2a: Calyrex|Glacial Lance|p1b: Calyrex|[spread] p1a,p1b
|-resisted|p1a: Kyogre
|-resisted|p1b: Calyrex
|-damage|p1a: Kyogre|70/100
|-damage|p1b: Calyrex|82/100
|
|-weather|RainDance|[upkeep]
|-heal|p1b: Calyrex|87/100|[from] item: Leftovers
|upkeep
|turn|3
|
|t:|1750714799
|-terastallize|p2a: Calyrex|Water
|move|p2b: Miraidon|Volt Switch|p1b: Calyrex
|-damage|p1b: Calyrex|45/100
|l| zagmaer
|
|t:|1750714808
|switch|p2b: Indeedee|Indeedee-F, L50, F|91/100|[from] Volt Switch
|move|p1a: Kyogre|Water Spout|p2b: Indeedee|[spread] p2a,p2b
|-resisted|p2a: Calyrex
|-damage|p2a: Calyrex|46/100
|-damage|p2b: Indeedee|0 fnt
|faint|p2b: Indeedee
|move|p1b: Calyrex|Leech Seed|p2a: Calyrex
|-start|p2a: Calyrex|move: Leech Seed
|move|p2a: Calyrex|Glacial Lance|p1a: Kyogre|[spread] p1a,p1b
|-resisted|p1a: Kyogre
|-resisted|p1b: Calyrex
|-damage|p1a: Kyogre|42/100
|-damage|p1b: Calyrex|26/100
|
|-weather|RainDance|[upkeep]
|-heal|p1b: Calyrex|32/100|[from] item: Leftovers
|-damage|p2a: Calyrex|34/100|[from] Leech Seed|[of] p1b: Calyrex
|-heal|p1b: Calyrex|44/100|[silent]
|upkeep
|
|t:|1750714826
|switch|p2b: Miraidon|Miraidon, L50|100/100
|-activate|p2b: Miraidon|ability: Hadron Engine
|turn|4
|j| plsdontspeaktome
|j| zagmaer
|l| zagmaer
|
|t:|1750714838
|switch|p2a: Ting-Lu|Ting-Lu, L50|100/100
|-ability|p2a: Ting-Lu|Vessel of Ruin
|move|p1b: Calyrex|Protect|p1b: Calyrex
|-singleturn|p1b: Calyrex|Protect
|move|p2b: Miraidon|Volt Switch|p1a: Kyogre
|-supereffective|p1a: Kyogre
|-damage|p1a: Kyogre|0 fnt
|faint|p1a: Kyogre
|
|t:|1750714849
|switch|p2b: Calyrex|Calyrex-Ice, L50, tera:Water|34/100|[from] Volt Switch
|-ability|p2b: Calyrex|As One
|-ability|p2b: Calyrex|Unnerve
|
|-weather|RainDance|[upkeep]
|-heal|p1b: Calyrex|50/100|[from] item: Leftovers
|upkeep
|
|t:|1750714860
|switch|p1a: Rillaboom|Rillaboom, L50, F|93/100
|-fieldstart|move: Grassy Terrain|[from] ability: Grassy Surge|[of] p1a: Rillaboom
|turn|5
|
|t:|1750714880
|move|p2b: Calyrex|Protect|p2b: Calyrex
|-singleturn|p2b: Calyrex|Protect
|move|p1a: Rillaboom|Wood Hammer|p2b: Calyrex
|-activate|p2b: Calyrex|move: Protect
|move|p1b: Calyrex|Glacial Lance|p2b: Calyrex|[spread] p2a
|-activate|p2b: Calyrex|move: Protect
|-supereffective|p2a: Ting-Lu
|-damage|p2a: Ting-Lu|44/100
|move|p2a: Ting-Lu|Sand Tomb|p1b: Calyrex
|-damage|p1b: Calyrex|41/100
|-activate|p1b: Calyrex|move: Sand Tomb|[of] p2a: Ting-Lu
|
|-weather|none
|-heal|p1a: Rillaboom|99/100|[from] Grassy Terrain
|-heal|p1b: Calyrex|47/100|[from] Grassy Terrain
|-heal|p1b: Calyrex|53/100|[from] item: Leftovers
|-heal|p2b: Calyrex|40/100|[from] Grassy Terrain
|-heal|p2a: Ting-Lu|50/100|[from] Grassy Terrain
|-heal|p2a: Ting-Lu|56/100|[from] item: Leftovers
|-damage|p1b: Calyrex|41/100|[from] move: Sand Tomb|[partiallytrapped]
|upkeep
|turn|6
|inactive|roykeenkennedy has 30 seconds left.
|inactive|roykeenkennedy has 20 seconds left.
|
|t:|1750714918
|switch|p2b: Miraidon|Miraidon, L50|100/100
|-fieldstart|move: Electric Terrain|[from] ability: Hadron Engine|[of] p2b: Miraidon
|move|p2a: Ting-Lu|Protect|p2a: Ting-Lu
|-singleturn|p2a: Ting-Lu|Protect
|move|p1a: Rillaboom|Wood Hammer|p2b: Miraidon
|-resisted|p2b: Miraidon
|-damage|p2b: Miraidon|74/100
|-damage|p1a: Rillaboom|91/100|[from] Recoil
|move|p1b: Calyrex|Trick Room|p1b: Calyrex
|-fieldstart|move: Trick Room|[of] p1b: Calyrex
|
|-heal|p2a: Ting-Lu|63/100|[from] item: Leftovers
|-heal|p1b: Calyrex|46/100|[from] item: Leftovers
|-damage|p1b: Calyrex|34/100|[from] move: Sand Tomb|[partiallytrapped]
|upkeep
|turn|7
|inactive|roykeenkennedy has 30 seconds left.
|inactive|roykeenkennedy has 20 seconds left.
|j| zagmaer
|
|t:|1750714956
|switch|p1a: Amoonguss|Amoonguss, L50, F, shiny|100/100
|move|p2a: Ting-Lu|Ruination|p1b: Calyrex
|-damage|p1b: Calyrex|17/100
|move|p1b: Calyrex|Glacial Lance|p2a: Ting-Lu|[spread] p2a,p2b
|-supereffective|p2a: Ting-Lu
|-supereffective|p2b: Miraidon
|-damage|p2a: Ting-Lu|0 fnt
|-damage|p2b: Miraidon|0 fnt
|faint|p2a: Ting-Lu
|faint|p2b: Miraidon
|-ability|p1b: Calyrex|Chilling Neigh|boost
|-boost|p1b: Calyrex|atk|2
|
|-heal|p1b: Calyrex|23/100|[from] item: Leftovers
|-end|p1b: Calyrex|Sand Tomb|[partiallytrapped]|[silent]
|upkeep
|l| zagmaer
|inactive|roykeenkennedy has 30 seconds left.
|c|☆roykeenkennedy|Wow
|c|☆roykeenkennedy|The variance
|c|☆roykeenkennedy|56 to 62
|inactive|roykeenkennedy has 20 seconds left.
|-message|roykeenkennedy forfeited.
|
|win|jackon17
|raw|jackon17's rating: 1626 &rarr; <strong>1647</strong><br />(+21 for winning)
|raw|roykeenkennedy's rating: 1642 &rarr; <strong>1621</strong><br />(-21 for losing)
|l|☆roykeenkennedy
|player|p2|
|l| Prasoooon
|l| plsdontspeaktome
