|j|☆Sillinator
|j|☆Diego.LC
|t:|1750753226
|gametype|doubles
|player|p1|Sillinator|101|1117
|player|p2|Diego.LC|rosa|1116
|teamsize|p1|6
|teamsize|p2|6
|gen|9
|tier|[Gen 9] VGC 2025 Reg I
|rated|
|rule|Species Clause: Limit one of each Pokémon
|rule|Item Clause: Limit 1 of each item
|clearpoke
|poke|p1|Urshifu-*, L50, F|
|poke|p1|Yanma, L50, F|
|poke|p1|Terrakion, L50|
|poke|p1|Whimsicott, L50, F|
|poke|p1|Calyrex-Shadow, L50|
|poke|p1|Lunala, L50|
|poke|p2|Calyrex-Ice, L50|
|poke|p2|Miraidon, L50|
|poke|p2|Iron Hands, L50|
|poke|p2|Farigiraf, L50, M|
|poke|p2|Incineroar, L50, F|
|poke|p2|Whimsicott, L50, M|
|teampreview|4
|inactive|Battle timer is ON: inactive players will automatically lose when time's up. (requested by Diego.LC)
|inactive|Sillinator also wants the timer to be on.
Diego.LC has agreed to open team sheets.
|
|t:|1750753251
|start
|switch|p1a: Yanma|Yanma, L50, F|100/100
|switch|p1b: Calyrex|Calyrex-Shadow, L50|100/100
|switch|p2a: Farigiraf|Farigiraf, L50, M|100/100
|switch|p2b: Incineroar|Incineroar, L50, F|100/100
|-ability|p1b: Calyrex|As One
|-ability|p1b: Calyrex|Unnerve
|-ability|p2b: Incineroar|Intimidate|boost
|-unboost|p1a: Yanma|atk|1
|-unboost|p1b: Calyrex|atk|1
|turn|1
|
|t:|1750753275
|-terastallize|p1a: Yanma|Ghost
|move|p2b: Incineroar|Fake Out|p1a: Yanma
|-immune|p1a: Yanma
|move|p1b: Calyrex|Dark Pulse|p2a: Farigiraf
|-supereffective|p2a: Farigiraf
|-damage|p2a: Farigiraf|10/100
|move|p1a: Yanma|Hypnosis|p2b: Incineroar
|-status|p2b: Incineroar|slp|[from] move: Hypnosis
|move|p2a: Farigiraf|Trick Room|p2a: Farigiraf
|-fieldstart|move: Trick Room|[of] p2a: Farigiraf
|
|upkeep
|turn|2
|inactive|Sillinator has 30 seconds left.
|inactive|Diego.LC has 30 seconds left.
|inactive|Diego.LC has 20 seconds left.
|inactive|Diego.LC has 15 seconds left.
|inactive|Sillinator has 20 seconds left.
|inactive|Diego.LC has 10 seconds left.
|
|t:|1750753325
|switch|p1b: Urshifu|Urshifu, L50, F|100/100
|move|p2a: Farigiraf|Protect|p2a: Farigiraf
|-singleturn|p2a: Farigiraf|Protect
|move|p1a: Yanma|Detect|p1a: Yanma
|-singleturn|p1a: Yanma|Protect
|cant|p2b: Incineroar|slp
|
|upkeep
|turn|3
|
|t:|1750753349
|switch|p2a: Iron Hands|Iron Hands, L50|100/100
|cant|p2b: Incineroar|slp
|move|p1a: Yanma|Hypnosis|p2a: Iron Hands
|-status|p2a: Iron Hands|slp|[from] move: Hypnosis
|move|p1b: Urshifu|Close Combat|p2b: Incineroar
|-supereffective|p2b: Incineroar
|-damage|p2b: Incineroar|0 fnt
|-unboost|p1b: Urshifu|def|1
|-unboost|p1b: Urshifu|spd|1
|-damage|p1b: Urshifu|84/100|[from] item: Rocky Helmet|[of] p2b: Incineroar
|faint|p2b: Incineroar
|
|upkeep
|
|t:|1750753361
|switch|p2b: Calyrex|Calyrex-Ice, L50|100/100
|-ability|p2b: Calyrex|As One
|-ability|p2b: Calyrex|Unnerve
|turn|4
|
|t:|1750753388
|-terastallize|p2b: Calyrex|Fire
|cant|p2a: Iron Hands|slp
|move|p1b: Urshifu|Sucker Punch|p2b: Calyrex
|-damage|p2b: Calyrex|74/100
|move|p2b: Calyrex|Glacial Lance|p1a: Yanma|[spread] p1a,p1b
|-enditem|p1a: Yanma|Focus Sash
|-damage|p1a: Yanma|1/100
|-damage|p1b: Urshifu|2/100
|move|p1a: Yanma|Hypnosis|p2b: Calyrex|[miss]
|-miss|p1a: Yanma|p2b: Calyrex
|
|upkeep
|turn|5
|
|t:|1750753407
|-end|p2a: Iron Hands|Quark Drive|[silent]
|switch|p2a: Farigiraf|Farigiraf, L50, M|10/100
|move|p1a: Yanma|Detect|p1a: Yanma
|-singleturn|p1a: Yanma|Protect
|move|p1b: Urshifu|Sucker Punch||[still]
|cant|p2a: Farigiraf|ability: Armor Tail|Sucker Punch|[of] p1b: Urshifu
|move|p2b: Calyrex|Glacial Lance|p1b: Urshifu|[spread] p1b
|-activate|p1a: Yanma|move: Protect
|-damage|p1b: Urshifu|0 fnt
|faint|p1b: Urshifu
|-ability|p2b: Calyrex|Chilling Neigh|boost
|-boost|p2b: Calyrex|atk|1
|
|-fieldend|move: Trick Room
|upkeep
|
|t:|1750753426
|switch|p1b: Calyrex|Calyrex-Shadow, L50|100/100
|-ability|p1b: Calyrex|As One
|-ability|p1b: Calyrex|Unnerve
|turn|6
|
|t:|1750753436
|move|p1b: Calyrex|Dark Pulse|p2a: Farigiraf
|-supereffective|p2a: Farigiraf
|-damage|p2a: Farigiraf|0 fnt
|faint|p2a: Farigiraf
|-ability|p1b: Calyrex|Grim Neigh|boost
|-boost|p1b: Calyrex|spa|1
|move|p1a: Yanma|Hypnosis|p2b: Calyrex
|-status|p2b: Calyrex|slp|[from] move: Hypnosis
|cant|p2b: Calyrex|slp
|
|upkeep
|
|t:|1750753447
|switch|p2a: Iron Hands|Iron Hands, L50|100/100 slp
|turn|7
|
|t:|1750753464
|move|p1a: Yanma|Detect|p1a: Yanma
|-singleturn|p1a: Yanma|Protect
|move|p1b: Calyrex|Dark Pulse|p2b: Calyrex
|-damage|p2b: Calyrex|27/100 slp
|cant|p2b: Calyrex|slp
|-curestatus|p2a: Iron Hands|slp|[msg]
|move|p2a: Iron Hands|Wild Charge|p1b: Calyrex
|-damage|p1b: Calyrex|35/100
|-damage|p2a: Iron Hands|88/100|[from] Recoil
|
|upkeep
|turn|8
|
|t:|1750753477
|move|p1b: Calyrex|Dark Pulse|p2b: Calyrex
|-damage|p2b: Calyrex|0 fnt
|faint|p2b: Calyrex
|-ability|p1b: Calyrex|Grim Neigh|boost
|-boost|p1b: Calyrex|spa|1
|move|p1a: Yanma|Hypnosis|p2a: Iron Hands
|-status|p2a: Iron Hands|slp|[from] move: Hypnosis
|cant|p2a: Iron Hands|slp
|
|upkeep
|turn|9
|-message|Diego.LC forfeited.
|
|win|Sillinator
|raw|Sillinator's rating: 1117 &rarr; <strong>1142</strong><br />(+25 for winning)
|raw|Diego.LC's rating: 1116 &rarr; <strong>1091</strong><br />(-25 for losing)
|l|☆Diego.LC
|player|p2|
|l|☆Sillinator
|player|p1|
|j|☆Sillinator
|player|p1|Sillinator|101|
|l|☆Sillinator
|player|p1|
