|j|☆i_epix
|j|☆Hazmo32
|t:|1750779202
|gametype|doubles
|player|p1|i_epix|pokekid|1358
|player|p2|Hazmo32|2|1437
|teamsize|p1|6
|teamsize|p2|6
|gen|9
|tier|[Gen 9] VGC 2025 Reg I
|rated|
|rule|Species Clause: Limit one of each Pokémon
|rule|Item Clause: Limit 1 of each item
|clearpoke
|poke|p1|Iron Boulder, L50|
|poke|p1|Miraidon, L50|
|poke|p1|Ho-Oh, L50|
|poke|p1|Whimsicott, L50, F|
|poke|p1|Urshifu-*, L50, M|
|poke|p1|Ogerpon-Wellspring, L50, F|
|poke|p2|Zamazenta-*, L50|
|poke|p2|Grimmsnarl, L50, M|
|poke|p2|Terapagos, L50, M|
|poke|p2|Chien-Pao, L50|
|poke|p2|Ogerpon-Cornerstone, L50, F|
|poke|p2|Incineroar, L50, F|
|teampreview|4
|inactive|Battle timer is ON: inactive players will automatically lose when time's up. (requested by i_epix)
|inactive|i_epix has 60 seconds left.
|
|t:|1750779242
|start
|switch|p1a: Miraidon|Miraidon, L50|100/100
|switch|p1b: Whimsicott|Whimsicott, L50, F|100/100
|switch|p2a: Ogerpon|Ogerpon-Cornerstone, L50, F|100/100
|switch|p2b: Grimmsnarl|Grimmsnarl, L50, M, shiny|100/100
|-fieldstart|move: Electric Terrain|[from] ability: Hadron Engine|[of] p1a: Miraidon
|turn|1
|inactive|Hazmo32 has 30 seconds left.
|inactive|Hazmo32 has 20 seconds left.
|inactive|Hazmo32 has 15 seconds left.
|
|t:|1750779285
|move|p2a: Ogerpon|Spiky Shield|p2a: Ogerpon
|-singleturn|p2a: Ogerpon|move: Protect
|move|p1b: Whimsicott|Tailwind|p1b: Whimsicott
|-sidestart|p1: i_epix|move: Tailwind
|move|p2b: Grimmsnarl|Light Screen|p2b: Grimmsnarl
|-sidestart|p2: Hazmo32|move: Light Screen
|move|p1a: Miraidon|Volt Switch|p2a: Ogerpon
|-activate|p2a: Ogerpon|move: Protect
|
|upkeep
|turn|2
|inactive|Hazmo32 has 30 seconds left.
|
|t:|1750779320
|switch|p2a: Zamazenta|Zamazenta-Crowned, L50, shiny|100/100
|-ability|p2a: Zamazenta|Dauntless Shield|boost
|-boost|p2a: Zamazenta|def|1
|move|p2b: Grimmsnarl|Reflect|p2b: Grimmsnarl
|-sidestart|p2: Hazmo32|Reflect
|move|p1b: Whimsicott|Moonblast|p2b: Grimmsnarl
|-supereffective|p2b: Grimmsnarl
|-damage|p2b: Grimmsnarl|65/100
|move|p1a: Miraidon|Volt Switch|p2a: Zamazenta
|-damage|p2a: Zamazenta|63/100
|
|t:|1750779332
|switch|p1a: Ho-Oh|Ho-Oh, L50|100/100|[from] Volt Switch
|
|upkeep
|turn|3
|
|t:|1750779341
|move|p2b: Grimmsnarl|Thunder Wave|p1a: Ho-Oh
|-status|p1a: Ho-Oh|par
|move|p1b: Whimsicott|Moonblast|p2b: Grimmsnarl
|-supereffective|p2b: Grimmsnarl
|-damage|p2b: Grimmsnarl|32/100
|-unboost|p2b: Grimmsnarl|spa|1
|move|p2a: Zamazenta|Heavy Slam|p1b: Whimsicott
|-supereffective|p1b: Whimsicott
|-damage|p1b: Whimsicott|0 fnt
|faint|p1b: Whimsicott
|move|p1a: Ho-Oh|Sacred Fire|p2a: Zamazenta
|-supereffective|p2a: Zamazenta
|-damage|p2a: Zamazenta|36/100
|
|upkeep
|
|t:|1750779357
|switch|p1b: Miraidon|Miraidon, L50|100/100
|-activate|p1b: Miraidon|ability: Hadron Engine
|turn|4
|
|t:|1750779375
|move|p2a: Zamazenta|Protect|p2a: Zamazenta
|-singleturn|p2a: Zamazenta|Protect
|move|p1b: Miraidon|Volt Switch|p2a: Zamazenta
|-activate|p2a: Zamazenta|move: Protect
|move|p1a: Ho-Oh|Brave Bird|p2b: Grimmsnarl
|-damage|p2b: Grimmsnarl|0 fnt
|faint|p2b: Grimmsnarl
|-damage|p1a: Ho-Oh|91/100 par|[from] Recoil
|
|-heal|p1a: Ho-Oh|97/100 par|[from] item: Leftovers
|-sideend|p1: i_epix|move: Tailwind
|upkeep
|
|t:|1750779392
|switch|p2b: Terapagos|Terapagos, L50, M|100/100
|-activate|p2b: Terapagos|ability: Tera Shift
|detailschange|p2b: Terapagos|Terapagos-Terastal, L50, M
|-heal|p2b: Terapagos|100/100|[silent]
|turn|5
|
|t:|1750779415
|move|p2a: Zamazenta|Body Press|p1b: Miraidon
|-damage|p1b: Miraidon|34/100
|move|p1b: Miraidon|Volt Switch|p2a: Zamazenta
|-damage|p2a: Zamazenta|3/100
|
|t:|1750779420
|switch|p1b: Iron Boulder|Iron Boulder, L50|100/100|[from] Volt Switch
|-activate|p1b: Iron Boulder|ability: Quark Drive
|-start|p1b: Iron Boulder|quarkdrivespe
|move|p2b: Terapagos|Earth Power|p1b: Iron Boulder
|-supereffective|p1b: Iron Boulder
|-damage|p1b: Iron Boulder|40/100
|move|p1a: Ho-Oh|Sacred Fire|p2b: Terapagos
|-activate|p2b: Terapagos|ability: Tera Shell
|-resisted|p2b: Terapagos
|-damage|p2b: Terapagos|86/100
|
|-heal|p2b: Terapagos|92/100|[from] item: Leftovers
|-heal|p1a: Ho-Oh|100/100 par|[from] item: Leftovers
|-fieldend|move: Electric Terrain
|-end|p1b: Iron Boulder|Quark Drive
|upkeep
|turn|6
|inactive|i_epix has 30 seconds left.
|inactive|i_epix has 20 seconds left.
|inactive|i_epix has 15 seconds left.
|
|t:|1750779462
|switch|p1a: Miraidon|Miraidon, L50|34/100
|-fieldstart|move: Electric Terrain|[from] ability: Hadron Engine|[of] p1a: Miraidon
|-activate|p1b: Iron Boulder|ability: Quark Drive
|-start|p1b: Iron Boulder|quarkdrivespe
|-terastallize|p2b: Terapagos|Stellar
|detailschange|p2b: Terapagos|Terapagos-Stellar, L50, M, tera:Stellar
|-heal|p2b: Terapagos|94/100|[silent]
|-ability|p2b: Terapagos|Teraform Zero
|-fieldend|move: Electric Terrain
|-end|p1b: Iron Boulder|Quark Drive
|move|p1b: Iron Boulder|Mighty Cleave|p2a: Zamazenta
|-resisted|p2a: Zamazenta
|-damage|p2a: Zamazenta|0 fnt
|faint|p2a: Zamazenta
|move|p2b: Terapagos|Tera Starstorm|p1b: Iron Boulder|[spread] p1a,p1b
|-damage|p1a: Miraidon|14/100
|-damage|p1b: Iron Boulder|0 fnt
|faint|p1b: Iron Boulder
|-end|p1b: Iron Boulder|Quark Drive|[silent]
|
|-heal|p2b: Terapagos|100/100|[from] item: Leftovers
|upkeep
|
|t:|1750779481
|switch|p1b: Ho-Oh|Ho-Oh, L50|100/100 par
|switch|p2a: Ogerpon|Ogerpon-Cornerstone, L50, F|100/100
|turn|7
|
|t:|1750779495
|move|p1b: Ho-Oh|Helping Hand|p1a: Miraidon
|-singleturn|p1a: Miraidon|Helping Hand|[of] p1b: Ho-Oh
|move|p2a: Ogerpon|Follow Me|p2a: Ogerpon
|-singleturn|p2a: Ogerpon|move: Follow Me
|move|p1a: Miraidon|Draco Meteor|p2a: Ogerpon
|-damage|p2a: Ogerpon|15/100
|-unboost|p1a: Miraidon|spa|2
|move|p2b: Terapagos|Tera Starstorm|p1b: Ho-Oh|[spread] p1a,p1b
|-crit|p1a: Miraidon
|-damage|p1a: Miraidon|0 fnt
|-damage|p1b: Ho-Oh|76/100 par
|faint|p1a: Miraidon
|
|-heal|p1b: Ho-Oh|82/100 par|[from] item: Leftovers
|upkeep
|turn|8
|
|t:|1750779510
|-terastallize|p1b: Ho-Oh|Grass
|move|p2a: Ogerpon|Ivy Cudgel|p1b: Ho-Oh|[anim] Ivy Cudgel Rock
|-damage|p1b: Ho-Oh|33/100 par
|move|p2b: Terapagos|Tera Starstorm|p1b: Ho-Oh
|-supereffective|p1b: Ho-Oh
|-damage|p1b: Ho-Oh|0 fnt
|faint|p1b: Ho-Oh
|
|win|Hazmo32
|raw|i_epix's rating: 1358 &rarr; <strong>1342</strong><br />(-16 for losing)
|raw|Hazmo32's rating: 1437 &rarr; <strong>1453</strong><br />(+16 for winning)
|l|☆i_epix
|player|p1|
|c|☆Hazmo32|ggs
