|j|☆Jzvictini
|j|☆Hikawari
|t:|1750811236
|gametype|doubles
|player|p1|Jzvictini|266|1620
|player|p2|Hikawari|1|1679
|teamsize|p1|6
|teamsize|p2|6
|gen|9
|tier|[Gen 9] VGC 2025 Reg I
|rated|
|rule|Species Clause: Limit one of each Pokémon
|rule|Item Clause: Limit 1 of each item
|clearpoke
|poke|p1|Calyrex-Ice, L50|
|poke|p1|Farigiraf, L50, M|
|poke|p1|Smeargle, L50, M|
|poke|p1|Kyogre, L50|
|poke|p1|Urshifu-*, L50, M|
|poke|p1|Indeedee-F, L50, F|
|poke|p2|Zamazenta-*, L50|
|poke|p2|Calyrex-Shadow, L50|
|poke|p2|Urshifu-*, L50, F|
|poke|p2|Amoonguss, L50, F|
|poke|p2|Chien-Pao, L50|
|poke|p2|Ogerpon-Cornerstone, L50, F|
|teampreview|4
|inactive|Battle timer is ON: inactive players will automatically lose when time's up. (requested by Hikawari)
|
|t:|1750811253
|start
|switch|p1a: Smeargle|Smeargle, L50, M|100/100
|switch|p1b: Calyrex|Calyrex-Ice, L50|100/100
|switch|p2a: Zamazenta|Zamazenta-Crowned, L50|100/100
|switch|p2b: Calyrex|Calyrex-Shadow, L50|100/100
|-ability|p2b: Calyrex|As One
|-ability|p2b: Calyrex|Unnerve
|-ability|p1b: Calyrex|As One
|-ability|p1b: Calyrex|Unnerve
|-ability|p2a: Zamazenta|Dauntless Shield|boost
|-boost|p2a: Zamazenta|def|1
|turn|1
|j| joli.sv
|
|t:|1750811265
|-terastallize|p1b: Calyrex|Grass
|move|p2b: Calyrex|Astral Barrage|p1b: Calyrex|[spread] p1b
|-immune|p1a: Smeargle
|-damage|p1b: Calyrex|57/100
|-damage|p2b: Calyrex|91/100|[from] item: Life Orb
|move|p2a: Zamazenta|Body Press|p1b: Calyrex
|-damage|p1b: Calyrex|16/100
|move|p1a: Smeargle|Spore|p2a: Zamazenta
|-status|p2a: Zamazenta|slp|[from] move: Spore
|move|p1b: Calyrex|Trick Room|p1b: Calyrex
|-fieldstart|move: Trick Room|[of] p1b: Calyrex
|
|-ability|p1a: Smeargle|Moody|boost
|-boost|p1a: Smeargle|def|2
|-unboost|p1a: Smeargle|spd|1
|upkeep
|turn|2
|
|t:|1750811277
|move|p2b: Calyrex|Protect|p2b: Calyrex
|-singleturn|p2b: Calyrex|Protect
|move|p1b: Calyrex|High Horsepower|p2a: Zamazenta
|-supereffective|p2a: Zamazenta
|-damage|p2a: Zamazenta|66/100 slp
|move|p1a: Smeargle|Decorate|p1b: Calyrex
|-boost|p1b: Calyrex|atk|2
|-boost|p1b: Calyrex|spa|2
|cant|p2a: Zamazenta|slp
|
|-ability|p1a: Smeargle|Moody|boost
|-boost|p1a: Smeargle|atk|2
|-unboost|p1a: Smeargle|spa|1
|upkeep
|turn|3
|
|t:|1750811288
|cant|p2a: Zamazenta|slp
|move|p1b: Calyrex|High Horsepower|p2a: Zamazenta
|-supereffective|p2a: Zamazenta
|-damage|p2a: Zamazenta|8/100 slp
|move|p1a: Smeargle|Spore|p2b: Calyrex
|-status|p2b: Calyrex|slp|[from] move: Spore
|cant|p2b: Calyrex|slp
|
|-ability|p1a: Smeargle|Moody|boost
|-boost|p1a: Smeargle|spe|2
|-unboost|p1a: Smeargle|def|1
|upkeep
|turn|4
|
|t:|1750811303
|cant|p2a: Zamazenta|slp
|move|p1b: Calyrex|Glacial Lance|p2a: Zamazenta|[spread] p2a,p2b
|-resisted|p2a: Zamazenta
|-damage|p2a: Zamazenta|0 fnt
|-damage|p2b: Calyrex|0 fnt
|faint|p2a: Zamazenta
|faint|p2b: Calyrex
|-ability|p1b: Calyrex|Chilling Neigh|boost
|-boost|p1b: Calyrex|atk|2
|move|p1a: Smeargle|Decorate|p1b: Calyrex
|-boost|p1b: Calyrex|atk|2
|-boost|p1b: Calyrex|spa|2
|
|-ability|p1a: Smeargle|Moody|boost
|-boost|p1a: Smeargle|def|2
|-unboost|p1a: Smeargle|spe|1
|upkeep
|
|t:|1750811308
|switch|p2a: Ogerpon|Ogerpon-Cornerstone, L50, F|100/100
|switch|p2b: Amoonguss|Amoonguss, L50, F|100/100
|turn|5
|
|t:|1750811323
|-terastallize|p2b: Amoonguss|Water
|move|p2a: Ogerpon|Spiky Shield|p2a: Ogerpon
|-singleturn|p2a: Ogerpon|move: Protect
|move|p1a: Smeargle|Follow Me|p1a: Smeargle
|-singleturn|p1a: Smeargle|move: Follow Me
|move|p2b: Amoonguss|Sludge Bomb|p1a: Smeargle
|-damage|p1a: Smeargle|19/100
|move|p1b: Calyrex|Glacial Lance|p2b: Amoonguss|[spread] p2b
|-activate|p2a: Ogerpon|move: Protect
|-resisted|p2b: Amoonguss
|-damage|p2b: Amoonguss|0 fnt
|faint|p2b: Amoonguss
|
|-fieldend|move: Trick Room
|-ability|p1a: Smeargle|Moody|boost
|-boost|p1a: Smeargle|spa|2
|-unboost|p1a: Smeargle|atk|1
|upkeep
|turn|6
|-message|Hikawari forfeited.
|
|win|Jzvictini
|raw|Jzvictini's rating: 1620 &rarr; <strong>1643</strong><br />(+23 for winning)
|raw|Hikawari's rating: 1679 &rarr; <strong>1656</strong><br />(-23 for losing)
|l|☆Hikawari
|player|p2|
|l|☆Jzvictini
|player|p1|
|l| joli.sv
