|j|‽DoooofyRoooofy
|j|☆super ozone
|t:|1750862747
|gametype|doubles
|player|p1|DoooofyRoooofy|clown|1094
|player|p2|super ozone|101|1090
|teamsize|p1|6
|teamsize|p2|6
|gen|9
|tier|[Gen 9] VGC 2025 Reg I
|rated|
|rule|Species Clause: Limit one of each Pokémon
|rule|Item Clause: Limit 1 of each item
|clearpoke
|poke|p1|Necrozma-Dusk-Mane, L50|
|poke|p1|Raichu, L50, M|
|poke|p1|Sableye, L50, F|
|poke|p1|Ogerpon, L50, F|
|poke|p1|Chien-Pao, L50|
|poke|p1|Pelipper, L50, M|
|poke|p2|Zamazenta-*, L50|
|poke|p2|Ho-Oh, L50|
|poke|p2|Whimsicott, L50, F|
|poke|p2|Ogerpon-Wellspring, L50, F|
|poke|p2|Hydreigon, L50, M|
|poke|p2|Farigiraf, L50, M|
|teampreview|4
|c|☆super ozone|1 restricted?
|inactive|Battle timer is ON: inactive players will automatically lose when time's up. (requested by DoooofyRoooofy)
|
|t:|1750862806
|start
|switch|p1a: Sableye|Sableye, L50, F|100/100
|switch|p1b: Chien-Pao|Chien-Pao, L50|100/100
|switch|p2a: Ho-Oh|Ho-Oh, L50|100/100
|switch|p2b: Ogerpon|Ogerpon-Wellspring, L50, F|100/100
|-ability|p1b: Chien-Pao|Sword of Ruin
|turn|1
|
|t:|1750862823
|switch|p1b: Pelipper|Pelipper, L50, M|100/100
|-weather|RainDance|[from] ability: Drizzle|[of] p1b: Pelipper
|move|p2b: Ogerpon|Spiky Shield|p2b: Ogerpon
|-singleturn|p2b: Ogerpon|move: Protect
|move|p2a: Ho-Oh|Protect|p2a: Ho-Oh
|-singleturn|p2a: Ho-Oh|Protect
|move|p1a: Sableye|Will-O-Wisp|p2b: Ogerpon
|-activate|p2b: Ogerpon|move: Protect
|
|-weather|RainDance|[upkeep]
|upkeep
|turn|2
|
|t:|1750862848
|move|p2b: Ogerpon|Follow Me|p2b: Ogerpon
|-singleturn|p2b: Ogerpon|move: Follow Me
|move|p1a: Sableye|Encore|p2b: Ogerpon
|-start|p2b: Ogerpon|Encore
|move|p2a: Ho-Oh|Tailwind|p2a: Ho-Oh
|-sidestart|p2: super ozone|move: Tailwind
|move|p1b: Pelipper|Tailwind|p1b: Pelipper
|-sidestart|p1: DoooofyRoooofy|move: Tailwind
|
|-weather|RainDance|[upkeep]
|upkeep
|turn|3
|
|t:|1750862859
|move|p2b: Ogerpon|Follow Me|p2b: Ogerpon
|-singleturn|p2b: Ogerpon|move: Follow Me
|move|p2a: Ho-Oh|Brave Bird|p1b: Pelipper
|-damage|p1b: Pelipper|51/100
|-damage|p2a: Ho-Oh|88/100|[from] Recoil
|move|p1b: Pelipper|Hurricane|p2b: Ogerpon
|-supereffective|p2b: Ogerpon
|-damage|p2b: Ogerpon|24/100
|move|p1a: Sableye|Knock Off|p2b: Ogerpon
|-damage|p2b: Ogerpon|4/100
|
|-weather|RainDance|[upkeep]
|upkeep
|turn|4
|
|t:|1750862875
|move|p2b: Ogerpon|Follow Me|p2b: Ogerpon
|-singleturn|p2b: Ogerpon|move: Follow Me
|move|p2a: Ho-Oh|Brave Bird|p1a: Sableye
|-damage|p1a: Sableye|2/100
|-damage|p2a: Ho-Oh|64/100|[from] Recoil
|move|p1b: Pelipper|Hurricane|p2b: Ogerpon
|-supereffective|p2b: Ogerpon
|-damage|p2b: Ogerpon|0 fnt
|faint|p2b: Ogerpon
|move|p1a: Sableye|Knock Off|p2a: Ho-Oh
|-damage|p2a: Ho-Oh|38/100
|-enditem|p2a: Ho-Oh|Clear Amulet|[from] move: Knock Off|[of] p1a: Sableye
|
|-weather|RainDance|[upkeep]
|upkeep
|
|t:|1750862890
|switch|p2b: Hydreigon|Hydreigon, L50, M|100/100
|turn|5
|
|t:|1750862908
|move|p2b: Hydreigon|Focus Energy|p2b: Hydreigon
|-start|p2b: Hydreigon|move: Focus Energy
|move|p2a: Ho-Oh|Brave Bird|p1b: Pelipper
|-damage|p1b: Pelipper|0 fnt
|faint|p1b: Pelipper
|-damage|p2a: Ho-Oh|25/100|[from] Recoil
|move|p1a: Sableye|Knock Off|p2b: Hydreigon
|-resisted|p2b: Hydreigon
|-damage|p2b: Hydreigon|87/100
|-enditem|p2b: Hydreigon|Scope Lens|[from] move: Knock Off|[of] p1a: Sableye
|
|-weather|RainDance|[upkeep]
|-sideend|p1: DoooofyRoooofy|move: Tailwind
|-sideend|p2: super ozone|move: Tailwind
|upkeep
|
|t:|1750862918
|switch|p1b: Chien-Pao|Chien-Pao, L50|100/100
|-ability|p1b: Chien-Pao|Sword of Ruin
|turn|6
|
|t:|1750862934
|move|p2b: Hydreigon|Protect|p2b: Hydreigon
|-singleturn|p2b: Hydreigon|Protect
|move|p1a: Sableye|Encore|p2a: Ho-Oh
|-start|p2a: Ho-Oh|Encore
|move|p1b: Chien-Pao|Ice Spinner|p2b: Hydreigon
|-activate|p2b: Hydreigon|move: Protect
|move|p2a: Ho-Oh|Brave Bird|p1a: Sableye
|-damage|p1a: Sableye|0 fnt
|faint|p1a: Sableye
|-damage|p2a: Ho-Oh|24/100|[from] Recoil
|
|-weather|RainDance|[upkeep]
|upkeep
|
|t:|1750862936
|switch|p1a: Necrozma|Necrozma-Dusk-Mane, L50|100/100
|turn|7
|
|t:|1750862955
|switch|p2a: Zamazenta|Zamazenta-Crowned, L50|100/100
|-ability|p2a: Zamazenta|Dauntless Shield|boost
|-boost|p2a: Zamazenta|def|1
|-terastallize|p2b: Hydreigon|Dark
|move|p1b: Chien-Pao|Ice Spinner|p2b: Hydreigon
|-damage|p2b: Hydreigon|6/100
|-damage|p1b: Chien-Pao|91/100|[from] item: Life Orb
|move|p2b: Hydreigon|Snarl|p1a: Necrozma|[spread] p1a,p1b
|-supereffective|p1a: Necrozma
|-crit|p1a: Necrozma
|-resisted|p1b: Chien-Pao
|-crit|p1b: Chien-Pao
|-damage|p1a: Necrozma|29/100
|-damage|p1b: Chien-Pao|48/100
|-unboost|p1b: Chien-Pao|spa|1
|move|p1a: Necrozma|Psychic Fangs|p2a: Zamazenta
|-damage|p2a: Zamazenta|70/100
|
|-weather|RainDance|[upkeep]
|upkeep
|turn|8
|inactive|DoooofyRoooofy has 30 seconds left.
|inactive|super ozone has 30 seconds left.
|
|t:|1750862982
|move|p1b: Chien-Pao|Sacred Sword|p2a: Zamazenta
|-supereffective|p2a: Zamazenta
|-damage|p2a: Zamazenta|5/100
|-damage|p1b: Chien-Pao|38/100|[from] item: Life Orb
|move|p2a: Zamazenta|Body Press|p1b: Chien-Pao
|-supereffective|p1b: Chien-Pao
|-damage|p1b: Chien-Pao|0 fnt
|faint|p1b: Chien-Pao
|move|p2b: Hydreigon|Snarl|p1a: Necrozma
|-supereffective|p1a: Necrozma
|-crit|p1a: Necrozma
|-damage|p1a: Necrozma|0 fnt
|faint|p1a: Necrozma
|
|win|super ozone
|raw|DoooofyRoooofy's rating: 1094 &rarr; <strong>1070</strong><br />(-24 for losing)
|raw|super ozone's rating: 1090 &rarr; <strong>1117</strong><br />(+27 for winning)
|l|‽DoooofyRoooofy
|player|p1|
|l|☆super ozone
|player|p2|
