|j|☆Gavan199
|j|☆Mal02
|t:|1750776200
|gametype|doubles
|player|p1|Gavan199|gambler|1030
|player|p2|Mal02|266|1037
|teamsize|p1|6
|teamsize|p2|6
|gen|9
|tier|[Gen 9] VGC 2025 Reg I
|rated|
|rule|Species Clause: Limit one of each Pokémon
|rule|Item Clause: Limit 1 of each item
|clearpoke
|poke|p1|Miraidon, L50|
|poke|p1|Wo-Chien, L50|
|poke|p1|Incineroar, L50, F|
|poke|p1|Lunala, L50|
|poke|p1|Ogerpon-Wellspring, L50, F|
|poke|p1|Toxapex, L50, F|
|poke|p2|Whimsicott, L50, F|
|poke|p2|Chi-Yu, L50|
|poke|p2|Raging Bolt, L50|
|poke|p2|Kyogre, L50|
|poke|p2|Koraidon, L50|
|poke|p2|Flutter Mane, L50|
|teampreview|4
|inactive|Battle timer is ON: inactive players will automatically lose when time's up. (requested by Gavan199)
|
|t:|1750776227
|start
|switch|p1a: Lunala|Lunala, L50, shiny|100/100
|switch|p1b: Toxapex|Toxapex, L50, F, shiny|100/100
|switch|p2a: Kyogre|Kyogre, L50|100/100
|switch|p2b: Koraidon|Koraidon, L50|100/100
|-weather|SunnyDay|[from] ability: Orichalcum Pulse|[of] p2b: Koraidon
|-activate|p2b: Koraidon|Orichalcum Pulse|[source]
|-weather|RainDance|[from] ability: Drizzle|[of] p2a: Kyogre
|turn|1
|inactive|Gavan199 has 30 seconds left.
|inactive|Mal02 has 30 seconds left.
|inactive|Gavan199 has 20 seconds left.
|
|t:|1750776265
|-terastallize|p2b: Koraidon|Fire
|move|p1b: Toxapex|Wide Guard|p1b: Toxapex
|-singleturn|p1b: Toxapex|Wide Guard
|move|p2b: Koraidon|Zen Headbutt|p1b: Toxapex
|-supereffective|p1b: Toxapex
|-damage|p1b: Toxapex|44/100
|-damage|p2b: Koraidon|91/100|[from] item: Life Orb
|move|p2a: Kyogre|Water Spout|p1b: Toxapex|[spread] 
|-activate|p1a: Lunala|move: Wide Guard
|-activate|p1b: Toxapex|move: Wide Guard
|move|p1a: Lunala|Trick Room|p1a: Lunala
|-fieldstart|move: Trick Room|[of] p1a: Lunala
|
|-weather|RainDance|[upkeep]
|upkeep
|turn|2
|
|t:|1750776287
|move|p2b: Koraidon|Protect|p2b: Koraidon
|-singleturn|p2b: Koraidon|Protect
|move|p1b: Toxapex|Infestation|p2b: Koraidon
|-activate|p2b: Koraidon|move: Protect
|move|p1a: Lunala|Moongeist Beam|p2a: Kyogre
|-damage|p2a: Kyogre|61/100
|move|p2a: Kyogre|Water Spout|p1a: Lunala|[spread] p1a,p1b
|-resisted|p1b: Toxapex
|-damage|p1a: Lunala|81/100
|-damage|p1b: Toxapex|27/100
|
|-weather|RainDance|[upkeep]
|upkeep
|turn|3
|inactive|Mal02 has 30 seconds left.
|
|t:|1750776317
|switch|p2a: Flutter Mane|Flutter Mane, L50|100/100
|switch|p2b: Raging Bolt|Raging Bolt, L50|100/100
|move|p1b: Toxapex|Baneful Bunker|p1b: Toxapex
|-singleturn|p1b: Toxapex|move: Protect
|move|p1a: Lunala|Moongeist Beam|p2a: Flutter Mane
|-supereffective|p2a: Flutter Mane
|-enditem|p2a: Flutter Mane|Focus Sash
|-damage|p2a: Flutter Mane|1/100
|
|-weather|RainDance|[upkeep]
|upkeep
|turn|4
|inactive|Gavan199 has 30 seconds left.
|
|t:|1750776343
|switch|p1a: Wo-Chien|Wo-Chien, L50|100/100
|-ability|p1a: Wo-Chien|Tablets of Ruin
|move|p2a: Flutter Mane|Protect|p2a: Flutter Mane
|-singleturn|p2a: Flutter Mane|Protect
|move|p2b: Raging Bolt|Thunderclap|p1b: Toxapex
|-supereffective|p1b: Toxapex
|-crit|p1b: Toxapex
|-damage|p1b: Toxapex|0 fnt
|faint|p1b: Toxapex
|
|-weather|RainDance|[upkeep]
|upkeep
|
|t:|1750776352
|switch|p1b: Lunala|Lunala, L50, shiny|81/100
|turn|5
|inactive|Mal02 has 30 seconds left.
|
|t:|1750776379
|-terastallize|p1a: Wo-Chien|Ground
|move|p2a: Flutter Mane|Protect||[still]
|-fail|p2a: Flutter Mane
|move|p1a: Wo-Chien|Leech Seed|p2b: Raging Bolt
|-start|p2b: Raging Bolt|move: Leech Seed
|move|p2b: Raging Bolt|Thunder|p1b: Lunala
|-damage|p1b: Lunala|41/100
|move|p1b: Lunala|Night Daze|p2a: Flutter Mane
|-damage|p2a: Flutter Mane|0 fnt
|faint|p2a: Flutter Mane
|-end|p2a: Flutter Mane|Protosynthesis|[silent]
|
|-weather|none
|-damage|p2b: Raging Bolt|88/100|[from] Leech Seed|[of] p1a: Wo-Chien
|-fieldend|move: Trick Room
|upkeep
|
|t:|1750776401
|switch|p2a: Koraidon|Koraidon, L50, tera:Fire|91/100
|-weather|SunnyDay|[from] ability: Orichalcum Pulse|[of] p2a: Koraidon
|-activate|p2b: Raging Bolt|ability: Protosynthesis
|-start|p2b: Raging Bolt|protosynthesisspa
|-activate|p2a: Koraidon|Orichalcum Pulse|[source]
|turn|6
|inactive|Mal02 has 30 seconds left.
|inactive|Mal02 has 20 seconds left.
|inactive|Mal02 has 15 seconds left.
|
|t:|1750776441
|switch|p1b: Ogerpon|Ogerpon-Wellspring, L50, F|100/100
|move|p2a: Koraidon|Close Combat|p1a: Wo-Chien
|-damage|p1a: Wo-Chien|17/100
|-unboost|p2a: Koraidon|def|1
|-unboost|p2a: Koraidon|spd|1
|-damage|p2a: Koraidon|81/100|[from] item: Life Orb
|move|p2b: Raging Bolt|Draco Meteor|p1b: Ogerpon
|-damage|p1b: Ogerpon|1/100
|-unboost|p2b: Raging Bolt|spa|2
|move|p1a: Wo-Chien|Foul Play|p2a: Koraidon
|-damage|p2a: Koraidon|7/100
|
|-weather|SunnyDay|[upkeep]
|-heal|p1a: Wo-Chien|23/100|[from] item: Leftovers
|-damage|p2b: Raging Bolt|76/100|[from] Leech Seed|[of] p1a: Wo-Chien
|-heal|p1a: Wo-Chien|37/100|[silent]
|upkeep
|turn|7
|
|t:|1750776466
|move|p1b: Ogerpon|Spiky Shield|p1b: Ogerpon
|-singleturn|p1b: Ogerpon|move: Protect
|move|p1a: Wo-Chien|Protect|p1a: Wo-Chien
|-singleturn|p1a: Wo-Chien|Protect
|move|p2b: Raging Bolt|Thunderclap||[still]
|-fail|p2b: Raging Bolt
|move|p2a: Koraidon|Close Combat|p1a: Wo-Chien
|-activate|p1a: Wo-Chien|move: Protect
|
|-weather|SunnyDay|[upkeep]
|-heal|p1a: Wo-Chien|43/100|[from] item: Leftovers
|-damage|p2b: Raging Bolt|64/100|[from] Leech Seed|[of] p1a: Wo-Chien
|-heal|p1a: Wo-Chien|57/100|[silent]
|upkeep
|turn|8
|inactive|Gavan199 has 30 seconds left.
|inactive|Mal02 has 30 seconds left.
|
|t:|1750776496
|move|p1b: Ogerpon|Follow Me|p1b: Ogerpon
|-singleturn|p1b: Ogerpon|move: Follow Me
|move|p2b: Raging Bolt|Thunderclap||[still]
|-fail|p2b: Raging Bolt
|move|p2a: Koraidon|Close Combat|p1b: Ogerpon
|-damage|p1b: Ogerpon|0 fnt
|-unboost|p2a: Koraidon|def|1
|-unboost|p2a: Koraidon|spd|1
|faint|p1b: Ogerpon
|-damage|p2a: Koraidon|0 fnt|[from] item: Life Orb
|faint|p2a: Koraidon
|move|p1a: Wo-Chien|Leech Seed||[still]
|-fail|p1a: Wo-Chien
|
|-weather|SunnyDay|[upkeep]
|-heal|p1a: Wo-Chien|64/100|[from] item: Leftovers
|-damage|p2b: Raging Bolt|51/100|[from] Leech Seed|[of] p1a: Wo-Chien
|-heal|p1a: Wo-Chien|78/100|[silent]
|upkeep
|
|t:|1750776504
|switch|p2a: Kyogre|Kyogre, L50|61/100
|switch|p1b: Lunala|Lunala, L50, shiny|41/100
|-weather|RainDance|[from] ability: Drizzle|[of] p2a: Kyogre
|-end|p2b: Raging Bolt|Protosynthesis
|turn|9
|
|t:|1750776517
|move|p1b: Lunala|Wide Guard|p1b: Lunala
|-singleturn|p1b: Lunala|Wide Guard
|move|p2a: Kyogre|Ice Beam|p1a: Wo-Chien
|-supereffective|p1a: Wo-Chien
|-damage|p1a: Wo-Chien|41/100
|-status|p1a: Wo-Chien|frz
|move|p2b: Raging Bolt|Weather Ball|p1a: Wo-Chien
|-supereffective|p1a: Wo-Chien
|-damage|p1a: Wo-Chien|8/100 frz
|-curestatus|p1a: Wo-Chien|frz|[msg]
|move|p1a: Wo-Chien|Pollen Puff|p1b: Lunala
|-heal|p1b: Lunala|91/100
|
|-weather|RainDance|[upkeep]
|-heal|p1a: Wo-Chien|14/100|[from] item: Leftovers
|-damage|p2b: Raging Bolt|39/100|[from] Leech Seed|[of] p1a: Wo-Chien
|-heal|p1a: Wo-Chien|28/100|[silent]
|upkeep
|turn|10
|
|t:|1750776544
|move|p1a: Wo-Chien|Protect|p1a: Wo-Chien
|-singleturn|p1a: Wo-Chien|Protect
|move|p2a: Kyogre|Origin Pulse|p1b: Lunala|[spread] p1b
|-activate|p1a: Wo-Chien|move: Protect
|-damage|p1b: Lunala|52/100
|move|p1b: Lunala|Moongeist Beam|p2a: Kyogre
|-damage|p2a: Kyogre|23/100
|-enditem|p2a: Kyogre|Sitrus Berry|[eat]
|-heal|p2a: Kyogre|48/100|[from] item: Sitrus Berry
|move|p2b: Raging Bolt|Weather Ball|p1a: Wo-Chien
|-activate|p1a: Wo-Chien|move: Protect
|
|-weather|RainDance|[upkeep]
|-heal|p1a: Wo-Chien|34/100|[from] item: Leftovers
|-damage|p2b: Raging Bolt|27/100|[from] Leech Seed|[of] p1a: Wo-Chien
|-heal|p1a: Wo-Chien|48/100|[silent]
|upkeep
|turn|11
|
|t:|1750776555
|move|p1b: Lunala|Wide Guard|p1b: Lunala
|-singleturn|p1b: Lunala|Wide Guard
|move|p2a: Kyogre|Origin Pulse|p1a: Wo-Chien|[spread] 
|-activate|p1a: Wo-Chien|move: Wide Guard
|-activate|p1b: Lunala|move: Wide Guard
|move|p2b: Raging Bolt|Weather Ball|p1a: Wo-Chien
|-supereffective|p1a: Wo-Chien
|-damage|p1a: Wo-Chien|13/100
|move|p1a: Wo-Chien|Pollen Puff|p1b: Lunala
|-heal|p1b: Lunala|100/100
|
|-weather|RainDance|[upkeep]
|-heal|p1a: Wo-Chien|19/100|[from] item: Leftovers
|-damage|p2b: Raging Bolt|14/100|[from] Leech Seed|[of] p1a: Wo-Chien
|-heal|p1a: Wo-Chien|33/100|[silent]
|upkeep
|turn|12
|
|t:|1750776572
|move|p1a: Wo-Chien|Protect|p1a: Wo-Chien
|-singleturn|p1a: Wo-Chien|Protect
|move|p2a: Kyogre|Origin Pulse|p1b: Lunala|[spread] p1b
|-activate|p1a: Wo-Chien|move: Protect
|-damage|p1b: Lunala|79/100
|move|p1b: Lunala|Moongeist Beam|p2a: Kyogre
|-damage|p2a: Kyogre|9/100
|move|p2b: Raging Bolt|Weather Ball|p1a: Wo-Chien
|-activate|p1a: Wo-Chien|move: Protect
|
|-weather|RainDance|[upkeep]
|-heal|p1a: Wo-Chien|40/100|[from] item: Leftovers
|-damage|p2b: Raging Bolt|2/100|[from] Leech Seed|[of] p1a: Wo-Chien
|-heal|p1a: Wo-Chien|54/100|[silent]
|upkeep
|turn|13
|-message|Mal02 forfeited.
|
|win|Gavan199
|raw|Gavan199's rating: 1030 &rarr; <strong>1066</strong><br />(+36 for winning)
|raw|Mal02's rating: 1037 &rarr; <strong>1021</strong><br />(-16 for losing)
|l|☆Mal02
|player|p2|
