|j|☆alethor
|j|☆muggypuggy
|t:|1750826656
|gametype|doubles
|player|p1|alethor|gambler|1126
|player|p2|muggypuggy|veteran|1079
|teamsize|p1|6
|teamsize|p2|6
|gen|9
|tier|[Gen 9] VGC 2025 Reg I
|rated|
|rule|Species Clause: Limit one of each Pokémon
|rule|Item Clause: Limit 1 of each item
|clearpoke
|poke|p1|Primarina, L50, F|
|poke|p1|Gothitelle, L50, F|
|poke|p1|Grimmsnarl, L50, M|
|poke|p1|Flutter Mane, L50|
|poke|p1|Dugtrio, L50, M|
|poke|p1|Clefairy, L50, F|
|poke|p2|Annihilape, L50, F|
|poke|p2|Farigiraf, L50, M|
|poke|p2|Groudon, L50|
|poke|p2|Sableye, L50, M|
|poke|p2|Calyrex-Ice, L50|
|poke|p2|Flutter Mane, L50|
|teampreview|4
|inactive|Battle timer is ON: inactive players will automatically lose when time's up. (requested by alethor)
|
|t:|1750826676
|start
|switch|p1a: Primarina|Primarina, L50, F|100/100
|switch|p1b: Gothitelle|Gothitelle, L50, F|100/100
|switch|p2a: Annihilape|Annihilape, L50, F|100/100
|switch|p2b: Farigiraf|Farigiraf, L50, M|100/100
|turn|1
|
|t:|1750826690
|-terastallize|p1b: Gothitelle|Normal
|move|p2a: Annihilape|Protect|p2a: Annihilape
|-singleturn|p2a: Annihilape|Protect
|move|p1b: Gothitelle|Fake Out||[still]
|cant|p2b: Farigiraf|ability: Armor Tail|Fake Out|[of] p1b: Gothitelle
|move|p1a: Primarina|Perish Song|p1a: Primarina
|-start|p1a: Primarina|perish3|[silent]
|-start|p1b: Gothitelle|perish3|[silent]
|-start|p2a: Annihilape|perish3|[silent]
|-start|p2b: Farigiraf|perish3|[silent]
|-fieldactivate|move: Perish Song
|move|p2b: Farigiraf|Trick Room|p2b: Farigiraf
|-fieldstart|move: Trick Room|[of] p2b: Farigiraf
|
|-start|p2b: Farigiraf|perish3
|-start|p1b: Gothitelle|perish3
|-start|p2a: Annihilape|perish3
|-start|p1a: Primarina|perish3
|upkeep
|turn|2
|
|t:|1750826712
|-terastallize|p2a: Annihilape|Ghost
|move|p2b: Farigiraf|Beat Up|p2a: Annihilape
|-supereffective|p2a: Annihilape
|-damage|p2a: Annihilape|94/100
|-enditem|p2a: Annihilape|Weakness Policy
|-boost|p2a: Annihilape|atk|2|[from] item: Weakness Policy
|-boost|p2a: Annihilape|spa|2|[from] item: Weakness Policy
|-supereffective|p2a: Annihilape
|-damage|p2a: Annihilape|89/100
|-supereffective|p2a: Annihilape
|-damage|p2a: Annihilape|83/100
|-supereffective|p2a: Annihilape
|-damage|p2a: Annihilape|75/100
|-hitcount|p2a: Annihilape|4
|move|p1b: Gothitelle|Substitute|p1b: Gothitelle
|-start|p1b: Gothitelle|Substitute
|-damage|p1b: Gothitelle|76/100
|move|p2a: Annihilape|Rage Fist|p1a: Primarina
|-damage|p1a: Primarina|0 fnt
|faint|p1a: Primarina
|
|-start|p2b: Farigiraf|perish2
|-start|p1b: Gothitelle|perish2
|-start|p2a: Annihilape|perish2
|upkeep
|inactive|alethor has 30 seconds left.
|inactive|alethor has 20 seconds left.
|
|t:|1750826750
|switch|p1a: Dugtrio|Dugtrio, L50, M|100/100
|turn|3
|
|t:|1750826759
|move|p2b: Farigiraf|Helping Hand|p2a: Annihilape
|-singleturn|p2a: Annihilape|Helping Hand|[of] p2b: Farigiraf
|move|p1b: Gothitelle|Protect|p1b: Gothitelle
|-singleturn|p1b: Gothitelle|Protect
|move|p1a: Dugtrio|Protect|p1a: Dugtrio
|-singleturn|p1a: Dugtrio|Protect
|move|p2a: Annihilape|Rage Fist|p1a: Dugtrio
|-activate|p1a: Dugtrio|move: Protect
|
|-start|p2b: Farigiraf|perish1
|-start|p1b: Gothitelle|perish1
|-start|p2a: Annihilape|perish1
|upkeep
|turn|4
|inactive|alethor has 30 seconds left.
|inactive|alethor has 20 seconds left.
|
|t:|1750826796
|move|p2b: Farigiraf|Helping Hand|p2a: Annihilape
|-singleturn|p2a: Annihilape|Helping Hand|[of] p2b: Farigiraf
|move|p1b: Gothitelle|Thunder Wave|p2a: Annihilape
|-status|p2a: Annihilape|par
|move|p2a: Annihilape|Rage Fist|p1a: Dugtrio
|-enditem|p1a: Dugtrio|Focus Sash
|-damage|p1a: Dugtrio|1/100
|move|p1a: Dugtrio|Dig||[still]
|-prepare|p1a: Dugtrio|Dig
|
|-start|p2a: Annihilape|perish0
|-start|p2b: Farigiraf|perish0
|-start|p1b: Gothitelle|perish0
|faint|p2a: Annihilape
|faint|p2b: Farigiraf
|faint|p1b: Gothitelle
|upkeep
|
|t:|1750826810
|switch|p2b: Sableye|Sableye, L50, M|100/100
|switch|p1b: Flutter Mane|Flutter Mane, L50|100/100
|switch|p2a: Calyrex|Calyrex-Ice, L50|100/100
|-ability|p2a: Calyrex|As One
|-ability|p2a: Calyrex|Unnerve
|-enditem|p1b: Flutter Mane|Booster Energy
|-activate|p1b: Flutter Mane|ability: Protosynthesis|[fromitem]
|-start|p1b: Flutter Mane|protosynthesisspe
|turn|5
|
|t:|1750826826
|move|p2b: Sableye|Fake Out|p1b: Flutter Mane
|-immune|p1b: Flutter Mane
|move|p2a: Calyrex|Glacial Lance|p1a: Dugtrio|[spread] p1b
|-miss|p2a: Calyrex|p1a: Dugtrio
|-crit|p1b: Flutter Mane
|-damage|p1b: Flutter Mane|0 fnt
|faint|p1b: Flutter Mane
|-end|p1b: Flutter Mane|Protosynthesis|[silent]
|-ability|p2a: Calyrex|Chilling Neigh|boost
|-boost|p2a: Calyrex|atk|1
|-damage|p2a: Calyrex|91/100|[from] item: Life Orb
|move|p1a: Dugtrio|Dig|p2a: Calyrex|[from] lockedmove
|-damage|p2a: Calyrex|77/100
|
|-fieldend|move: Trick Room
|upkeep
|turn|6
|inactive|alethor has 30 seconds left.
|inactive|alethor has 20 seconds left.
|
|t:|1750826866
|move|p1a: Dugtrio|Sucker Punch|p2a: Calyrex
|-supereffective|p2a: Calyrex
|-damage|p2a: Calyrex|60/100
|move|p2b: Sableye|Quash||[still]
|-fail|p2b: Sableye
|move|p2a: Calyrex|Glacial Lance|p1a: Dugtrio
|-supereffective|p1a: Dugtrio
|-damage|p1a: Dugtrio|0 fnt
|faint|p1a: Dugtrio
|-damage|p2a: Calyrex|50/100|[from] item: Life Orb
|
|win|muggypuggy
|raw|alethor's rating: 1126 &rarr; <strong>1098</strong><br />(-28 for losing)
|raw|muggypuggy's rating: 1079 &rarr; <strong>1111</strong><br />(+32 for winning)
