|j|☆marabamol
|j|☆Taco_bowl_mx
|t:|1750779555
|gametype|doubles
|player|p1|marabamol|266|1098
|player|p2|Taco_bowl_mx|dawn-gen4pt|1110
|teamsize|p1|6
|teamsize|p2|6
|gen|9
|tier|[Gen 9] VGC 2025 Reg I
|rated|
|rule|Species Clause: Limit one of each Pokémon
|rule|Item Clause: Limit 1 of each item
|clearpoke
|poke|p1|Incineroar, L50, F|
|poke|p1|Grimmsnarl, L50, M|
|poke|p1|Miraidon, L50|
|poke|p1|Calyrex-Ice, L50|
|poke|p1|Urshifu-*, L50, F|
|poke|p1|Ogerpon-Hearthflame, L50, F|
|poke|p2|Calyrex-Shadow, L50|
|poke|p2|Zamazenta-*, L50|
|poke|p2|Amoonguss, L50, M|
|poke|p2|Rillaboom, L50, F|
|poke|p2|Raging Bolt, L50|
|poke|p2|Chien-Pao, L50|
|teampreview|4
Taco_bowl_mx rejected open team sheets.
|
|t:|1750779596
|start
|switch|p1a: Secretariat|Calyrex-Ice, L50|100/100
|switch|p1b: Jack Black|Incineroar, L50, F|100/100
|switch|p2a: Zamazenta|Zamazenta-Crowned, L50|100/100
|switch|p2b: Chien-Pao|Chien-Pao, L50|100/100
|-ability|p1a: Secretariat|As One
|-ability|p1a: Secretariat|Unnerve
|-ability|p2b: Chien-Pao|Sword of Ruin
|-ability|p2a: Zamazenta|Dauntless Shield|boost
|-boost|p2a: Zamazenta|def|1
|-ability|p1b: Jack Black|Intimidate|boost
|-unboost|p2a: Zamazenta|atk|1
|-unboost|p2b: Chien-Pao|atk|1
|turn|1
|
|t:|1750779631
|move|p1a: Secretariat|Protect|p1a: Secretariat
|-singleturn|p1a: Secretariat|Protect
|move|p1b: Jack Black|Fake Out|p2a: Zamazenta
|-resisted|p2a: Zamazenta
|-damage|p2a: Zamazenta|98/100
|move|p2b: Chien-Pao|Taunt|p1a: Secretariat
|-activate|p1a: Secretariat|move: Protect
|cant|p2a: Zamazenta|flinch
|
|upkeep
|turn|2
|
|t:|1750779673
|switch|p1a: Pilates|Grimmsnarl, L50, M|100/100
|move|p2b: Chien-Pao|Icicle Crash|p1a: Pilates|[miss]
|-miss|p2b: Chien-Pao|p1a: Pilates
|move|p2a: Zamazenta|Body Press|p1b: Jack Black
|-supereffective|p1b: Jack Black
|-damage|p1b: Jack Black|0 fnt
|faint|p1b: Jack Black
|
|upkeep
|
|t:|1750779682
|switch|p1b: Tron|Miraidon, L50|100/100
|-fieldstart|move: Electric Terrain|[from] ability: Hadron Engine|[of] p1b: Tron
|turn|3
|
|t:|1750779700
|switch|p2a: Rillaboom|Rillaboom, L50, F|100/100
|-fieldstart|move: Grassy Terrain|[from] ability: Grassy Surge|[of] p2a: Rillaboom
|move|p1a: Pilates|Thunder Wave|p2a: Rillaboom|[miss]
|-miss|p1a: Pilates|p2a: Rillaboom
|move|p2b: Chien-Pao|Icicle Crash|p1b: Tron|[miss]
|-miss|p2b: Chien-Pao|p1b: Tron
|move|p1b: Tron|Dazzling Gleam|p2b: Chien-Pao|[spread] p2a,p2b
|-supereffective|p2b: Chien-Pao
|-damage|p2a: Rillaboom|78/100
|-damage|p2b: Chien-Pao|4/100
|
|-heal|p2b: Chien-Pao|10/100|[from] Grassy Terrain
|-heal|p2a: Rillaboom|84/100|[from] Grassy Terrain
|upkeep
|turn|4
|
|t:|1750779720
|move|p2a: Rillaboom|Fake Out|p1a: Pilates
|-damage|p1a: Pilates|81/100
|cant|p1a: Pilates|flinch
|move|p2b: Chien-Pao|Icicle Crash|p1b: Tron
|-supereffective|p1b: Tron
|-damage|p1b: Tron|35/100
|move|p1b: Tron|Dazzling Gleam|p2a: Rillaboom|[spread] p2a,p2b
|-crit|p2a: Rillaboom
|-supereffective|p2b: Chien-Pao
|-damage|p2a: Rillaboom|53/100
|-damage|p2b: Chien-Pao|0 fnt
|faint|p2b: Chien-Pao
|
|-heal|p1b: Tron|41/100|[from] Grassy Terrain
|-heal|p2a: Rillaboom|59/100|[from] Grassy Terrain
|-heal|p1a: Pilates|87/100|[from] Grassy Terrain
|upkeep
|
|t:|1750779738
|switch|p2b: Calyrex|Calyrex-Shadow, L50|100/100
|-ability|p2b: Calyrex|As One
|-ability|p2b: Calyrex|Unnerve
|turn|5
|
|t:|1750779763
|switch|p1b: Secretariat|Calyrex-Ice, L50|100/100
|-ability|p1b: Secretariat|As One
|-ability|p1b: Secretariat|Unnerve
|move|p1a: Pilates|Light Screen|p1a: Pilates
|-sidestart|p1: marabamol|move: Light Screen
|move|p2b: Calyrex|Psychic|p1b: Secretariat
|-resisted|p1b: Secretariat
|-crit|p1b: Secretariat
|-damage|p1b: Secretariat|65/100
|-damage|p2b: Calyrex|91/100|[from] item: Life Orb
|move|p2a: Rillaboom|U-turn|p1b: Secretariat
|-supereffective|p1b: Secretariat
|-damage|p1b: Secretariat|37/100
|
|t:|1750779776
|switch|p2a: Zamazenta|Zamazenta-Crowned, L50|98/100|[from] U-turn
|
|-heal|p2b: Calyrex|97/100|[from] Grassy Terrain
|-heal|p2a: Zamazenta|100/100|[from] Grassy Terrain
|-heal|p1b: Secretariat|43/100|[from] Grassy Terrain
|-heal|p1a: Pilates|93/100|[from] Grassy Terrain
|upkeep
|turn|6
|
|t:|1750779799
|move|p1b: Secretariat|Protect|p1b: Secretariat
|-singleturn|p1b: Secretariat|Protect
|move|p1a: Pilates|Thunder Wave|p2b: Calyrex
|-status|p2b: Calyrex|par
|move|p2a: Zamazenta|Behemoth Bash|p1a: Pilates
|-supereffective|p1a: Pilates
|-damage|p1a: Pilates|15/100
|move|p2b: Calyrex|Astral Barrage|p1a: Pilates|[spread] p1a
|-activate|p1b: Secretariat|move: Protect
|-resisted|p1a: Pilates
|-damage|p1a: Pilates|0 fnt
|faint|p1a: Pilates
|-ability|p2b: Calyrex|Grim Neigh|boost
|-boost|p2b: Calyrex|spa|1
|-damage|p2b: Calyrex|88/100 par|[from] item: Life Orb
|
|-heal|p2b: Calyrex|94/100 par|[from] Grassy Terrain
|-heal|p1b: Secretariat|48/100|[from] Grassy Terrain
|upkeep
|
|t:|1750779816
|switch|p1a: Tron|Miraidon, L50|41/100
|-fieldstart|move: Electric Terrain|[from] ability: Hadron Engine|[of] p1a: Tron
|turn|7
|
|t:|1750779847
|switch|p2a: Rillaboom|Rillaboom, L50, F|59/100
|-fieldstart|move: Grassy Terrain|[from] ability: Grassy Surge|[of] p2a: Rillaboom
|move|p1a: Tron|Electro Drift|p2b: Calyrex
|-damage|p2b: Calyrex|14/100 par
|cant|p2b: Calyrex|par
|move|p1b: Secretariat|Glacial Lance|p2a: Rillaboom|[spread] p2a,p2b
|-supereffective|p2a: Rillaboom
|-damage|p2a: Rillaboom|0 fnt
|-damage|p2b: Calyrex|0 fnt
|faint|p2a: Rillaboom
|faint|p2b: Calyrex
|-ability|p1b: Secretariat|Chilling Neigh|boost
|-boost|p1b: Secretariat|atk|2
|
|-heal|p1a: Tron|47/100|[from] Grassy Terrain
|-heal|p1b: Secretariat|54/100|[from] Grassy Terrain
|upkeep
|c|☆Taco_bowl_mx|dumb paralizis!
|c|☆Taco_bowl_mx|gg
|
|t:|1750779873
|switch|p2b: Zamazenta|Zamazenta-Crowned, L50|100/100
|turn|8
|
|t:|1750779884
|move|p1a: Tron|Electro Drift|p2b: Zamazenta
|-damage|p2b: Zamazenta|34/100
|move|p2b: Zamazenta|Body Press|p1b: Secretariat
|-damage|p1b: Secretariat|24/100
|move|p1b: Secretariat|High Horsepower|p2b: Zamazenta
|-supereffective|p2b: Zamazenta
|-damage|p2b: Zamazenta|0 fnt
|faint|p2b: Zamazenta
|
|win|marabamol
|raw|marabamol's rating: 1098 &rarr; <strong>1124</strong><br />(+26 for winning)
|raw|Taco_bowl_mx's rating: 1110 &rarr; <strong>1084</strong><br />(-26 for losing)
|l|☆marabamol
|player|p1|
