|j|☆ToXavieR
|j|☆muggypuggy
|t:|1750825177
|gametype|doubles
|player|p1|ToXavieR|will|1137
|player|p2|muggypuggy|veteran|1117
|teamsize|p1|6
|teamsize|p2|5
|gen|9
|tier|[Gen 9] VGC 2025 Reg I
|rated|
|rule|Species Clause: Limit one of each Pokémon
|rule|Item Clause: Limit 1 of each item
|clearpoke
|poke|p1|Calyrex-Ice, L50|
|poke|p1|Miraidon, L50|
|poke|p1|Grimmsnarl, L50, M|
|poke|p1|Urshifu-*, L50, F|
|poke|p1|Incineroar, L50, M|
|poke|p1|Landorus, L50, M|
|poke|p2|Ninetales-Alola, L50, F|
|poke|p2|Kyurem-White, L50|
|poke|p2|Calyrex-Ice, L50|
|poke|p2|Abomasnow, L50, M|
|poke|p2|Chien-Pao, L50|
|teampreview|4
|
|t:|1750825209
|start
|switch|p1a: Incineroar|Incineroar, L50, M|100/100
|switch|p1b: Landorus|Landorus, L50, M|100/100
|switch|p2a: Ninetales|Ninetales-Alola, L50, F|100/100
|switch|p2b: Kyurem|Kyurem-White, L50|100/100
|-weather|Snowscape|[from] ability: Snow Warning|[of] p2a: Ninetales
|-ability|p1a: Incineroar|Intimidate|boost
|-unboost|p2a: Ninetales|atk|1
|-unboost|p2b: Kyurem|atk|1
|-ability|p2b: Kyurem|Turboblaze
|turn|1
|
|t:|1750825230
|-terastallize|p2a: Ninetales|Ghost
|move|p2a: Ninetales|Aurora Veil|p2a: Ninetales
|-sidestart|p2: muggypuggy|move: Aurora Veil
|move|p1a: Incineroar|Flare Blitz|p2b: Kyurem
|-damage|p2b: Kyurem|82/100
|-damage|p1a: Incineroar|93/100|[from] Recoil
|move|p1b: Landorus|Earth Power|p2a: Ninetales
|-damage|p2a: Ninetales|58/100
|move|p2b: Kyurem|Blizzard|p1a: Incineroar|[spread] p1a,p1b
|-resisted|p1a: Incineroar
|-supereffective|p1b: Landorus
|-damage|p1a: Incineroar|65/100
|-damage|p1b: Landorus|0 fnt
|faint|p1b: Landorus
|
|-weather|Snowscape|[upkeep]
|upkeep
|
|t:|1750825251
|switch|p1b: Miraidon|Miraidon, L50|100/100
|-fieldstart|move: Electric Terrain|[from] ability: Hadron Engine|[of] p1b: Miraidon
|turn|2
|
|t:|1750825269
|-terastallize|p1b: Miraidon|Fairy
|move|p1b: Miraidon|Dazzling Gleam|p2a: Ninetales|[spread] p2a,p2b
|-supereffective|p2b: Kyurem
|-damage|p2a: Ninetales|24/100
|-damage|p2b: Kyurem|13/100
|move|p2a: Ninetales|Blizzard|p1a: Incineroar|[spread] p1a,p1b
|-resisted|p1a: Incineroar
|-damage|p1a: Incineroar|57/100
|-damage|p1b: Miraidon|84/100
|move|p1a: Incineroar|U-turn|p2b: Kyurem
|-damage|p2b: Kyurem|6/100
|
|t:|1750825280
|switch|p1a: Calyrex|Calyrex-Ice, L50|100/100|[from] U-turn
|-ability|p1a: Calyrex|As One
|-ability|p1a: Calyrex|Unnerve
|move|p2b: Kyurem|Blizzard|p1a: Calyrex|[spread] p1a,p1b
|-resisted|p1a: Calyrex
|-damage|p1a: Calyrex|73/100
|-damage|p1b: Miraidon|30/100
|
|-weather|Snowscape|[upkeep]
|-heal|p1a: Calyrex|79/100|[from] item: Leftovers
|upkeep
|turn|3
|
|t:|1750825305
|switch|p1b: Incineroar|Incineroar, L50, M|57/100
|-ability|p1b: Incineroar|Intimidate|boost
|-unboost|p2a: Ninetales|atk|1
|-unboost|p2b: Kyurem|atk|1
|switch|p2b: Calyrex|Calyrex-Ice, L50|100/100
|-ability|p2b: Calyrex|As One
|-ability|p2b: Calyrex|Unnerve
|move|p2a: Ninetales|Blizzard|p1a: Calyrex|[spread] p1a,p1b
|-resisted|p1a: Calyrex
|-resisted|p1b: Incineroar
|-damage|p1a: Calyrex|72/100
|-damage|p1b: Incineroar|49/100
|move|p1a: Calyrex|Glacial Lance|p2a: Ninetales|[spread] p2a,p2b
|-resisted|p2b: Calyrex
|-damage|p2a: Ninetales|0 fnt
|-damage|p2b: Calyrex|93/100
|faint|p2a: Ninetales
|-ability|p1a: Calyrex|Chilling Neigh|boost
|-boost|p1a: Calyrex|atk|1
|
|-weather|Snowscape|[upkeep]
|-heal|p1a: Calyrex|77/100|[from] item: Leftovers
|upkeep
|
|t:|1750825326
|switch|p2a: Abomasnow|Abomasnow, L50, M|100/100
|turn|4
|
|t:|1750825340
|move|p1b: Incineroar|Fake Out|p2b: Calyrex
|-damage|p2b: Calyrex|89/100
|move|p2a: Abomasnow|Rock Slide|p1a: Calyrex|[spread] p1a,p1b
|-supereffective|p1a: Calyrex
|-supereffective|p1b: Incineroar
|-damage|p1a: Calyrex|67/100
|-damage|p1b: Incineroar|25/100
|move|p1a: Calyrex|Leech Seed|p2b: Calyrex|[miss]
|-miss|p1a: Calyrex|p2b: Calyrex
|cant|p2b: Calyrex|flinch
|
|-weather|Snowscape|[upkeep]
|-heal|p1a: Calyrex|72/100|[from] item: Leftovers
|upkeep
|turn|5
|
|t:|1750825365
|move|p1b: Incineroar|Flare Blitz|p2a: Abomasnow
|-supereffective|p2a: Abomasnow
|-damage|p2a: Abomasnow|22/100
|-status|p2a: Abomasnow|brn
|-damage|p1b: Incineroar|0 fnt|[from] Recoil
|faint|p1b: Incineroar
|move|p2a: Abomasnow|Rock Slide|p1a: Calyrex
|-supereffective|p1a: Calyrex
|-damage|p1a: Calyrex|65/100
|cant|p1a: Calyrex|flinch
|move|p2b: Calyrex|Glacial Lance|p1a: Calyrex
|-resisted|p1a: Calyrex
|-damage|p1a: Calyrex|39/100
|
|-weather|none
|-heal|p1a: Calyrex|45/100|[from] item: Leftovers
|-damage|p2a: Abomasnow|16/100 brn|[from] brn
|upkeep
|
|t:|1750825384
|switch|p1b: Miraidon|Miraidon, L50, tera:Fairy|30/100
|-activate|p1b: Miraidon|ability: Hadron Engine
|turn|6
|
|t:|1750825395
|move|p1b: Miraidon|Electro Drift|p2b: Calyrex
|-crit|p2b: Calyrex
|-damage|p2b: Calyrex|0 fnt
|faint|p2b: Calyrex
|move|p2a: Abomasnow|Rock Slide|p1b: Miraidon|[spread] p1a,p1b
|-supereffective|p1a: Calyrex
|-damage|p1a: Calyrex|38/100
|-damage|p1b: Miraidon|25/100
|cant|p1a: Calyrex|flinch
|
|-heal|p1a: Calyrex|43/100|[from] item: Leftovers
|-damage|p2a: Abomasnow|10/100 brn|[from] brn
|-fieldend|move: Electric Terrain
|upkeep
|
|t:|1750825408
|switch|p2b: Kyurem|Kyurem-White, L50|6/100
|-ability|p2b: Kyurem|Turboblaze
|turn|7
|-message|muggypuggy forfeited.
|
|win|ToXavieR
|raw|ToXavieR's rating: 1137 &rarr; <strong>1161</strong><br />(+24 for winning)
|raw|muggypuggy's rating: 1117 &rarr; <strong>1093</strong><br />(-24 for losing)
|l|☆muggypuggy
|player|p2|
