|j|☆skydust1609
|j|☆stakey
|t:|1750802455
|gametype|doubles
|player|p1|skydust1609|brycen|1072
|player|p2|stakey|102|1127
|teamsize|p1|6
|teamsize|p2|6
|gen|9
|tier|[Gen 9] VGC 2025 Reg I
|rated|
|rule|Species Clause: Limit one of each Pokémon
|rule|Item Clause: Limit 1 of each item
|clearpoke
|poke|p1|Kyogre, L50|
|poke|p1|Ursaluna, L50, F|
|poke|p1|Tornadus, L50, M|
|poke|p1|Zamazenta-*, L50|
|poke|p1|Grimmsnarl, L50, M|
|poke|p1|Rillaboom, L50, M|
|poke|p2|Gothitelle, L50, M|
|poke|p2|Scream Tail, L50|
|poke|p2|Chien-Pao, L50|
|poke|p2|Cinccino, L50, M|
|poke|p2|Roaring Moon, L50|
|poke|p2|Archaludon, L50, F|
|teampreview|4
|inactive|Battle timer is ON: inactive players will automatically lose when time's up. (requested by skydust1609)
|
|t:|1750802497
|start
|switch|p1a: Ursaluna|Ursaluna, L50, F|100/100
|switch|p1b: Grimmsnarl|Grimmsnarl, L50, M|100/100
|switch|p2a: Roaring Moon|Roaring Moon, L50|100/100
|switch|p2b: Archaludon|Archaludon, L50, F|100/100
|-enditem|p2a: Roaring Moon|Booster Energy
|-activate|p2a: Roaring Moon|ability: Protosynthesis|[fromitem]
|-start|p2a: Roaring Moon|protosynthesisatk
|turn|1
|inactive|stakey has 30 seconds left.
|inactive|skydust1609 has 30 seconds left.
|
|t:|1750802528
|move|p1a: Ursaluna|Protect|p1a: Ursaluna
|-singleturn|p1a: Ursaluna|Protect
|move|p1b: Grimmsnarl|Light Screen|p1b: Grimmsnarl
|-sidestart|p1: skydust1609|move: Light Screen
|move|p2a: Roaring Moon|Tailwind|p2a: Roaring Moon
|-sidestart|p2: stakey|move: Tailwind
|move|p2b: Archaludon|Flash Cannon|p1b: Grimmsnarl
|-supereffective|p1b: Grimmsnarl
|-damage|p1b: Grimmsnarl|56/100
|
|-status|p1a: Ursaluna|brn|[from] item: Flame Orb
|upkeep
|turn|2
|
|t:|1750802551
|move|p1b: Grimmsnarl|Thunder Wave|p2a: Roaring Moon
|-hint|Since gen 7, Dark is immune to Prankster moves.
|-immune|p2a: Roaring Moon
|move|p2a: Roaring Moon|Stone Edge|p1b: Grimmsnarl
|-damage|p1b: Grimmsnarl|8/100
|move|p2b: Archaludon|Flash Cannon|p1b: Grimmsnarl
|-supereffective|p1b: Grimmsnarl
|-damage|p1b: Grimmsnarl|0 fnt
|faint|p1b: Grimmsnarl
|move|p1a: Ursaluna|Headlong Rush|p2b: Archaludon
|-supereffective|p2b: Archaludon
|-damage|p2b: Archaludon|0 fnt
|-unboost|p1a: Ursaluna|def|1
|-unboost|p1a: Ursaluna|spd|1
|faint|p2b: Archaludon
|
|-damage|p1a: Ursaluna|95/100 brn|[from] brn
|upkeep
|inactive|stakey has 30 seconds left.
|inactive|stakey has 20 seconds left.
|inactive|stakey has 15 seconds left.
|inactive|stakey has 10 seconds left.
|
|t:|1750802601
|switch|p2b: Chien-Pao|Chien-Pao, L50|100/100
|switch|p1b: Zamazenta|Zamazenta-Crowned, L50|100/100
|-ability|p2b: Chien-Pao|Sword of Ruin
|-ability|p1b: Zamazenta|Dauntless Shield|boost
|-boost|p1b: Zamazenta|def|1
|turn|3
|inactive|stakey has 30 seconds left.
|inactive|stakey has 20 seconds left.
|inactive|stakey has 15 seconds left.
|inactive|stakey has 10 seconds left.
|inactive|stakey has 5 seconds left.
|
|t:|1750802651
|-terastallize|p2b: Chien-Pao|Fighting
|move|p1a: Ursaluna|Protect|p1a: Ursaluna
|-singleturn|p1a: Ursaluna|Protect
|move|p2b: Chien-Pao|Sacred Sword|p1b: Zamazenta
|-supereffective|p1b: Zamazenta
|-damage|p1b: Zamazenta|40/100
|move|p2a: Roaring Moon|Dragon Claw|p1b: Zamazenta
|-resisted|p1b: Zamazenta
|-damage|p1b: Zamazenta|28/100
|move|p1b: Zamazenta|Body Press|p2b: Chien-Pao
|-enditem|p2b: Chien-Pao|Focus Sash
|-damage|p2b: Chien-Pao|1/100
|
|-damage|p1a: Ursaluna|89/100 brn|[from] brn
|upkeep
|turn|4
|inactive|stakey has 30 seconds left.
|inactive|stakey has 20 seconds left.
|
|t:|1750802688
|move|p1b: Zamazenta|Protect|p1b: Zamazenta
|-singleturn|p1b: Zamazenta|Protect
|move|p2b: Chien-Pao|Sacred Sword|p1a: Ursaluna
|-supereffective|p1a: Ursaluna
|-damage|p1a: Ursaluna|5/100 brn
|move|p2a: Roaring Moon|Stone Edge|p1b: Zamazenta
|-activate|p1b: Zamazenta|move: Protect
|move|p1a: Ursaluna|Facade|p2a: Roaring Moon
|-damage|p2a: Roaring Moon|0 fnt
|faint|p2a: Roaring Moon
|-end|p2a: Roaring Moon|Protosynthesis|[silent]
|
|-damage|p1a: Ursaluna|0 fnt|[from] brn
|faint|p1a: Ursaluna
|-sideend|p2: stakey|move: Tailwind
|upkeep
|
|t:|1750802703
|switch|p2a: Cinccino|Cinccino, L50, M|100/100
|switch|p1a: Kyogre|Kyogre, L50|100/100
|-weather|RainDance|[from] ability: Drizzle|[of] p1a: Kyogre
|turn|5
|
|t:|1750802719
|move|p2b: Chien-Pao|Sacred Sword|p1b: Zamazenta
|-supereffective|p1b: Zamazenta
|-damage|p1b: Zamazenta|0 fnt
|faint|p1b: Zamazenta
|move|p2a: Cinccino|Bullet Seed|p1a: Kyogre
|-supereffective|p1a: Kyogre
|-damage|p1a: Kyogre|82/100
|-supereffective|p1a: Kyogre
|-damage|p1a: Kyogre|66/100
|-supereffective|p1a: Kyogre
|-crit|p1a: Kyogre
|-damage|p1a: Kyogre|41/100
|-supereffective|p1a: Kyogre
|-damage|p1a: Kyogre|26/100
|-supereffective|p1a: Kyogre
|-damage|p1a: Kyogre|9/100
|-hitcount|p1a: Kyogre|5
|cant|p1a: Kyogre|flinch
|
|-weather|RainDance|[upkeep]
|-heal|p1a: Kyogre|15/100|[from] item: Leftovers
|upkeep
|turn|6
|l|☆skydust1609
|inactive|skydust1609 disconnected and has a minute to reconnect!
|player|p1|
|
|t:|1750802740
|move|p2b: Chien-Pao|Sucker Punch|p1a: Kyogre
|-damage|p1a: Kyogre|0 fnt
|faint|p1a: Kyogre
|
|win|stakey
|raw|skydust1609's rating: 1072 &rarr; <strong>1054</strong><br />(-18 for losing)
|raw|stakey's rating: 1127 &rarr; <strong>1148</strong><br />(+21 for winning)
|l|☆stakey
|player|p2|
