|j|☆br1jxp
|j|☆BRdilas
|t:|1750814289
|gametype|doubles
|player|p1|br1jxp|266|1408
|player|p2|BRdilas|266|1418
|teamsize|p1|6
|teamsize|p2|6
|gen|9
|tier|[Gen 9] VGC 2025 Reg I
|rated|
|rule|Species Clause: Limit one of each Pokémon
|rule|Item Clause: Limit 1 of each item
|clearpoke
|poke|p1|Kyogre, L50|
|poke|p1|Whimsicott, L50, M|
|poke|p1|Kyurem-Black, L50|
|poke|p1|Tinkaton, L50, F|
|poke|p1|Urshifu-*, L50, F|
|poke|p1|Landorus, L50, M|
|poke|p2|Koraidon, L50|
|poke|p2|Armarouge, L50, M|
|poke|p2|Calyrex-Shadow, L50|
|poke|p2|Indeedee-F, L50, F|
|poke|p2|Ceruledge, L50, F|
|poke|p2|Urshifu-*, L50, M|
|teampreview|4
|
|t:|1750814335
|start
|switch|p1a: Kyurem|Kyurem-Black, L50|100/100
|switch|p1b: Tinkaton|Tinkaton, L50, F|100/100
|switch|p2a: Koraidon|Koraidon, L50|100/100
|switch|p2b: Armarouge|Armarouge, L50, M|100/100
|-weather|SunnyDay|[from] ability: Orichalcum Pulse|[of] p2a: Koraidon
|-activate|p2a: Koraidon|Orichalcum Pulse|[source]
|-ability|p1a: Kyurem|Teravolt
|-ability|p1b: Tinkaton|Mold Breaker
|turn|1
|
|t:|1750814363
|-terastallize|p2b: Armarouge|Psychic
|move|p1b: Tinkaton|Fake Out|p2a: Koraidon
|-damage|p2a: Koraidon|94/100
|cant|p2a: Koraidon|flinch
|move|p1a: Kyurem|Scale Shot|p2a: Koraidon
|-supereffective|p2a: Koraidon
|-damage|p2a: Koraidon|68/100
|-supereffective|p2a: Koraidon
|-damage|p2a: Koraidon|39/100
|-supereffective|p2a: Koraidon
|-damage|p2a: Koraidon|13/100
|-supereffective|p2a: Koraidon
|-damage|p2a: Koraidon|0 fnt
|faint|p2a: Koraidon
|-hitcount|p2: Koraidon|4
|-unboost|p1a: Kyurem|def|1
|-boost|p1a: Kyurem|spe|1
|move|p2b: Armarouge|Heat Wave|p1a: Kyurem|[spread] p1a
|-miss|p2b: Armarouge|p1b: Tinkaton
|-damage|p1a: Kyurem|53/100
|
|-weather|SunnyDay|[upkeep]
|upkeep
|
|t:|1750814375
|switch|p2a: Calyrex|Calyrex-Shadow, L50|100/100
|-ability|p2a: Calyrex|As One
|-ability|p2a: Calyrex|Unnerve
|turn|2
|
|t:|1750814404
|move|p1a: Kyurem|Protect|p1a: Kyurem
|-singleturn|p1a: Kyurem|Protect
|move|p2a: Calyrex|Astral Barrage|p1b: Tinkaton|[spread] p1b
|-activate|p1a: Kyurem|move: Protect
|-damage|p1b: Tinkaton|66/100
|move|p1b: Tinkaton|Gigaton Hammer|p2a: Calyrex
|-damage|p2a: Calyrex|39/100
|move|p2b: Armarouge|Heat Wave|p1b: Tinkaton|[spread] p1b
|-activate|p1a: Kyurem|move: Protect
|-supereffective|p1b: Tinkaton
|-damage|p1b: Tinkaton|0 fnt
|faint|p1b: Tinkaton
|
|-weather|SunnyDay|[upkeep]
|upkeep
|
|t:|1750814418
|switch|p1b: Whimsicott|Whimsicott, L50, M|100/100
|turn|3
|
|t:|1750814439
|-terastallize|p1b: Whimsicott|Dark
|move|p1b: Whimsicott|Light Screen|p1b: Whimsicott
|-sidestart|p1: br1jxp|move: Light Screen
|move|p2a: Calyrex|Astral Barrage|p1b: Whimsicott|[spread] p1a,p1b
|-resisted|p1b: Whimsicott
|-damage|p1a: Kyurem|22/100
|-damage|p1b: Whimsicott|77/100
|move|p1a: Kyurem|Icicle Spear|p2b: Armarouge
|-damage|p2b: Armarouge|83/100
|-ability|p2b: Armarouge|Weak Armor|boost
|-unboost|p2b: Armarouge|def|1
|-boost|p2b: Armarouge|spe|2
|-damage|p2b: Armarouge|58/100
|-ability|p2b: Armarouge|Weak Armor|boost
|-unboost|p2b: Armarouge|def|1
|-boost|p2b: Armarouge|spe|2
|-damage|p2b: Armarouge|23/100
|-ability|p2b: Armarouge|Weak Armor|boost
|-unboost|p2b: Armarouge|def|1
|-boost|p2b: Armarouge|spe|2
|-damage|p2b: Armarouge|0 fnt
|faint|p2b: Armarouge
|-hitcount|p2: Armarouge|4
|
|-weather|SunnyDay|[upkeep]
|upkeep
|
|t:|1750814461
|switch|p2b: Indeedee|Indeedee-F, L50, F|100/100
|-fieldstart|move: Psychic Terrain|[from] ability: Psychic Surge|[of] p2b: Indeedee
|-enditem|p2b: Indeedee|Psychic Seed
|-boost|p2b: Indeedee|spd|1|[from] item: Psychic Seed
|turn|4
|
|t:|1750814488
|move|p2b: Indeedee|Follow Me|p2b: Indeedee
|-singleturn|p2b: Indeedee|move: Follow Me
|move|p2a: Calyrex|Draining Kiss|p1b: Whimsicott
|-supereffective|p1b: Whimsicott
|-damage|p1b: Whimsicott|41/100
|-heal|p2a: Calyrex|64/100|[from] drain|[of] p1b: Whimsicott
|move|p1a: Kyurem|Icicle Spear|p2b: Indeedee
|-damage|p2b: Indeedee|84/100
|-damage|p2b: Indeedee|67/100
|-damage|p2b: Indeedee|50/100
|-damage|p2b: Indeedee|33/100
|-damage|p2b: Indeedee|13/100
|-hitcount|p2b: Indeedee|5
|move|p1b: Whimsicott|Moonblast|p2b: Indeedee
|-damage|p2b: Indeedee|0 fnt
|faint|p2b: Indeedee
|
|-weather|SunnyDay|[upkeep]
|upkeep
|turn|5
|
|t:|1750814500
|move|p1b: Whimsicott|Tailwind|p1b: Whimsicott
|-sidestart|p1: br1jxp|move: Tailwind
|move|p1a: Kyurem|Icicle Spear|p2a: Calyrex
|-damage|p2a: Calyrex|44/100
|-damage|p2a: Calyrex|23/100
|-damage|p2a: Calyrex|4/100
|-damage|p2a: Calyrex|0 fnt
|faint|p2a: Calyrex
|-hitcount|p2: Calyrex|4
|
|win|br1jxp
|raw|br1jxp's rating: 1408 &rarr; <strong>1429</strong><br />(+21 for winning)
|raw|BRdilas's rating: 1418 &rarr; <strong>1397</strong><br />(-21 for losing)
|l|☆BRdilas
|player|p2|
|c|☆br1jxp|gg
|l|☆br1jxp
|player|p1|
