|j|☆rman500
|j|☆poukayak
|t:|1750873097
|gametype|doubles
|player|p1|rman500|102|1132
|player|p2|poukayak|hilbert|1153
|teamsize|p1|6
|teamsize|p2|6
|gen|9
|tier|[Gen 9] VGC 2025 Reg I
|rated|
|rule|Species Clause: Limit one of each Pokémon
|rule|Item Clause: Limit 1 of each item
|clearpoke
|poke|p1|Ho-Oh, L50|
|poke|p1|Eternatus, L50|
|poke|p1|Quagsire, L50, M|
|poke|p1|Grimmsnarl, L50, M|
|poke|p1|Ting-Lu, L50|
|poke|p1|Rhydon, L50, M|
|poke|p2|Lunala, L50|
|poke|p2|Calyrex-Ice, L50|
|poke|p2|Kingambit, L50, M|
|poke|p2|Ursaluna, L50, F|
|poke|p2|Urshifu-*, L50, M|
|poke|p2|Torkoal, L50, M|
|teampreview|4
|inactive|Battle timer is ON: inactive players will automatically lose when time's up. (requested by rman500)
|inactive|rman500 has 60 seconds left.
|inactive|poukayak has 60 seconds left.
|
|t:|1750873143
|start
|switch|p1a: Rhydon|Rhydon, L50, M|100/100
|switch|p1b: Ho-Oh|Ho-Oh, L50|100/100
|switch|p2a: Lunala|Lunala, L50|100/100
|switch|p2b: Calyrex|Calyrex-Ice, L50|100/100
|-ability|p2b: Calyrex|As One
|-ability|p2b: Calyrex|Unnerve
|turn|1
|inactive|poukayak has 30 seconds left.
|inactive|poukayak has 20 seconds left.
|
|t:|1750873183
|-terastallize|p2b: Calyrex|Fire
|-terastallize|p1a: Rhydon|Fairy
|move|p1b: Ho-Oh|Sacred Fire|p2a: Lunala
|-damage|p2a: Lunala|83/100
|move|p2b: Calyrex|Glacial Lance|p1a: Rhydon|[spread] p1a,p1b
|-damage|p1a: Rhydon|70/100
|-damage|p1b: Ho-Oh|61/100
|move|p1a: Rhydon|Counter|p2b: Calyrex
|-damage|p2b: Calyrex|39/100
|move|p2a: Lunala|Trick Room|p2a: Lunala
|-fieldstart|move: Trick Room|[of] p2a: Lunala
|-enditem|p2a: Lunala|Room Service
|-unboost|p2a: Lunala|spe|1|[from] item: Room Service
|
|upkeep
|turn|2
|inactive|rman500 has 30 seconds left.
|
|t:|1750873210
|move|p2b: Calyrex|Protect|p2b: Calyrex
|-singleturn|p2b: Calyrex|Protect
|move|p1b: Ho-Oh|Protect|p1b: Ho-Oh
|-singleturn|p1b: Ho-Oh|Protect
|move|p1a: Rhydon|High Horsepower|p2b: Calyrex
|-activate|p2b: Calyrex|move: Protect
|move|p2a: Lunala|Moongeist Beam|p1a: Rhydon
|-damage|p1a: Rhydon|40/100
|
|upkeep
|turn|3
|
|t:|1750873234
|move|p1a: Rhydon|High Horsepower|p2b: Calyrex
|-supereffective|p2b: Calyrex
|-damage|p2b: Calyrex|0 fnt
|faint|p2b: Calyrex
|move|p2a: Lunala|Moongeist Beam|p1a: Rhydon
|-damage|p1a: Rhydon|13/100
|move|p1b: Ho-Oh|Life Dew|p1b: Ho-Oh|[spread] p1a,p1b
|-heal|p1a: Rhydon|38/100
|-heal|p1b: Ho-Oh|86/100
|
|upkeep
|
|t:|1750873247
|switch|p2b: Torkoal|Torkoal, L50, M|100/100
|-weather|SunnyDay|[from] ability: Drought|[of] p2b: Torkoal
|turn|4
|
|t:|1750873260
|move|p1a: Rhydon|Protect|p1a: Rhydon
|-singleturn|p1a: Rhydon|Protect
|move|p2b: Torkoal|Eruption|p1a: Rhydon|[spread] p1b
|-activate|p1a: Rhydon|move: Protect
|-resisted|p1b: Ho-Oh
|-damage|p1b: Ho-Oh|54/100
|move|p2a: Lunala|Moongeist Beam|p1b: Ho-Oh
|-damage|p1b: Ho-Oh|27/100
|move|p1b: Ho-Oh|Sacred Fire|p2a: Lunala
|-damage|p2a: Lunala|28/100
|
|-weather|SunnyDay|[upkeep]
|upkeep
|turn|5
|
|t:|1750873283
|switch|p1a: Quagsire|Quagsire, L50, M|100/100
|move|p1b: Ho-Oh|Protect|p1b: Ho-Oh
|-singleturn|p1b: Ho-Oh|Protect
|move|p2b: Torkoal|Eruption|p1b: Ho-Oh|[spread] p1a
|-activate|p1b: Ho-Oh|move: Protect
|-resisted|p1a: Quagsire
|-damage|p1a: Quagsire|34/100
|move|p2a: Lunala|Moonlight|p2a: Lunala
|-heal|p2a: Lunala|95/100
|
|-weather|SunnyDay|[upkeep]
|-heal|p1a: Quagsire|40/100|[from] item: Leftovers
|-fieldend|move: Trick Room
|upkeep
|turn|6
|inactive|poukayak has 30 seconds left.
|
|t:|1750873308
|switch|p2b: Urshifu|Urshifu-Rapid-Strike, L50, M|100/100
|move|p1b: Ho-Oh|Life Dew|p1b: Ho-Oh|[spread] p1b
|-heal|p1a: Quagsire|65/100|[from] ability: Water Absorb|[of] p1b: Ho-Oh
|-heal|p1b: Ho-Oh|52/100
|move|p1a: Quagsire|Earth Power|p2b: Urshifu
|-damage|p2b: Urshifu|64/100
|move|p2a: Lunala|Trick Room|p2a: Lunala
|-fieldstart|move: Trick Room|[of] p2a: Lunala
|
|-weather|SunnyDay|[upkeep]
|-heal|p1a: Quagsire|71/100|[from] item: Leftovers
|upkeep
|turn|7
|
|t:|1750873333
|move|p1a: Quagsire|Toxic|p2a: Lunala
|-status|p2a: Lunala|tox
|move|p2a: Lunala|Moongeist Beam|p1a: Quagsire
|-damage|p1a: Quagsire|17/100
|move|p1b: Ho-Oh|Sacred Fire|p2a: Lunala
|-damage|p2a: Lunala|43/100 tox
|move|p2b: Urshifu|Surging Strikes|p1b: Ho-Oh
|-supereffective|p1b: Ho-Oh
|-crit|p1b: Ho-Oh
|-damage|p1b: Ho-Oh|32/100
|-damage|p2b: Urshifu|47/100|[from] item: Rocky Helmet|[of] p1b: Ho-Oh
|-supereffective|p1b: Ho-Oh
|-crit|p1b: Ho-Oh
|-damage|p1b: Ho-Oh|15/100
|-damage|p2b: Urshifu|31/100|[from] item: Rocky Helmet|[of] p1b: Ho-Oh
|-supereffective|p1b: Ho-Oh
|-crit|p1b: Ho-Oh
|-damage|p1b: Ho-Oh|0 fnt
|-damage|p2b: Urshifu|14/100|[from] item: Rocky Helmet|[of] p1b: Ho-Oh
|faint|p1b: Ho-Oh
|-hitcount|p1: Ho-Oh|3
|
|-weather|SunnyDay|[upkeep]
|-heal|p1a: Quagsire|23/100|[from] item: Leftovers
|-damage|p2a: Lunala|37/100 tox|[from] psn
|upkeep
|inactive|rman500 has 30 seconds left.
|
|t:|1750873360
|switch|p1b: Eternatus|Eternatus, L50|100/100
|-ability|p1b: Eternatus|Pressure
|turn|8
|
|t:|1750873372
|move|p1a: Quagsire|Toxic|p2b: Urshifu
|-status|p2b: Urshifu|tox
|move|p2a: Lunala|Moongeist Beam|p1a: Quagsire
|-damage|p1a: Quagsire|0 fnt
|faint|p1a: Quagsire
|move|p1b: Eternatus|Cosmic Power|p1b: Eternatus
|-boost|p1b: Eternatus|def|1
|-boost|p1b: Eternatus|spd|1
|move|p2b: Urshifu|Surging Strikes|p1b: Eternatus
|-resisted|p1b: Eternatus
|-crit|p1b: Eternatus
|-damage|p1b: Eternatus|96/100
|-resisted|p1b: Eternatus
|-crit|p1b: Eternatus
|-damage|p1b: Eternatus|91/100
|-resisted|p1b: Eternatus
|-crit|p1b: Eternatus
|-damage|p1b: Eternatus|86/100
|-hitcount|p1b: Eternatus|3
|
|-weather|none
|-damage|p2a: Lunala|25/100 tox|[from] psn
|-damage|p2b: Urshifu|8/100 tox|[from] psn
|upkeep
|
|t:|1750873383
|switch|p1a: Rhydon|Rhydon, L50, M, tera:Fairy|38/100
|turn|9
|inactive|rman500 has 30 seconds left.
|
|t:|1750873409
|move|p1a: Rhydon|High Horsepower|p2a: Lunala
|-damage|p2a: Lunala|0 fnt
|faint|p2a: Lunala
|move|p1b: Eternatus|Fire Spin|p2b: Urshifu
|-resisted|p2b: Urshifu
|-damage|p2b: Urshifu|0 fnt
|faint|p2b: Urshifu
|
|upkeep
|
|t:|1750873412
|switch|p2b: Torkoal|Torkoal, L50, M|100/100
|-weather|SunnyDay|[from] ability: Drought|[of] p2b: Torkoal
|turn|10
|
|t:|1750873419
|move|p1a: Rhydon|Protect|p1a: Rhydon
|-singleturn|p1a: Rhydon|Protect
|move|p1b: Eternatus|Protect|p1b: Eternatus
|-singleturn|p1b: Eternatus|Protect
|move|p2b: Torkoal|Weather Ball|p1a: Rhydon
|-activate|p1a: Rhydon|move: Protect
|
|-weather|SunnyDay|[upkeep]
|-fieldend|move: Trick Room
|upkeep
|turn|11
|
|t:|1750873430
|move|p1b: Eternatus|Fire Spin|p2b: Torkoal
|-resisted|p2b: Torkoal
|-damage|p2b: Torkoal|89/100
|-activate|p2b: Torkoal|move: Fire Spin|[of] p1b: Eternatus
|move|p1a: Rhydon|High Horsepower|p2b: Torkoal
|-supereffective|p2b: Torkoal
|-damage|p2b: Torkoal|30/100
|move|p2b: Torkoal|Weather Ball|p1a: Rhydon
|-damage|p1a: Rhydon|0 fnt
|faint|p1a: Rhydon
|
|-weather|SunnyDay|[upkeep]
|-damage|p2b: Torkoal|18/100|[from] move: Fire Spin|[partiallytrapped]
|upkeep
|turn|12
|c|☆rman500|gg
|
|t:|1750873445
|move|p1b: Eternatus|Cosmic Power|p1b: Eternatus
|-boost|p1b: Eternatus|def|1
|-boost|p1b: Eternatus|spd|1
|move|p2b: Torkoal|Weather Ball|p1b: Eternatus
|-resisted|p1b: Eternatus
|-damage|p1b: Eternatus|72/100
|
|-weather|SunnyDay|[upkeep]
|-damage|p2b: Torkoal|6/100|[from] move: Fire Spin|[partiallytrapped]
|upkeep
|turn|13
|
|t:|1750873451
|move|p1b: Eternatus|Cosmic Power|p1b: Eternatus
|-boost|p1b: Eternatus|def|1
|-boost|p1b: Eternatus|spd|1
|move|p2b: Torkoal|Weather Ball|p1b: Eternatus
|-resisted|p1b: Eternatus
|-damage|p1b: Eternatus|61/100
|
|-weather|SunnyDay|[upkeep]
|-damage|p2b: Torkoal|0 fnt|[from] move: Fire Spin|[partiallytrapped]
|faint|p2b: Torkoal
|
|win|rman500
|raw|rman500's rating: 1132 &rarr; <strong>1159</strong><br />(+27 for winning)
|raw|poukayak's rating: 1153 &rarr; <strong>1126</strong><br />(-27 for losing)
|l|☆poukayak
|player|p2|
|l|☆rman500
|player|p1|
