|j|☆HyperRes
|j|☆Shagrathisbeast
|t:|1750732930
|gametype|doubles
|player|p1|HyperRes|miku-ground|1525
|player|p2|Shagrathisbeast|steven|1566
|teamsize|p1|6
|teamsize|p2|6
|gen|9
|tier|[Gen 9] VGC 2025 Reg I
|rated|
|rule|Species Clause: Limit one of each Pokémon
|rule|Item Clause: Limit 1 of each item
|clearpoke
|poke|p1|Kyogre, L50|
|poke|p1|Calyrex-Shadow, L50|
|poke|p1|Indeedee-F, L50, F|
|poke|p1|Urshifu-*, L50, F|
|poke|p1|Grimmsnarl, L50, M|
|poke|p1|Bruxish, L50, F|
|poke|p2|Groudon, L50|
|poke|p2|Brute Bonnet, L50|
|poke|p2|Miraidon, L50|
|poke|p2|Volcarona, L50, M|
|poke|p2|Iron Valiant, L50|
|poke|p2|Flutter Mane, L50|
|teampreview|4
|inactive|Battle timer is ON: inactive players will automatically lose when time's up. (requested by HyperRes)
|inactive|HyperRes has 60 seconds left.
|inactive|Shagrathisbeast has 60 seconds left.
|
|t:|1750732967
|start
|switch|p1a: Calyrex|Calyrex-Shadow, L50|100/100
|switch|p1b: Bruxish|Bruxish, L50, F|100/100
|switch|p2a: Flutter Mane|Flutter Mane, L50, shiny|100/100
|switch|p2b: Groudon|Groudon, L50, shiny|100/100
|-ability|p1a: Calyrex|As One
|-ability|p1a: Calyrex|Unnerve
|-weather|SunnyDay|[from] ability: Drought|[of] p2b: Groudon
|-activate|p2a: Flutter Mane|ability: Protosynthesis
|-start|p2a: Flutter Mane|protosynthesisspe
|turn|1
|inactive|HyperRes has 30 seconds left.
|
|t:|1750733010
|-terastallize|p1a: Calyrex|Fire
|move|p2a: Flutter Mane|Protect|p2a: Flutter Mane
|-singleturn|p2a: Flutter Mane|Protect
|move|p1b: Bruxish|Flip Turn|p1a: Calyrex
|-supereffective|p1a: Calyrex
|-damage|p1a: Calyrex|80/100
|-enditem|p1a: Calyrex|Weakness Policy
|-boost|p1a: Calyrex|atk|2|[from] item: Weakness Policy
|-boost|p1a: Calyrex|spa|2|[from] item: Weakness Policy
|
|t:|1750733028
|switch|p1b: Kyogre|Kyogre, L50|100/100|[from] Flip Turn
|-weather|RainDance|[from] ability: Drizzle|[of] p1b: Kyogre
|-end|p2a: Flutter Mane|Protosynthesis
|move|p1a: Calyrex|Astral Barrage|p2b: Groudon|[spread] p2b
|-activate|p2a: Flutter Mane|move: Protect
|-damage|p2b: Groudon|30/100
|move|p2b: Groudon|Precipice Blades|p1b: Kyogre|[spread] p1a,p1b
|-supereffective|p1a: Calyrex
|-damage|p1a: Calyrex|0 fnt
|-damage|p1b: Kyogre|47/100
|faint|p1a: Calyrex
|
|-weather|RainDance|[upkeep]
|upkeep
|
|t:|1750733038
|switch|p1a: Indeedee|Indeedee-F, L50, F|100/100
|-fieldstart|move: Psychic Terrain|[from] ability: Psychic Surge|[of] p1a: Indeedee
|-enditem|p1a: Indeedee|Psychic Seed
|-boost|p1a: Indeedee|spd|1|[from] item: Psychic Seed
|turn|2
|
|t:|1750733059
|-end|p2a: Flutter Mane|Protosynthesis|[silent]
|switch|p2a: Miraidon|Miraidon, L50|100/100
|-fieldstart|move: Electric Terrain|[from] ability: Hadron Engine|[of] p2a: Miraidon
|switch|p2b: Brute Bonnet|Brute Bonnet, L50, shiny|100/100
|-enditem|p2b: Brute Bonnet|Electric Seed
|-boost|p2b: Brute Bonnet|def|1|[from] item: Electric Seed
|move|p1a: Indeedee|Follow Me|p1a: Indeedee
|-singleturn|p1a: Indeedee|move: Follow Me
|move|p1b: Kyogre|Origin Pulse|p2b: Brute Bonnet|[spread] p2a,p2b
|-resisted|p2a: Miraidon
|-resisted|p2b: Brute Bonnet
|-damage|p2a: Miraidon|52/100
|-damage|p2b: Brute Bonnet|67/100
|
|-weather|RainDance|[upkeep]
|upkeep
|turn|3
|inactive|Shagrathisbeast has 30 seconds left.
|inactive|Shagrathisbeast has 20 seconds left.
|inactive|Shagrathisbeast has 15 seconds left.
|
|t:|1750733101
|move|p1a: Indeedee|Follow Me|p1a: Indeedee
|-singleturn|p1a: Indeedee|move: Follow Me
|move|p2a: Miraidon|Volt Switch|p1a: Indeedee
|-damage|p1a: Indeedee|37/100
|
|t:|1750733107
|switch|p2a: Groudon|Groudon, L50, shiny|30/100|[from] Volt Switch
|-weather|SunnyDay|[from] ability: Drought|[of] p2a: Groudon
|-activate|p2b: Brute Bonnet|ability: Protosynthesis
|-start|p2b: Brute Bonnet|protosynthesisdef
|move|p1b: Kyogre|Origin Pulse|p2a: Groudon|[spread] p2a
|-miss|p1b: Kyogre|p2b: Brute Bonnet
|-supereffective|p2a: Groudon
|-damage|p2a: Groudon|0 fnt
|faint|p2a: Groudon
|move|p2b: Brute Bonnet|Seed Bomb|p1a: Indeedee
|-damage|p1a: Indeedee|0 fnt
|faint|p1a: Indeedee
|
|-weather|SunnyDay|[upkeep]
|upkeep
|
|t:|1750733125
|switch|p2a: Miraidon|Miraidon, L50|52/100
|switch|p1a: Bruxish|Bruxish, L50, F|100/100
|-activate|p2a: Miraidon|ability: Hadron Engine
|turn|4
|
|t:|1750733139
|move|p1a: Bruxish|Icy Wind|p2a: Miraidon|[spread] p2a,p2b
|-supereffective|p2a: Miraidon
|-supereffective|p2b: Brute Bonnet
|-damage|p2a: Miraidon|40/100
|-damage|p2b: Brute Bonnet|57/100
|-unboost|p2a: Miraidon|spe|1
|-unboost|p2b: Brute Bonnet|spe|1
|move|p1b: Kyogre|Origin Pulse|p2b: Brute Bonnet|[spread] p2a,p2b
|-resisted|p2a: Miraidon
|-resisted|p2b: Brute Bonnet
|-damage|p2a: Miraidon|25/100
|-damage|p2b: Brute Bonnet|45/100
|move|p2a: Miraidon|Electro Drift|p1b: Kyogre
|-supereffective|p1b: Kyogre
|-damage|p1b: Kyogre|0 fnt
|faint|p1b: Kyogre
|move|p2b: Brute Bonnet|Synthesis|p2b: Brute Bonnet
|-heal|p2b: Brute Bonnet|100/100
|
|-weather|SunnyDay|[upkeep]
|upkeep
|turn|5
|-message|HyperRes forfeited.
|
|win|Shagrathisbeast
|raw|HyperRes's rating: 1525 &rarr; <strong>1507</strong><br />(-18 for losing)
|raw|Shagrathisbeast's rating: 1566 &rarr; <strong>1584</strong><br />(+18 for winning)
|l|☆HyperRes
|player|p1|
|c|☆Shagrathisbeast|Lol
|c|☆Shagrathisbeast|Freak
