|j|☆synchro3
|j|☆roykeenkennedy
|t:|1750839612
|gametype|doubles
|player|p1|synchro3|1|1421
|player|p2|roykeenkennedy|alder|1509
|teamsize|p1|6
|teamsize|p2|6
|gen|9
|tier|[Gen 9] VGC 2025 Reg I
|rated|
|rule|Species Clause: Limit one of each Pokémon
|rule|Item Clause: Limit 1 of each item
|clearpoke
|poke|p1|Chi-Yu, L50|
|poke|p1|Whimsicott, L50, F|
|poke|p1|Calyrex-Shadow, L50|
|poke|p1|Miraidon, L50|
|poke|p1|Entei, L50|
|poke|p1|Walking Wake, L50|
|poke|p2|Ninetales-Alola, L50, F|
|poke|p2|Calyrex-Ice, L50|
|poke|p2|Miraidon, L50|
|poke|p2|Roaring Moon, L50|
|poke|p2|Annihilape, L50, M|
|poke|p2|Smeargle, L50, F|
|teampreview|4
|inactive|Battle timer is ON: inactive players will automatically lose when time's up. (requested by roykeenkennedy)
|
|t:|1750839665
|start
|switch|p1a: Whimsicott|Whimsicott, L50, F|100/100
|switch|p1b: Chi-Yu|Chi-Yu, L50|100/100
|switch|p2a: Roaring Moon|Roaring Moon, L50|100/100
|switch|p2b: Ninetales|Ninetales-Alola, L50, F|100/100
|-ability|p1b: Chi-Yu|Beads of Ruin
|-weather|Snowscape|[from] ability: Snow Warning|[of] p2b: Ninetales
|-enditem|p2a: Roaring Moon|Booster Energy
|-activate|p2a: Roaring Moon|ability: Protosynthesis|[fromitem]
|-start|p2a: Roaring Moon|protosynthesisspe
|turn|1
|inactive|synchro3 has 30 seconds left.
|inactive|roykeenkennedy has 30 seconds left.
|inactive|synchro3 has 20 seconds left.
|
|t:|1750839700
|move|p1a: Whimsicott|Tailwind|p1a: Whimsicott
|-sidestart|p1: synchro3|move: Tailwind
|move|p1b: Chi-Yu|Heat Wave|p2a: Roaring Moon|[spread] p2a,p2b
|-resisted|p2a: Roaring Moon
|-supereffective|p2b: Ninetales
|-damage|p2a: Roaring Moon|76/100
|-damage|p2b: Ninetales|0 fnt
|faint|p2b: Ninetales
|move|p2a: Roaring Moon|Tailwind|p2a: Roaring Moon
|-sidestart|p2: roykeenkennedy|move: Tailwind
|
|-weather|Snowscape|[upkeep]
|upkeep
|
|t:|1750839710
|switch|p2b: Calyrex|Calyrex-Ice, L50|100/100
|-ability|p2b: Calyrex|As One
|-ability|p2b: Calyrex|Unnerve
|turn|2
|
|t:|1750839727
|-terastallize|p2b: Calyrex|Electric
|move|p1a: Whimsicott|Sunny Day|p1a: Whimsicott
|-weather|SunnyDay
|move|p2a: Roaring Moon|Acrobatics|p1a: Whimsicott
|-supereffective|p1a: Whimsicott
|-enditem|p1a: Whimsicott|Focus Sash
|-damage|p1a: Whimsicott|1/100
|move|p1b: Chi-Yu|Heat Wave|p2a: Roaring Moon|[spread] p2a,p2b
|-resisted|p2a: Roaring Moon
|-damage|p2a: Roaring Moon|36/100
|-damage|p2b: Calyrex|65/100
|move|p2b: Calyrex|Glacial Lance|p1b: Chi-Yu|[spread] p1a,p1b
|-supereffective|p1a: Whimsicott
|-resisted|p1b: Chi-Yu
|-damage|p1a: Whimsicott|0 fnt
|-damage|p1b: Chi-Yu|54/100
|faint|p1a: Whimsicott
|-ability|p2b: Calyrex|Chilling Neigh|boost
|-boost|p2b: Calyrex|atk|1
|
|-weather|SunnyDay|[upkeep]
|upkeep
|inactive|synchro3 has 30 seconds left.
|inactive|synchro3 has 20 seconds left.
|inactive|synchro3 has 15 seconds left.
|
|t:|1750839771
|switch|p1a: Calyrex|Calyrex-Shadow, L50|100/100
|-ability|p1a: Calyrex|As One
|-ability|p1a: Calyrex|Unnerve
|turn|3
|
|t:|1750839784
|move|p2a: Roaring Moon|Acrobatics|p1b: Chi-Yu
|-damage|p1b: Chi-Yu|0 fnt
|faint|p1b: Chi-Yu
|move|p1a: Calyrex|Astral Barrage|p2b: Calyrex|[spread] p2a,p2b
|-resisted|p2a: Roaring Moon
|-damage|p2a: Roaring Moon|8/100
|-damage|p2b: Calyrex|39/100
|move|p2b: Calyrex|Glacial Lance|p1a: Calyrex
|-damage|p1a: Calyrex|0 fnt
|faint|p1a: Calyrex
|-ability|p2b: Calyrex|Chilling Neigh|boost
|-boost|p2b: Calyrex|atk|1
|
|-weather|SunnyDay|[upkeep]
|upkeep
|inactive|synchro3 has 30 seconds left.
|
|t:|1750839814
|switch|p1b: Miraidon|Miraidon, L50|100/100
|-fieldstart|move: Electric Terrain|[from] ability: Hadron Engine|[of] p1b: Miraidon
|turn|4
|
|t:|1750839829
|-terastallize|p1b: Miraidon|Electric
|move|p2a: Roaring Moon|Knock Off|p1b: Miraidon
|-damage|p1b: Miraidon|50/100
|-enditem|p1b: Miraidon|Life Orb|[from] move: Knock Off|[of] p2a: Roaring Moon
|move|p1b: Miraidon|Electro Drift|p2b: Calyrex
|-resisted|p2b: Calyrex
|-crit|p2b: Calyrex
|-damage|p2b: Calyrex|0 fnt
|faint|p2b: Calyrex
|
|-weather|SunnyDay|[upkeep]
|-sideend|p2: roykeenkennedy|move: Tailwind
|-sideend|p1: synchro3|move: Tailwind
|upkeep
|
|t:|1750839843
|switch|p2b: Miraidon|Miraidon, L50|100/100
|-activate|p2b: Miraidon|ability: Hadron Engine
|turn|5
|
|t:|1750839850
|move|p2a: Roaring Moon|Tailwind|p2a: Roaring Moon
|-sidestart|p2: roykeenkennedy|move: Tailwind
|move|p2b: Miraidon|Draco Meteor|p1b: Miraidon
|-damage|p1b: Miraidon|0 fnt
|-unboost|p2b: Miraidon|spa|2
|faint|p1b: Miraidon
|-damage|p2b: Miraidon|91/100|[from] item: Life Orb
|
|win|roykeenkennedy
|raw|synchro3's rating: 1421 &rarr; <strong>1406</strong><br />(-15 for losing)
|raw|roykeenkennedy's rating: 1509 &rarr; <strong>1524</strong><br />(+15 for winning)
|l|☆synchro3
|player|p1|
|l|☆roykeenkennedy
|player|p2|
