|j|☆Rydak7
|j|☆ZUBSEROS
|t:|1750869493
|gametype|doubles
|player|p1|Rydak7|1|1338
|player|p2|ZUBSEROS|hugh|1273
|teamsize|p1|6
|teamsize|p2|6
|gen|9
|tier|[Gen 9] VGC 2025 Reg I
|rated|
|rule|Species Clause: Limit one of each Pokémon
|rule|Item Clause: Limit 1 of each item
|clearpoke
|poke|p1|Indeedee-F, L50, F|
|poke|p1|Calyrex-Ice, L50|
|poke|p1|Torkoal, L50, M|
|poke|p1|Annihilape, L50, M|
|poke|p1|Lunala, L50|
|poke|p1|Iron Hands, L50|
|poke|p2|Koraidon, L50|
|poke|p2|Ho-Oh, L50|
|poke|p2|Enamorus-Therian, L50, F|
|poke|p2|Klefki, L50, M|
|poke|p2|Indeedee-F, L50, F|
|poke|p2|Incineroar, L50, M|
|teampreview|4
|inactive|Battle timer is ON: inactive players will automatically lose when time's up. (requested by ZUBSEROS)
|
|t:|1750869509
|start
|switch|p1a: Lunala|Lunala, L50, shiny|100/100
|switch|p1b: Annihilape|Annihilape, L50, M, shiny|100/100
|switch|p2a: Ho-Oh|Ho-Oh, L50|100/100
|switch|p2b: Pedro|Klefki, L50, M|100/100
|turn|1
|
|t:|1750869527
|move|p2b: Pedro|Reflect|p2b: Pedro
|-sidestart|p2: ZUBSEROS|Reflect
|move|p1b: Annihilape|Final Gambit|p2a: Ho-Oh
|-damage|p2a: Ho-Oh|0 fnt
|faint|p1b: Annihilape
|faint|p2a: Ho-Oh
|move|p1a: Lunala|Trick Room|p1a: Lunala
|-fieldstart|move: Trick Room|[of] p1a: Lunala
|
|upkeep
|
|t:|1750869537
|switch|p2a: Incineroar|Incineroar, L50, M|100/100
|switch|p1b: Torkoal|Torkoal, L50, M, shiny|100/100
|-weather|SunnyDay|[from] ability: Drought|[of] p1b: Torkoal
|-ability|p2a: Incineroar|Intimidate|boost
|-unboost|p1a: Lunala|atk|1
|-unboost|p1b: Torkoal|atk|1
|turn|2
|inactive|Rydak7 has 30 seconds left.
|inactive|Rydak7 has 20 seconds left.
|inactive|Rydak7 has 15 seconds left.
|inactive|Rydak7 has 10 seconds left.
|inactive|Rydak7 has 5 seconds left.
|
|t:|1750869592
|move|p2b: Pedro|Light Screen|p2b: Pedro
|-sidestart|p2: ZUBSEROS|move: Light Screen
|move|p1b: Torkoal|Eruption|p2b: Pedro|[spread] p2a,p2b
|-resisted|p2a: Incineroar
|-supereffective|p2b: Pedro
|-damage|p2a: Incineroar|76/100
|-damage|p2b: Pedro|0 fnt
|faint|p2b: Pedro
|move|p2a: Incineroar|Flare Blitz|p1a: Lunala
|-damage|p1a: Lunala|54/100
|-status|p1a: Lunala|brn
|-damage|p2a: Incineroar|57/100|[from] Recoil
|move|p1a: Lunala|Moonblast|p2a: Incineroar
|-damage|p2a: Incineroar|36/100
|-unboost|p2a: Incineroar|spa|1
|
|-weather|SunnyDay|[upkeep]
|-damage|p1a: Lunala|48/100 brn|[from] brn
|upkeep
|
|t:|1750869609
|switch|p2b: Chimuelo|Koraidon, L50|100/100
|-activate|p2b: Chimuelo|ability: Orichalcum Pulse
|turn|3
|inactive|Rydak7 has 30 seconds left.
|inactive|Rydak7 has 20 seconds left.
|inactive|Rydak7 has 15 seconds left.
|inactive|Rydak7 has 10 seconds left.
|inactive|Rydak7 has 5 seconds left.
|
|t:|1750869664
|-terastallize|p2b: Chimuelo|Fire
|move|p1b: Torkoal|Eruption|p2a: Incineroar|[spread] p2a,p2b
|-resisted|p2a: Incineroar
|-resisted|p2b: Chimuelo
|-damage|p2a: Incineroar|12/100
|-damage|p2b: Chimuelo|71/100
|move|p2a: Incineroar|Flare Blitz|p1a: Lunala
|-damage|p1a: Lunala|0 fnt
|faint|p1a: Lunala
|-damage|p2a: Incineroar|0 fnt|[from] Recoil
|faint|p2a: Incineroar
|move|p2b: Chimuelo|Close Combat|p1b: Torkoal
|-damage|p1b: Torkoal|12/100
|-unboost|p2b: Chimuelo|def|1
|-unboost|p2b: Chimuelo|spd|1
|-damage|p2b: Chimuelo|61/100|[from] item: Life Orb
|
|-weather|SunnyDay|[upkeep]
|upkeep
|inactive|Rydak7 has 30 seconds left.
|inactive|Rydak7 has 20 seconds left.
|inactive|Rydak7 has 15 seconds left.
|inactive|Rydak7 has 10 seconds left.
|inactive|Rydak7 has 5 seconds left.
|
|t:|1750869719
|switch|p1a: Calyrex|Calyrex-Ice, L50|100/100
|-ability|p1a: Calyrex|As One
|-ability|p1a: Calyrex|Unnerve
|turn|4
|inactive|Rydak7 has 30 seconds left.
|inactive|Rydak7 has 20 seconds left.
|inactive|Rydak7 has 15 seconds left.
|inactive|Rydak7 has 10 seconds left.
|inactive|Rydak7 has 5 seconds left.
|
|t:|1750869774
|move|p2b: Chimuelo|Protect|p2b: Chimuelo
|-singleturn|p2b: Chimuelo|Protect
|move|p1b: Torkoal|Eruption|p2b: Chimuelo
|-activate|p2b: Chimuelo|move: Protect
|move|p1a: Calyrex|Glacial Lance|p2b: Chimuelo
|-activate|p2b: Chimuelo|move: Protect
|
|-weather|SunnyDay|[upkeep]
|upkeep
|turn|5
|inactive|Rydak7 has 30 seconds left.
|inactive|Rydak7 has 20 seconds left.
|inactive|Rydak7 has 15 seconds left.
|inactive|Rydak7 has 10 seconds left.
|inactive|Rydak7 has 5 seconds left.
|
|t:|1750869829
|move|p1b: Torkoal|Eruption|p2b: Chimuelo
|-resisted|p2b: Chimuelo
|-damage|p2b: Chimuelo|55/100
|move|p1a: Calyrex|Glacial Lance|p2b: Chimuelo
|-resisted|p2b: Chimuelo
|-damage|p2b: Chimuelo|17/100
|move|p2b: Chimuelo|Flare Blitz|p1a: Calyrex
|-supereffective|p1a: Calyrex
|-damage|p1a: Calyrex|0 fnt
|faint|p1a: Calyrex
|-damage|p2b: Chimuelo|0 fnt|[from] Recoil
|faint|p2b: Chimuelo
|
|win|Rydak7
|raw|Rydak7's rating: 1338 &rarr; <strong>1354</strong><br />(+16 for winning)
|raw|ZUBSEROS's rating: 1273 &rarr; <strong>1253</strong><br />(-20 for losing)
|l|☆ZUBSEROS
|player|p2|
