|j|☆mplgg
|j|☆bapdabo
|t:|1750869952
|gametype|doubles
|player|p1|mplgg|2|1335
|player|p2|bapdabo|hugh|1285
|teamsize|p1|6
|teamsize|p2|6
|gen|9
|tier|[Gen 9] VGC 2025 Reg I
|rated|
|rule|Species Clause: Limit one of each Pokémon
|rule|Item Clause: Limit 1 of each item
|clearpoke
|poke|p1|Whimsicott, L50, M|
|poke|p1|Urshifu-*, L50, F|
|poke|p1|Ursaluna, L50, F|
|poke|p1|Miraidon, L50|
|poke|p1|Lunala, L50|
|poke|p1|Incineroar, L50, M|
|poke|p2|Palafin, L50, M|
|poke|p2|Raichu, L50, F|
|poke|p2|Lugia, L50|
|poke|p2|Zacian-*, L50|
|poke|p2|Kingambit, L50, M|
|poke|p2|Politoed, L50, F|
|teampreview|4
|inactive|Battle timer is ON: inactive players will automatically lose when time's up. (requested by mplgg)
bapdabo rejected open team sheets.
|inactive|mplgg has 60 seconds left.
|inactive|bapdabo has 60 seconds left.
|inactive|bapdabo has 30 seconds left.
|
|t:|1750870025
|start
|switch|p1a: Miraidon|Miraidon, L50|100/100
|switch|p1b: Urshifu|Urshifu-Rapid-Strike, L50, F|100/100
|switch|p2a: Lugia|Lugia, L50|100/100
|switch|p2b: Palafin|Palafin, L50, M|100/100
|-fieldstart|move: Electric Terrain|[from] ability: Hadron Engine|[of] p1a: Miraidon
|turn|1
|inactive|mplgg has 30 seconds left.
|
|t:|1750870050
|detailschange|p2b: Palafin|Palafin-Hero, L50, M
|switch|p2b: Raichu|Raichu, L50, F|100/100
|move|p1a: Miraidon|Dazzling Gleam|p2a: Lugia|[spread] p2a,p2b
|-damage|p2a: Lugia|88/100
|-damage|p2b: Raichu|29/100
|move|p1b: Urshifu|Surging Strikes|p2a: Lugia
|-crit|p2a: Lugia
|-damage|p2a: Lugia|65/100
|-crit|p2a: Lugia
|-damage|p2a: Lugia|41/100
|-crit|p2a: Lugia
|-damage|p2a: Lugia|20/100
|-hitcount|p2a: Lugia|3
|move|p2a: Lugia|Aeroblast|p1b: Urshifu
|-supereffective|p1b: Urshifu
|-damage|p1b: Urshifu|0 fnt
|faint|p1b: Urshifu
|
|upkeep
|
|t:|1750870066
|switch|p1b: Lunala|Lunala, L50|100/100
|-enditem|p1b: Lunala|Electric Seed
|-boost|p1b: Lunala|def|1|[from] item: Electric Seed
|turn|2
|inactive|bapdabo has 30 seconds left.
|
|t:|1750870097
|move|p2b: Raichu|Fake Out|p1a: Miraidon
|-damage|p1a: Miraidon|84/100
|-damage|p2b: Raichu|20/100|[from] item: Life Orb
|cant|p1a: Miraidon|flinch
|move|p2a: Lugia|Aeroblast|p1a: Miraidon
|-resisted|p1a: Miraidon
|-damage|p1a: Miraidon|65/100
|move|p1b: Lunala|Moongeist Beam|p2b: Raichu
|-damage|p2b: Raichu|0 fnt
|faint|p2b: Raichu
|
|upkeep
|
|t:|1750870113
|switch|p2b: Zacian|Zacian-Crowned, L50|100/100
|-ability|p2b: Zacian|Intrepid Sword|boost
|-boost|p2b: Zacian|atk|1
|turn|3
|
|t:|1750870122
|move|p2b: Zacian|Play Rough|p1a: Miraidon
|-supereffective|p1a: Miraidon
|-damage|p1a: Miraidon|0 fnt
|faint|p1a: Miraidon
|move|p2a: Lugia|Recover|p2a: Lugia
|-heal|p2a: Lugia|70/100
|move|p1b: Lunala|Trick Room|p1b: Lunala
|-fieldstart|move: Trick Room|[of] p1b: Lunala
|
|upkeep
|
|t:|1750870129
|switch|p1a: Ursaluna|Ursaluna, L50, F|100/100
|turn|4
|
|t:|1750870143
|-terastallize|p1a: Ursaluna|Ghost
|move|p2b: Zacian|Protect|p2b: Zacian
|-singleturn|p2b: Zacian|Protect
|move|p1a: Ursaluna|Facade|p2a: Lugia
|-damage|p2a: Lugia|38/100
|move|p1b: Lunala|Moongeist Beam|p2a: Lugia
|-supereffective|p2a: Lugia
|-damage|p2a: Lugia|0 fnt
|faint|p2a: Lugia
|
|-status|p1a: Ursaluna|brn|[from] item: Flame Orb
|upkeep
|
|t:|1750870155
|switch|p2a: Palafin|Palafin-Hero, L50, M|100/100
|-activate|p2a: Palafin|ability: Zero to Hero
|turn|5
|inactive|bapdabo has 30 seconds left.
|inactive|bapdabo has 20 seconds left.
|inactive|bapdabo has 15 seconds left.
|inactive|bapdabo has 10 seconds left.
|
|t:|1750870200
|-terastallize|p2a: Palafin|Water
|move|p1a: Ursaluna|Earthquake|p2a: Palafin|[spread] p1b,p2a,p2b
|-supereffective|p2b: Zacian
|-damage|p1b: Lunala|83/100
|-damage|p2a: Palafin|40/100
|-damage|p2b: Zacian|0 fnt
|faint|p2b: Zacian
|move|p1b: Lunala|Moongeist Beam|p2a: Palafin
|-damage|p2a: Palafin|0 fnt
|faint|p2a: Palafin
|
|win|mplgg
|raw|mplgg's rating: 1335 &rarr; <strong>1352</strong><br />(+17 for winning)
|raw|bapdabo's rating: 1285 &rarr; <strong>1264</strong><br />(-21 for losing)
|l|☆bapdabo
|player|p2|
|l|☆mplgg
|player|p1|
