|j|☆Tykrim33
|j|☆Wildgoobys
|t:|1750770770
|gametype|doubles
|player|p1|Tykrim33|101|1531
|player|p2|Wildgoobys|ethan|1497
|teamsize|p1|6
|teamsize|p2|6
|gen|9
|tier|[Gen 9] VGC 2025 Reg I
|rated|
|rule|Species Clause: Limit one of each Pokémon
|rule|Item Clause: Limit 1 of each item
|clearpoke
|poke|p1|Calyrex-Shadow, L50|
|poke|p1|Koraidon, L50|
|poke|p1|Incineroar, L50, M|
|poke|p1|Iron Treads, L50|
|poke|p1|Amoonguss, L50, M|
|poke|p1|Walking Wake, L50|
|poke|p2|Lapras, L50, M|
|poke|p2|Scream Tail, L50|
|poke|p2|Gothitelle, L50, M|
|poke|p2|Koraidon, L50|
|poke|p2|Zamazenta-*, L50|
|poke|p2|Iron Treads, L50|
|teampreview|4
|inactive|Battle timer is ON: inactive players will automatically lose when time's up. (requested by Wildgoobys)
|inactive|Tykrim33 has 60 seconds left.
|
|t:|1750770810
|start
|switch|p1a: Calyrex|Calyrex-Shadow, L50|100/100
|switch|p1b: Incineroar|Incineroar, L50, M|100/100
|switch|p2a: Scream Tail|Scream Tail, L50|100/100
|switch|p2b: Koraidon|Koraidon, L50|100/100
|-ability|p1a: Calyrex|As One
|-ability|p1a: Calyrex|Unnerve
|-weather|SunnyDay|[from] ability: Orichalcum Pulse|[of] p2b: Koraidon
|-activate|p2a: Scream Tail|ability: Protosynthesis
|-start|p2a: Scream Tail|protosynthesisspe
|-activate|p2b: Koraidon|Orichalcum Pulse|[source]
|-ability|p1b: Incineroar|Intimidate|boost
|-unboost|p2a: Scream Tail|atk|1
|-unboost|p2b: Koraidon|atk|1
|turn|1
|
|t:|1750770822
|move|p2a: Scream Tail|Protect|p2a: Scream Tail
|-singleturn|p2a: Scream Tail|Protect
|move|p2b: Koraidon|Protect|p2b: Koraidon
|-singleturn|p2b: Koraidon|Protect
|move|p1b: Incineroar|Fake Out|p2b: Koraidon
|-activate|p2b: Koraidon|move: Protect
|move|p1a: Calyrex|Astral Barrage|p2b: Koraidon|[spread] 
|-activate|p2a: Scream Tail|move: Protect
|-activate|p2b: Koraidon|move: Protect
|
|-weather|SunnyDay|[upkeep]
|upkeep
|turn|2
|
|t:|1750770838
|-terastallize|p1b: Incineroar|Bug
|move|p2a: Scream Tail|Disable|p1a: Calyrex
|-start|p1a: Calyrex|Disable|Astral Barrage
|cant|p1a: Calyrex|Disable|Astral Barrage
|move|p2b: Koraidon|Close Combat|p1b: Incineroar
|-resisted|p1b: Incineroar
|-damage|p1b: Incineroar|75/100
|-unboost|p2b: Koraidon|def|1
|-unboost|p2b: Koraidon|spd|1
|-damage|p2b: Koraidon|91/100|[from] item: Life Orb
|move|p1b: Incineroar|Will-O-Wisp|p2b: Koraidon
|-status|p2b: Koraidon|brn
|
|-weather|SunnyDay|[upkeep]
|-damage|p2b: Koraidon|85/100 brn|[from] brn
|upkeep
|turn|3
|
|t:|1750770857
|switch|p1a: Walking Wake|Walking Wake, L50|100/100
|-activate|p1a: Walking Wake|ability: Protosynthesis
|-start|p1a: Walking Wake|protosynthesisspe
|move|p2a: Scream Tail|Encore||[still]
|-fail|p2a: Scream Tail
|move|p2b: Koraidon|Flame Charge|p1a: Walking Wake
|-resisted|p1a: Walking Wake
|-crit|p1a: Walking Wake
|-damage|p1a: Walking Wake|91/100
|-boost|p2b: Koraidon|spe|1
|-damage|p2b: Koraidon|75/100 brn|[from] item: Life Orb
|move|p1b: Incineroar|Parting Shot|p2a: Scream Tail
|-unboost|p2a: Scream Tail|atk|1
|-unboost|p2a: Scream Tail|spa|1
|
|t:|1750770872
|switch|p1b: Amoonguss|Amoonguss, L50, M|100/100|[from] Parting Shot
|
|-weather|SunnyDay|[upkeep]
|-damage|p2b: Koraidon|70/100 brn|[from] brn
|upkeep
|turn|4
|inactive|Wildgoobys has 30 seconds left.
|
|t:|1750770899
|switch|p1b: Incineroar|Incineroar, L50, M, tera:Bug|75/100
|-ability|p1b: Incineroar|Intimidate|boost
|-unboost|p2a: Scream Tail|atk|1
|-unboost|p2b: Koraidon|atk|1
|move|p2b: Koraidon|Protect|p2b: Koraidon
|-singleturn|p2b: Koraidon|Protect
|move|p2a: Scream Tail|Perish Song|p2a: Scream Tail
|-start|p1a: Walking Wake|perish3|[silent]
|-start|p1b: Incineroar|perish3|[silent]
|-start|p2a: Scream Tail|perish3|[silent]
|-start|p2b: Koraidon|perish3|[silent]
|-fieldactivate|move: Perish Song
|move|p1a: Walking Wake|Hydro Steam|p2a: Scream Tail
|-damage|p2a: Scream Tail|61/100
|
|-weather|SunnyDay|[upkeep]
|-damage|p2b: Koraidon|64/100 brn|[from] brn
|-start|p2b: Koraidon|perish3
|-start|p2a: Scream Tail|perish3
|-start|p1a: Walking Wake|perish3
|-start|p1b: Incineroar|perish3
|upkeep
|turn|5
|inactive|Wildgoobys has 30 seconds left.
|inactive|Wildgoobys has 20 seconds left.
|
|t:|1750770939
|switch|p2b: Gothitelle|Gothitelle, L50, M|100/100
|-end|p1a: Walking Wake|Protosynthesis|[silent]
|switch|p1a: Amoonguss|Amoonguss, L50, M|100/100
|move|p2a: Scream Tail|Protect|p2a: Scream Tail
|-singleturn|p2a: Scream Tail|Protect
|move|p1b: Incineroar|Parting Shot|p2b: Gothitelle
|-unboost|p2b: Gothitelle|atk|1
|-unboost|p2b: Gothitelle|spa|1
|
|t:|1750770950
|switch|p1b: Calyrex|Calyrex-Shadow, L50|100/100|[from] Parting Shot
|-ability|p1b: Calyrex|As One
|-ability|p1b: Calyrex|Unnerve
|
|-weather|none
|-end|p2a: Scream Tail|Protosynthesis
|-start|p2a: Scream Tail|perish2
|upkeep
|-enditem|p2a: Scream Tail|Booster Energy
|-activate|p2a: Scream Tail|ability: Protosynthesis|[fromitem]
|-start|p2a: Scream Tail|protosynthesisspe
|turn|6
|
|t:|1750770968
|-terastallize|p2b: Gothitelle|Water
|move|p1a: Amoonguss|Protect|p1a: Amoonguss
|-singleturn|p1a: Amoonguss|Protect
|move|p2b: Gothitelle|Fake Out|p1a: Amoonguss
|-activate|p1a: Amoonguss|move: Protect
|move|p2a: Scream Tail|Perish Song|p2a: Scream Tail
|-start|p1a: Amoonguss|perish3|[silent]
|-start|p1b: Calyrex|perish3|[silent]
|-start|p2b: Gothitelle|perish3|[silent]
|-fieldactivate|move: Perish Song
|move|p1b: Calyrex|Astral Barrage|p2b: Gothitelle|[spread] p2a,p2b
|-supereffective|p2a: Scream Tail
|-damage|p2a: Scream Tail|0 fnt
|-damage|p2b: Gothitelle|60/100
|faint|p2a: Scream Tail
|-end|p2a: Scream Tail|Protosynthesis|[silent]
|-ability|p1b: Calyrex|Grim Neigh|boost
|-boost|p1b: Calyrex|spa|1
|
|-heal|p2b: Gothitelle|66/100|[from] item: Leftovers
|-start|p1b: Calyrex|perish3
|-start|p2b: Gothitelle|perish3
|-start|p1a: Amoonguss|perish3
|upkeep
|
|t:|1750770989
|switch|p2a: Zamazenta|Zamazenta-Crowned, L50|100/100
|-ability|p2a: Zamazenta|Dauntless Shield|boost
|-boost|p2a: Zamazenta|def|1
|turn|7
|
|t:|1750770997
|move|p1a: Amoonguss|Rage Powder|p1a: Amoonguss
|-singleturn|p1a: Amoonguss|move: Rage Powder
|move|p1b: Calyrex|Nasty Plot|p1b: Calyrex
|-boost|p1b: Calyrex|spa|2
|move|p2a: Zamazenta|Iron Defense|p2a: Zamazenta
|-boost|p2a: Zamazenta|def|2
|move|p2b: Gothitelle|Psychic|p1a: Amoonguss
|-supereffective|p1a: Amoonguss
|-damage|p1a: Amoonguss|69/100
|-unboost|p1a: Amoonguss|spd|1
|
|-heal|p2b: Gothitelle|72/100|[from] item: Leftovers
|-start|p1b: Calyrex|perish2
|-start|p2b: Gothitelle|perish2
|-start|p1a: Amoonguss|perish2
|upkeep
|turn|8
|inactive|Wildgoobys has 30 seconds left.
|
|t:|1750771026
|move|p2a: Zamazenta|Wide Guard|p2a: Zamazenta
|-singleturn|p2a: Zamazenta|Wide Guard
|move|p1b: Calyrex|Astral Barrage|p2b: Gothitelle|[spread] 
|-activate|p2a: Zamazenta|move: Wide Guard
|-activate|p2b: Gothitelle|move: Wide Guard
|move|p2b: Gothitelle|Psychic|p1a: Amoonguss
|-supereffective|p1a: Amoonguss
|-damage|p1a: Amoonguss|19/100
|move|p1a: Amoonguss|Spore|p2a: Zamazenta
|-status|p2a: Zamazenta|slp|[from] move: Spore
|
|-heal|p2b: Gothitelle|78/100|[from] item: Leftovers
|-start|p1b: Calyrex|perish1
|-start|p2b: Gothitelle|perish1
|-start|p1a: Amoonguss|perish1
|upkeep
|turn|9
|
|t:|1750771047
|cant|p2a: Zamazenta|slp
|move|p1a: Amoonguss|Rage Powder|p1a: Amoonguss
|-singleturn|p1a: Amoonguss|move: Rage Powder
|move|p1b: Calyrex|Astral Barrage|p2b: Gothitelle|[spread] p2a,p2b
|-damage|p2a: Zamazenta|10/100 slp
|-damage|p2b: Gothitelle|0 fnt
|faint|p2b: Gothitelle
|-ability|p1b: Calyrex|Grim Neigh|boost
|-boost|p1b: Calyrex|spa|1
|
|-start|p1b: Calyrex|perish0
|-start|p1a: Amoonguss|perish0
|upkeep
|faint|p1b: Calyrex
|faint|p1a: Amoonguss
|
|t:|1750771058
|switch|p1b: Walking Wake|Walking Wake, L50|91/100
|switch|p2b: Koraidon|Koraidon, L50|64/100 brn
|switch|p1a: Incineroar|Incineroar, L50, M, tera:Bug|75/100
|-weather|SunnyDay|[from] ability: Orichalcum Pulse|[of] p2b: Koraidon
|-activate|p1b: Walking Wake|ability: Protosynthesis
|-start|p1b: Walking Wake|protosynthesisspe
|-activate|p2b: Koraidon|Orichalcum Pulse|[source]
|-ability|p1a: Incineroar|Intimidate|boost
|-unboost|p2a: Zamazenta|atk|1
|-unboost|p2b: Koraidon|atk|1
|turn|10
|
|t:|1750771070
|move|p2b: Koraidon|Protect|p2b: Koraidon
|-singleturn|p2b: Koraidon|Protect
|cant|p2a: Zamazenta|slp
|move|p1a: Incineroar|Fake Out|p2b: Koraidon
|-activate|p2b: Koraidon|move: Protect
|move|p1b: Walking Wake|Weather Ball|p2a: Zamazenta
|-supereffective|p2a: Zamazenta
|-damage|p2a: Zamazenta|0 fnt
|faint|p2a: Zamazenta
|
|-weather|SunnyDay|[upkeep]
|-damage|p2b: Koraidon|58/100 brn|[from] brn
|upkeep
|turn|11
|c|☆Wildgoobys|Gg
|
|t:|1750771088
|move|p1b: Walking Wake|Draco Meteor|p2b: Koraidon
|-supereffective|p2b: Koraidon
|-damage|p2b: Koraidon|0 fnt
|-unboost|p1b: Walking Wake|spa|2
|faint|p2b: Koraidon
|
|win|Tykrim33
|raw|Tykrim33's rating: 1531 &rarr; <strong>1549</strong><br />(+18 for winning)
|raw|Wildgoobys's rating: 1497 &rarr; <strong>1479</strong><br />(-18 for losing)
|l|☆Wildgoobys
|player|p2|
|c|☆Tykrim33|gg
|l|☆Tykrim33
|player|p1|
