|j|☆VJ2511
|j|☆Grade a type b
|t:|1750753456
|gametype|doubles
|player|p1|VJ2511|red-masters2|1493
|player|p2|Grade a type b|169|1489
|teamsize|p1|6
|teamsize|p2|6
|gen|9
|tier|[Gen 9] VGC 2025 Reg I
|rated|
|rule|Species Clause: Limit one of each Pokémon
|rule|Item Clause: Limit 1 of each item
|clearpoke
|poke|p1|Calyrex-Shadow, L50|
|poke|p1|Zamazenta-*, L50|
|poke|p1|Incineroar, L50, M|
|poke|p1|Rillaboom, L50, F|
|poke|p1|Ogerpon-Hearthflame, L50, F|
|poke|p1|Raging Bolt, L50|
|poke|p2|Koraidon, L50|
|poke|p2|Tornadus, L50, M|
|poke|p2|Calyrex-Shadow, L50|
|poke|p2|Chi-Yu, L50|
|poke|p2|Rillaboom, L50, F|
|poke|p2|Tinkaton, L50, F|
|teampreview|4
|inactive|Battle timer is ON: inactive players will automatically lose when time's up. (requested by Grade a type b)
|inactive|Grade a type b has 60 seconds left.
|inactive|VJ2511 has 60 seconds left.
|
|t:|1750753503
|start
|switch|p1a: Ogerpon|Ogerpon-Hearthflame, L50, F|100/100
|switch|p1b: Incineroar|Incineroar, L50, M|100/100
|switch|p2a: Rápido|Koraidon, L50|100/100
|switch|p2b: Tornadus|Tornadus, L50, M|100/100
|-weather|SunnyDay|[from] ability: Orichalcum Pulse|[of] p2a: Rápido
|-activate|p2a: Rápido|Orichalcum Pulse|[source]
|-ability|p1a: Ogerpon|Mold Breaker
|-ability|p1b: Incineroar|Intimidate|boost
|-fail|p2a: Rápido|unboost|[from] item: Clear Amulet|[of] p2a: Rápido
|-unboost|p2b: Tornadus|atk|1
|turn|1
|
|t:|1750753518
|move|p2a: Rápido|Protect|p2a: Rápido
|-singleturn|p2a: Rápido|Protect
|move|p1b: Incineroar|Fake Out|p2a: Rápido
|-activate|p2a: Rápido|move: Protect
|move|p2b: Tornadus|Tailwind|p2b: Tornadus
|-sidestart|p2: Grade a type b|move: Tailwind
|move|p1a: Ogerpon|Ivy Cudgel|p2b: Tornadus|[anim] Ivy Cudgel Fire
|-damage|p2b: Tornadus|13/100
|
|-weather|SunnyDay|[upkeep]
|upkeep
|turn|2
|inactive|VJ2511 has 30 seconds left.
|inactive|Grade a type b has 30 seconds left.
|inactive|VJ2511 has 20 seconds left.
|
|t:|1750753559
|-terastallize|p1a: Ogerpon|Fire
|detailschange|p1a: Ogerpon|Ogerpon-Hearthflame-Tera, L50, F, tera:Fire
|-ability|p1a: Ogerpon|Embody Aspect (Hearthflame)|boost
|-boost|p1a: Ogerpon|atk|1
|move|p1b: Incineroar|Helping Hand|p1a: Ogerpon
|-singleturn|p1a: Ogerpon|Helping Hand|[of] p1b: Incineroar
|move|p2a: Rápido|Flame Charge|p1b: Incineroar
|-resisted|p1b: Incineroar
|-damage|p1b: Incineroar|88/100
|-boost|p2a: Rápido|spe|1
|-damage|p2a: Rápido|84/100|[from] item: Rocky Helmet|[of] p1b: Incineroar
|move|p2b: Tornadus|Bleakwind Storm|p1b: Incineroar|[spread] p1a,p1b
|-crit|p1b: Incineroar
|-damage|p1a: Ogerpon|67/100
|-damage|p1b: Incineroar|44/100
|move|p1a: Ogerpon|Ivy Cudgel|p2a: Rápido|[anim] Ivy Cudgel Fire
|-resisted|p2a: Rápido
|-damage|p2a: Rápido|0 fnt
|faint|p2a: Rápido
|
|-weather|SunnyDay|[upkeep]
|upkeep
|
|t:|1750753563
|switch|p2a: Chi-Yu|Chi-Yu, L50|100/100
|-ability|p2a: Chi-Yu|Beads of Ruin
|turn|3
|
|t:|1750753579
|move|p1a: Ogerpon|Spiky Shield|p1a: Ogerpon
|-singleturn|p1a: Ogerpon|move: Protect
|move|p2a: Chi-Yu|Heat Wave|p1b: Incineroar|[spread] p1b
|-activate|p1a: Ogerpon|move: Protect
|-resisted|p1b: Incineroar
|-damage|p1b: Incineroar|3/100
|move|p2b: Tornadus|Bleakwind Storm|p1b: Incineroar|[spread] p1b
|-activate|p1a: Ogerpon|move: Protect
|-damage|p1b: Incineroar|0 fnt
|faint|p1b: Incineroar
|
|-weather|SunnyDay|[upkeep]
|upkeep
|
|t:|1750753587
|switch|p1b: Raging Bolt|Raging Bolt, L50|100/100
|-activate|p1b: Raging Bolt|ability: Protosynthesis
|-start|p1b: Raging Bolt|protosynthesisspa
|turn|4
|
|t:|1750753604
|switch|p2a: Calyrex|Calyrex-Shadow, L50|100/100
|-ability|p2a: Calyrex|As One
|-ability|p2a: Calyrex|Unnerve
|move|p2b: Tornadus|Taunt|p1b: Raging Bolt
|-start|p1b: Raging Bolt|move: Taunt
|move|p1b: Raging Bolt|Thunderclap||[still]
|-fail|p1b: Raging Bolt
|move|p1a: Ogerpon|Ivy Cudgel|p2a: Calyrex|[anim] Ivy Cudgel Fire
|-enditem|p2a: Calyrex|Focus Sash
|-damage|p2a: Calyrex|1/100
|
|-weather|SunnyDay|[upkeep]
|-sideend|p2: Grade a type b|move: Tailwind
|upkeep
|turn|5
|-message|Grade a type b forfeited.
|
|win|VJ2511
|raw|VJ2511's rating: 1493 &rarr; <strong>1513</strong><br />(+20 for winning)
|raw|Grade a type b's rating: 1489 &rarr; <strong>1469</strong><br />(-20 for losing)
|l|☆Grade a type b
|player|p2|
