|j|☆assazin_77
|j|☆MrEbenPowerv2
|t:|1750708768
|gametype|doubles
|player|p1|assazin_77|170|1035
|player|p2|MrEbenPowerv2|hilbert|1155
|teamsize|p1|6
|teamsize|p2|6
|gen|9
|tier|[Gen 9] VGC 2025 Reg I
|rated|
|rule|Species Clause: Limit one of each Pokémon
|rule|Item Clause: Limit 1 of each item
|clearpoke
|poke|p1|Calyrex-Shadow, L50|
|poke|p1|Indeedee-F, L50, F|
|poke|p1|Incineroar, L50, M|
|poke|p1|Ogerpon-Hearthflame, L50, F|
|poke|p1|Urshifu-*, L50, M|
|poke|p1|Regieleki, L50|
|poke|p2|Muk-Alola, L50, M|
|poke|p2|Garganacl, L50, M|
|poke|p2|Flamigo, L50, M|
|poke|p2|Zamazenta-*, L50|
|poke|p2|Smeargle, L50, M|
|poke|p2|Sinistcha-Masterpiece, L50|
|teampreview|4
|inactive|Battle timer is ON: inactive players will automatically lose when time's up. (requested by MrEbenPowerv2)
|
|t:|1750708792
|start
|switch|p1a: Ogerpon|Ogerpon-Hearthflame, L50, F|100/100
|switch|p1b: Calyrex|Calyrex-Shadow, L50|100/100
|switch|p2a: Muk|Muk-Alola, L50, M|100/100
|switch|p2b: Smeargle|Smeargle, L50, M|100/100
|-ability|p1b: Calyrex|As One
|-ability|p1b: Calyrex|Unnerve
|-ability|p1a: Ogerpon|Mold Breaker
|turn|1
|inactive|assazin_77 has 30 seconds left.
|inactive|MrEbenPowerv2 has 30 seconds left.
|inactive|MrEbenPowerv2 has 20 seconds left.
|inactive|MrEbenPowerv2 has 15 seconds left.
|
|t:|1750708836
|move|p1b: Calyrex|Expanding Force|p2a: Muk
|-immune|p2a: Muk
|move|p1a: Ogerpon|Swords Dance|p1a: Ogerpon
|-boost|p1a: Ogerpon|atk|2
|move|p2b: Smeargle|Spore|p1b: Calyrex
|-status|p1b: Calyrex|slp|[from] move: Spore
|move|p2a: Muk|Minimize|p2a: Muk
|-boost|p2a: Muk|evasion|2
|
|-ability|p2b: Smeargle|Moody|boost
|-boost|p2b: Smeargle|spe|2
|-unboost|p2b: Smeargle|def|1
|upkeep
|turn|2
|inactive|assazin_77 has 30 seconds left.
|inactive|assazin_77 has 20 seconds left.
|
|t:|1750708874
|switch|p1b: Incineroar|Incineroar, L50, M|100/100
|-ability|p1b: Incineroar|Intimidate|boost
|-unboost|p2a: Muk|atk|1
|-unboost|p2b: Smeargle|atk|1
|-terastallize|p1a: Ogerpon|Fire
|detailschange|p1a: Ogerpon|Ogerpon-Hearthflame-Tera, L50, F, tera:Fire
|-ability|p1a: Ogerpon|Embody Aspect (Hearthflame)|boost
|-boost|p1a: Ogerpon|atk|1
|move|p2a: Muk|Protect|p2a: Muk
|-singleturn|p2a: Muk|Protect
|move|p2b: Smeargle|Decorate|p2a: Muk
|-boost|p2a: Muk|atk|2
|-boost|p2a: Muk|spa|2
|move|p1a: Ogerpon|Ivy Cudgel|p2b: Smeargle|[anim] Ivy Cudgel Fire
|-enditem|p2b: Smeargle|Focus Sash
|-damage|p2b: Smeargle|1/100
|
|-ability|p2b: Smeargle|Moody|boost
|-boost|p2b: Smeargle|spd|2
|-unboost|p2b: Smeargle|spa|1
|upkeep
|turn|3
|inactive|assazin_77 has 30 seconds left.
|
|t:|1750708902
|move|p2b: Smeargle|Spore|p1a: Ogerpon
|-status|p1a: Ogerpon|slp|[from] move: Spore
|cant|p1a: Ogerpon|slp
|move|p1b: Incineroar|Will-O-Wisp|p2a: Muk
|-status|p2a: Muk|brn
|move|p2a: Muk|Minimize|p2a: Muk
|-boost|p2a: Muk|evasion|2
|
|-damage|p2a: Muk|95/100 brn|[from] brn
|-ability|p2b: Smeargle|Moody|boost
|-boost|p2b: Smeargle|def|2
|-unboost|p2b: Smeargle|atk|1
|upkeep
|turn|4
|inactive|assazin_77 has 30 seconds left.
|inactive|assazin_77 has 20 seconds left.
|
|t:|1750708939
|cant|p1a: Ogerpon|slp
|move|p2b: Smeargle|Endeavor|p1a: Ogerpon
|-damage|p1a: Ogerpon|1/100 slp
|move|p1b: Incineroar|Knock Off|p2a: Muk
|-resisted|p2a: Muk
|-damage|p2a: Muk|75/100 brn
|-enditem|p2a: Muk|Black Sludge|[from] move: Knock Off|[of] p1b: Incineroar
|move|p2a: Muk|Poison Fang|p1a: Ogerpon
|-damage|p1a: Ogerpon|0 fnt
|faint|p1a: Ogerpon
|detailschange|p1: Ogerpon|Ogerpon-Hearthflame, L50, F|[silent]
|
|-damage|p2a: Muk|69/100 brn|[from] brn
|-ability|p2b: Smeargle|Moody|boost
|-boost|p2b: Smeargle|atk|2
|-unboost|p2b: Smeargle|spa|1
|upkeep
|
|t:|1750708957
|switch|p1a: Regieleki|Regieleki, L50|100/100
|turn|5
|
|t:|1750708969
|move|p2b: Smeargle|Spore|p1a: Regieleki
|-status|p1a: Regieleki|slp|[from] move: Spore
|cant|p1a: Regieleki|slp
|move|p1b: Incineroar|Parting Shot|p2a: Muk|[miss]
|-miss|p1b: Incineroar|p2a: Muk
|move|p2a: Muk|Minimize|p2a: Muk
|-boost|p2a: Muk|evasion|2
|
|-damage|p2a: Muk|63/100 brn|[from] brn
|-ability|p2b: Smeargle|Moody|boost
|-boost|p2b: Smeargle|atk|2
|-unboost|p2b: Smeargle|spe|1
|upkeep
|turn|6
|
|t:|1750708985
|-curestatus|p1a: Regieleki|slp|[msg]
|move|p1a: Regieleki|Electroweb|p2a: Muk|[spread] p2b
|-miss|p1a: Regieleki|p2a: Muk
|-damage|p2b: Smeargle|0 fnt
|faint|p2b: Smeargle
|-ability|p2a: Muk|Moody|[from] ability: Power of Alchemy|[of] p2b: Smeargle
|move|p1b: Incineroar|Parting Shot|p2a: Muk
|-unboost|p2a: Muk|atk|1
|-unboost|p2a: Muk|spa|1
|
|t:|1750708997
|switch|p1b: Calyrex|Calyrex-Shadow, L50|100/100 slp|[from] Parting Shot
|-ability|p1b: Calyrex|As One
|-ability|p1b: Calyrex|Unnerve
|move|p2a: Muk|Poison Fang|p1b: Calyrex
|-resisted|p1b: Calyrex
|-damage|p1b: Calyrex|95/100 slp
|
|-damage|p2a: Muk|57/100 brn|[from] brn
|-ability|p2a: Muk|Moody|boost
|-boost|p2a: Muk|spa|2
|-unboost|p2a: Muk|spe|1
|upkeep
|c|☆MrEbenPowerv2|uh?
|
|t:|1750709009
|switch|p2b: Sinistcha|Sinistcha-Masterpiece, L50|100/100
|-heal|p2a: Muk|82/100 brn|[from] ability: Hospitality|[of] p2b: Sinistcha
|turn|7
|
|t:|1750709023
|move|p1a: Regieleki|Electroweb|p2b: Sinistcha|[spread] p2b
|-miss|p1a: Regieleki|p2a: Muk
|-resisted|p2b: Sinistcha
|-damage|p2b: Sinistcha|88/100
|-unboost|p2b: Sinistcha|spe|1
|cant|p1b: Calyrex|slp
|move|p2b: Sinistcha|Hex|p1b: Calyrex
|-supereffective|p1b: Calyrex
|-damage|p1b: Calyrex|0 fnt
|faint|p1b: Calyrex
|move|p2a: Muk|Poison Fang|p1a: Regieleki
|-damage|p1a: Regieleki|82/100
|
|-damage|p2a: Muk|76/100 brn|[from] brn
|-ability|p2a: Muk|Moody|boost
|-boost|p2a: Muk|def|2
|-unboost|p2a: Muk|atk|1
|upkeep
|
|t:|1750709042
|switch|p1b: Incineroar|Incineroar, L50, M|100/100
|-ability|p1b: Incineroar|Intimidate|boost
|-unboost|p2a: Muk|atk|1
|-unboost|p2b: Sinistcha|atk|1
|turn|8
|c|☆MrEbenPowerv2|haha..
|c|☆MrEbenPowerv2|hahaha.
|c|☆MrEbenPowerv2|hahahahahaah
|
|t:|1750709056
|move|p1a: Regieleki|Thunderbolt|p2b: Sinistcha
|-resisted|p2b: Sinistcha
|-damage|p2b: Sinistcha|58/100
|move|p1b: Incineroar|Knock Off|p2b: Sinistcha
|-supereffective|p2b: Sinistcha
|-damage|p2b: Sinistcha|0 fnt
|-damage|p1b: Incineroar|84/100|[from] item: Rocky Helmet|[of] p2b: Sinistcha
|-enditem|p2b: Sinistcha|Rocky Helmet|[from] move: Knock Off|[of] p1b: Incineroar
|faint|p2b: Sinistcha
|move|p2a: Muk|Poison Fang|p1a: Regieleki
|-damage|p1a: Regieleki|74/100
|
|-damage|p2a: Muk|70/100 brn|[from] brn
|-ability|p2a: Muk|Moody|boost
|-boost|p2a: Muk|spe|2
|-unboost|p2a: Muk|spd|1
|upkeep
|c|☆MrEbenPowerv2|calyrex and ogerpon
|
|t:|1750709070
|switch|p2b: Flamigo|Flamigo, L50, M|100/100
|-copyboost|p2b: Flamigo|p2a: Muk|[from] ability: Costar
|turn|9
|c|☆assazin_77|La concha de tu madre
|inactive|assazin_77 has 30 seconds left.
|c|☆assazin_77|Wuachin vivido
|c|☆MrEbenPowerv2|date pues perro
|inactive|assazin_77 has 20 seconds left.
|
|t:|1750709106
|move|p1a: Regieleki|Thunderbolt|p2b: Flamigo|[miss]
|-miss|p1a: Regieleki|p2b: Flamigo
|move|p2b: Flamigo|Close Combat|p1b: Incineroar
|-supereffective|p1b: Incineroar
|-damage|p1b: Incineroar|13/100
|-unboost|p2b: Flamigo|def|1
|-unboost|p2b: Flamigo|spd|1
|-enditem|p1b: Incineroar|Sitrus Berry|[eat]
|-heal|p1b: Incineroar|38/100|[from] item: Sitrus Berry
|-damage|p2b: Flamigo|91/100|[from] item: Life Orb
|move|p2a: Muk|Poison Fang|p1a: Regieleki
|-damage|p1a: Regieleki|66/100
|move|p1b: Incineroar|Knock Off|p2a: Muk|[miss]
|-miss|p1b: Incineroar|p2a: Muk
|
|-damage|p2a: Muk|64/100 brn|[from] brn
|-ability|p2a: Muk|Moody|boost
|-boost|p2a: Muk|atk|2
|-unboost|p2a: Muk|def|1
|upkeep
|turn|10
|c|☆MrEbenPowerv2|eso te pasa por usar puros legendarios
|c|☆MrEbenPowerv2|pedorros
|inactive|assazin_77 has 30 seconds left.
|c|☆assazin_77|Revancha
|c|☆MrEbenPowerv2|muevele perra.
|inactive|assazin_77 has 20 seconds left.
|inactive|assazin_77 has 15 seconds left.
|inactive|assazin_77 has 10 seconds left.
|
|t:|1750709152
|move|p2b: Flamigo|Protect|p2b: Flamigo
|-singleturn|p2b: Flamigo|Protect
|move|p1a: Regieleki|Volt Switch|p2b: Flamigo
|-activate|p2b: Flamigo|move: Protect
|move|p2a: Muk|Poison Fang|p1b: Incineroar
|-damage|p1b: Incineroar|30/100
|-status|p1b: Incineroar|tox
|move|p1b: Incineroar|Parting Shot|p2b: Flamigo
|-activate|p2b: Flamigo|move: Protect
|
|-damage|p1b: Incineroar|24/100 tox|[from] psn
|-damage|p2a: Muk|58/100 brn|[from] brn
|-ability|p2a: Muk|Moody|boost
|-boost|p2a: Muk|atk|2
|-unboost|p2a: Muk|spe|1
|upkeep
|turn|11
|
|t:|1750709172
|move|p1a: Regieleki|Thunderbolt|p2b: Flamigo|[miss]
|-miss|p1a: Regieleki|p2b: Flamigo
|move|p2b: Flamigo|Close Combat|p1a: Regieleki
|-damage|p1a: Regieleki|0 fnt
|-unboost|p2b: Flamigo|def|1
|-unboost|p2b: Flamigo|spd|1
|faint|p1a: Regieleki
|-damage|p2b: Flamigo|81/100|[from] item: Life Orb
|move|p1b: Incineroar|Parting Shot|p2b: Flamigo|[miss]
|-miss|p1b: Incineroar|p2b: Flamigo
|move|p2a: Muk|Drain Punch|p1b: Incineroar
|-supereffective|p1b: Incineroar
|-damage|p1b: Incineroar|0 fnt
|-heal|p2a: Muk|70/100 brn|[from] drain|[of] p1b: Incineroar
|faint|p1b: Incineroar
|
|win|MrEbenPowerv2
