|j|☆grenwog
|j|☆fde3
|t:|1750744580
|gametype|doubles
|player|p1|grenwog|266|1264
|player|p2|fde3|101|1206
|teamsize|p1|6
|teamsize|p2|6
|gen|9
|tier|[Gen 9] VGC 2025 Reg I
|rated|
|rule|Species Clause: Limit one of each Pokémon
|rule|Item Clause: Limit 1 of each item
|clearpoke
|poke|p1|Revavroom, L50, M|
|poke|p1|Calyrex-Ice, L50|
|poke|p1|Miraidon, L50|
|poke|p1|Oranguru, L50, F|
|poke|p1|Incineroar, L50, M|
|poke|p1|Whimsicott, L50, F|
|poke|p2|Zamazenta-*, L50|
|poke|p2|Miraidon, L50|
|poke|p2|Chien-Pao, L50|
|poke|p2|Grimmsnarl, L50, M|
|poke|p2|Iron Hands, L50|
|poke|p2|Volcarona, L50, F|
|teampreview|4
|inactive|Battle timer is ON: inactive players will automatically lose when time's up. (requested by grenwog)
|inactive|grenwog has 60 seconds left.
|
|t:|1750744629
|start
|switch|p1a: Incineroar|Incineroar, L50, M|100/100
|switch|p1b: Revavroom|Revavroom, L50, M|100/100
|switch|p2a: Miraidon|Miraidon, L50|100/100
|switch|p2b: Iron Hands|Iron Hands, L50|100/100
|-fieldstart|move: Electric Terrain|[from] ability: Hadron Engine|[of] p2a: Miraidon
|-activate|p2b: Iron Hands|ability: Quark Drive
|-start|p2b: Iron Hands|quarkdriveatk
|-ability|p1a: Incineroar|Intimidate|boost
|-unboost|p2a: Miraidon|atk|1
|-unboost|p2b: Iron Hands|atk|1
|turn|1
|
|t:|1750744638
|move|p2b: Iron Hands|Fake Out|p1a: Incineroar
|-damage|p1a: Incineroar|88/100
|cant|p1a: Incineroar|flinch
|move|p2a: Miraidon|Electro Drift|p1b: Revavroom
|-damage|p1b: Revavroom|0 fnt
|faint|p1b: Revavroom
|
|upkeep
|
|t:|1750744641
|switch|p1b: Calyrex|Calyrex-Ice, L50|100/100
|-ability|p1b: Calyrex|As One
|-ability|p1b: Calyrex|Unnerve
|turn|2
|inactive|fde3 has 30 seconds left.
|
|t:|1750744674
|-terastallize|p2a: Miraidon|Fairy
|-terastallize|p1b: Calyrex|Ground
|move|p2a: Miraidon|Electro Drift|p1b: Calyrex
|-immune|p1b: Calyrex
|move|p2b: Iron Hands|Low Kick|p1a: Incineroar
|-supereffective|p1a: Incineroar
|-damage|p1a: Incineroar|8/100
|move|p1a: Incineroar|U-turn|p2b: Iron Hands
|-resisted|p2b: Iron Hands
|-damage|p2b: Iron Hands|93/100
|
|t:|1750744687
|switch|p1a: Oranguru|Oranguru, L50, F|100/100|[from] U-turn
|move|p1b: Calyrex|High Horsepower|p2b: Iron Hands
|-supereffective|p2b: Iron Hands
|-damage|p2b: Iron Hands|0 fnt
|faint|p2b: Iron Hands
|-end|p2b: Iron Hands|Quark Drive|[silent]
|-ability|p1b: Calyrex|Chilling Neigh|boost
|-boost|p1b: Calyrex|atk|1
|
|upkeep
|
|t:|1750744695
|switch|p2b: Chien-Pao|Chien-Pao, L50|100/100
|-ability|p2b: Chien-Pao|Sword of Ruin
|turn|3
|
|t:|1750744703
|move|p1b: Calyrex|Protect|p1b: Calyrex
|-singleturn|p1b: Calyrex|Protect
|move|p2a: Miraidon|Electro Drift|p1a: Oranguru
|-damage|p1a: Oranguru|0 fnt
|faint|p1a: Oranguru
|move|p2b: Chien-Pao|Icicle Crash|p1b: Calyrex
|-activate|p1b: Calyrex|move: Protect
|
|upkeep
|
|t:|1750744705
|switch|p1a: Incineroar|Incineroar, L50, M|8/100
|-ability|p1a: Incineroar|Intimidate|boost
|-unboost|p2a: Miraidon|atk|1
|-unboost|p2b: Chien-Pao|atk|1
|turn|4
|
|t:|1750744713
|move|p1a: Incineroar|Fake Out|p2b: Chien-Pao
|-damage|p2b: Chien-Pao|84/100
|move|p2a: Miraidon|Electro Drift|p1a: Incineroar
|-damage|p1a: Incineroar|0 fnt
|faint|p1a: Incineroar
|cant|p2b: Chien-Pao|flinch
|move|p1b: Calyrex|Trick Room|p1b: Calyrex
|-fieldstart|move: Trick Room|[of] p1b: Calyrex
|
|upkeep
|turn|5
|
|t:|1750744724
|switch|p2a: Zamazenta|Zamazenta-Crowned, L50|100/100
|-ability|p2a: Zamazenta|Dauntless Shield|boost
|-boost|p2a: Zamazenta|def|1
|move|p2b: Chien-Pao|Protect|p2b: Chien-Pao
|-singleturn|p2b: Chien-Pao|Protect
|move|p1b: Calyrex|High Horsepower|p2b: Chien-Pao
|-activate|p2b: Chien-Pao|move: Protect
|
|-fieldend|move: Electric Terrain
|upkeep
|turn|6
|
|t:|1750744748
|switch|p2b: Miraidon|Miraidon, L50, tera:Fairy|100/100
|-fieldstart|move: Electric Terrain|[from] ability: Hadron Engine|[of] p2b: Miraidon
|move|p2a: Zamazenta|Protect|p2a: Zamazenta
|-singleturn|p2a: Zamazenta|Protect
|move|p1b: Calyrex|High Horsepower|p2b: Miraidon
|-damage|p2b: Miraidon|10/100
|
|upkeep
|turn|7
|
|t:|1750744769
|move|p1b: Calyrex|High Horsepower|p2b: Miraidon
|-damage|p2b: Miraidon|0 fnt
|faint|p2b: Miraidon
|-ability|p1b: Calyrex|Chilling Neigh|boost
|-boost|p1b: Calyrex|atk|1
|move|p2a: Zamazenta|Body Press|p1b: Calyrex
|-damage|p1b: Calyrex|52/100
|
|upkeep
|
|t:|1750744771
|switch|p2b: Chien-Pao|Chien-Pao, L50|84/100
|-ability|p2b: Chien-Pao|Sword of Ruin
|turn|8
|
|t:|1750744780
|move|p2a: Zamazenta|Protect|p2a: Zamazenta
|-singleturn|p2a: Zamazenta|Protect
|move|p2b: Chien-Pao|Protect|p2b: Chien-Pao
|-singleturn|p2b: Chien-Pao|Protect
|move|p1b: Calyrex|Glacial Lance|p2a: Zamazenta|[spread] 
|-activate|p2a: Zamazenta|move: Protect
|-activate|p2b: Chien-Pao|move: Protect
|
|-fieldend|move: Trick Room
|upkeep
|turn|9
|
|t:|1750744789
|move|p1b: Calyrex|Protect|p1b: Calyrex
|-singleturn|p1b: Calyrex|Protect
|move|p2b: Chien-Pao|Crunch|p1b: Calyrex
|-activate|p1b: Calyrex|move: Protect
|move|p2a: Zamazenta|Body Press|p1b: Calyrex
|-activate|p1b: Calyrex|move: Protect
|
|upkeep
|turn|10
|
|t:|1750744796
|move|p2b: Chien-Pao|Crunch|p1b: Calyrex
|-damage|p1b: Calyrex|14/100
|-unboost|p1b: Calyrex|def|1
|move|p2a: Zamazenta|Body Press|p1b: Calyrex
|-damage|p1b: Calyrex|0 fnt
|faint|p1b: Calyrex
|
|win|fde3
|raw|grenwog's rating: 1264 &rarr; <strong>1235</strong><br />(-29 for losing)
|raw|fde3's rating: 1206 &rarr; <strong>1235</strong><br />(+29 for winning)
|l|☆grenwog
|player|p1|
|l|☆fde3
|player|p2|
