|j|☆moonloved
|j|☆ilianoman¹¹
|t:|1750847157
|gametype|doubles
|player|p1|moonloved|2|1105
|player|p2|ilianoman¹¹|wallace|1110
|teamsize|p1|6
|teamsize|p2|6
|gen|9
|tier|[Gen 9] VGC 2025 Reg I
|rated|
|rule|Species Clause: Limit one of each Pokémon
|rule|Item Clause: Limit 1 of each item
|clearpoke
|poke|p1|Calyrex-Ice, L50|
|poke|p1|Indeedee-F, L50, F|
|poke|p1|Torkoal, L50, F|
|poke|p1|Urshifu-*, L50, M|
|poke|p1|Smeargle, L50, M|
|poke|p1|Necrozma-Dusk-Mane, L50|
|poke|p2|Cresselia, L50, F|
|poke|p2|Rhyperior, L50, F|
|poke|p2|Zamazenta-*, L50|
|poke|p2|Flutter Mane, L50|
|poke|p2|Amoonguss, L50, M|
|poke|p2|Kyogre, L50|
|teampreview|4
|inactive|Battle timer is ON: inactive players will automatically lose when time's up. (requested by ilianoman¹¹)
|inactive|ilianoman¹¹ has 60 seconds left.
|
|t:|1750847190
|start
|switch|p1a: Calyrex|Calyrex-Ice, L50|100/100
|switch|p1b: Indeedee|Indeedee-F, L50, F|100/100
|switch|p2a: Kyogre|Kyogre, L50|100/100
|switch|p2b: Zamazenta|Zamazenta-Crowned, L50|100/100
|-ability|p1a: Calyrex|As One
|-ability|p1a: Calyrex|Unnerve
|-weather|RainDance|[from] ability: Drizzle|[of] p2a: Kyogre
|-ability|p2b: Zamazenta|Dauntless Shield|boost
|-boost|p2b: Zamazenta|def|1
|-fieldstart|move: Psychic Terrain|[from] ability: Psychic Surge|[of] p1b: Indeedee
|turn|1
|
|t:|1750847214
|move|p1b: Indeedee|Follow Me|p1b: Indeedee
|-singleturn|p1b: Indeedee|move: Follow Me
|move|p2a: Kyogre|Water Spout|p1a: Calyrex|[spread] p1a,p1b
|-damage|p1a: Calyrex|29/100
|-damage|p1b: Indeedee|34/100
|move|p2b: Zamazenta|Body Press|p1b: Indeedee
|-damage|p1b: Indeedee|0 fnt
|-damage|p2b: Zamazenta|84/100|[from] item: Rocky Helmet|[of] p1b: Indeedee
|faint|p1b: Indeedee
|move|p1a: Calyrex|Trick Room|p1a: Calyrex
|-fieldstart|move: Trick Room|[of] p1a: Calyrex
|
|-weather|RainDance|[upkeep]
|upkeep
|
|t:|1750847226
|switch|p1b: Torkoal|Torkoal, L50, F|100/100
|-weather|SunnyDay|[from] ability: Drought|[of] p1b: Torkoal
|turn|2
|
|t:|1750847247
|switch|p2a: Amoonguss|Amoonguss, L50, M|100/100
|-terastallize|p1b: Torkoal|Fire
|move|p2b: Zamazenta|Wide Guard|p2b: Zamazenta
|-singleturn|p2b: Zamazenta|Wide Guard
|move|p1b: Torkoal|Eruption|p2a: Amoonguss|[spread] 
|-activate|p2a: Amoonguss|move: Wide Guard
|-activate|p2b: Zamazenta|move: Wide Guard
|move|p1a: Calyrex|Glacial Lance|p2b: Zamazenta|[spread] 
|-activate|p2a: Amoonguss|move: Wide Guard
|-activate|p2b: Zamazenta|move: Wide Guard
|
|-weather|SunnyDay|[upkeep]
|upkeep
|turn|3
|
|t:|1750847268
|switch|p2a: Kyogre|Kyogre, L50|100/100
|-weather|RainDance|[from] ability: Drizzle|[of] p2a: Kyogre
|move|p2b: Zamazenta|Wide Guard|p2b: Zamazenta
|-singleturn|p2b: Zamazenta|Wide Guard
|move|p1b: Torkoal|Eruption|p2b: Zamazenta|[spread] 
|-activate|p2a: Kyogre|move: Wide Guard
|-activate|p2b: Zamazenta|move: Wide Guard
|move|p1a: Calyrex|Glacial Lance|p2b: Zamazenta|[spread] 
|-activate|p2a: Kyogre|move: Wide Guard
|-activate|p2b: Zamazenta|move: Wide Guard
|
|-weather|RainDance|[upkeep]
|upkeep
|turn|4
|
|t:|1750847291
|move|p2b: Zamazenta|Wide Guard|p2b: Zamazenta
|-singleturn|p2b: Zamazenta|Wide Guard
|move|p1b: Torkoal|Eruption|p2a: Kyogre|[spread] 
|-activate|p2a: Kyogre|move: Wide Guard
|-activate|p2b: Zamazenta|move: Wide Guard
|move|p1a: Calyrex|Glacial Lance|p2a: Kyogre|[spread] 
|-activate|p2a: Kyogre|move: Wide Guard
|-activate|p2b: Zamazenta|move: Wide Guard
|move|p2a: Kyogre|Origin Pulse|p1b: Torkoal|[spread] p1a,p1b
|-supereffective|p1b: Torkoal
|-damage|p1a: Calyrex|0 fnt
|-damage|p1b: Torkoal|0 fnt
|faint|p1a: Calyrex
|faint|p1b: Torkoal
|
|-weather|RainDance|[upkeep]
|upkeep
|
|t:|1750847309
|switch|p1b: Necrozma|Necrozma-Dusk-Mane, L50|100/100
|turn|5
|-message|moonloved forfeited.
|
|win|ilianoman¹¹
|raw|moonloved's rating: 1105 &rarr; <strong>1080</strong><br />(-25 for losing)
|raw|ilianoman¹¹'s rating: 1110 &rarr; <strong>1135</strong><br />(+25 for winning)
|l|☆moonloved
|player|p1|
