|j|☆bapdabo
|j|☆MrDetail
|t:|1750815004
|gametype|doubles
|player|p1|bapdabo|hugh|1131
|player|p2|MrDetail|wattson|1127
|teamsize|p1|6
|teamsize|p2|6
|gen|9
|tier|[Gen 9] VGC 2025 Reg I
|rated|
|rule|Species Clause: Limit one of each Pokémon
|rule|Item Clause: Limit 1 of each item
|clearpoke
|poke|p1|Palafin, L50, M|
|poke|p1|Raichu, L50, M|
|poke|p1|Cramorant, L50, M|
|poke|p1|Zacian-*, L50|
|poke|p1|Lugia, L50|
|poke|p1|Bastiodon, L50, M|
|poke|p2|Groudon, L50|
|poke|p2|Ho-Oh, L50|
|poke|p2|Hydreigon, L50, F|
|poke|p2|Heatran, L50, M|
|poke|p2|Toxapex, L50, F|
|poke|p2|Farigiraf, L50, M|
|teampreview|4
bapdabo rejected open team sheets.
|
|t:|1750815055
|start
|switch|p1a: Palafin|Palafin, L50, M|100/100
|switch|p1b: Cramorant|Cramorant, L50, M, shiny|100/100
|switch|p2a: Heatran|Heatran, L50, M|100/100
|switch|p2b: Ho-Oh|Ho-Oh, L50|100/100
|turn|1
|
|t:|1750815084
|switch|p2b: Groudon|Groudon, L50|100/100
|-weather|SunnyDay|[from] ability: Drought|[of] p2b: Groudon
|detailschange|p1a: Palafin|Palafin-Hero, L50, M
|switch|p1a: Lugia|Lugia, L50|100/100
|move|p1b: Cramorant|Dive||[still]
|-formechange|p1b: Cramorant|Cramorant-Gulping|
|-prepare|p1b: Cramorant|Dive
|move|p2a: Heatran|Stealth Rock|p1b: Cramorant
|-sidestart|p1: bapdabo|move: Stealth Rock
|
|-weather|SunnyDay|[upkeep]
|upkeep
|turn|2
|
|t:|1750815124
|-terastallize|p2b: Groudon|Fairy
|move|p2a: Heatran|Protect|p2a: Heatran
|-singleturn|p2a: Heatran|Protect
|move|p1b: Cramorant|Dive|p2a: Heatran|[from] lockedmove
|-activate|p2a: Heatran|move: Protect
|move|p1a: Lugia|Earth Power|p2a: Heatran
|-activate|p2a: Heatran|move: Protect
|move|p2b: Groudon|Heat Crash|p1a: Lugia
|-damage|p1a: Lugia|78/100
|
|-weather|SunnyDay|[upkeep]
|upkeep
|turn|3
|
|t:|1750815144
|switch|p2a: Ho-Oh|Ho-Oh, L50|100/100
|move|p1b: Cramorant|Dive||[still]
|-prepare|p1b: Cramorant|Dive
|move|p1a: Lugia|Recover|p1a: Lugia
|-heal|p1a: Lugia|100/100
|move|p2b: Groudon|Tera Blast|p1a: Lugia|[anim] Tera Blast Fairy
|-damage|p1a: Lugia|82/100
|
|-weather|SunnyDay|[upkeep]
|upkeep
|turn|4
|
|t:|1750815166
|move|p1b: Cramorant|Dive|p2b: Groudon|[from] lockedmove
|-damage|p2b: Groudon|90/100
|move|p1a: Lugia|Calm Mind|p1a: Lugia
|-boost|p1a: Lugia|spa|1
|-boost|p1a: Lugia|spd|1
|move|p2a: Ho-Oh|Brave Bird|p1a: Lugia
|-damage|p1a: Lugia|32/100
|-damage|p2a: Ho-Oh|84/100|[from] Recoil
|move|p2b: Groudon|Tera Blast|p1a: Lugia|[anim] Tera Blast Fairy
|-damage|p1a: Lugia|0 fnt
|faint|p1a: Lugia
|
|-weather|SunnyDay|[upkeep]
|-heal|p2a: Ho-Oh|90/100|[from] item: Leftovers
|upkeep
|
|t:|1750815181
|switch|p1a: Zacian|Zacian-Crowned, L50|100/100
|-damage|p1a: Zacian|95/100|[from] Stealth Rock
|-ability|p1a: Zacian|Intrepid Sword|boost
|-boost|p1a: Zacian|atk|1
|turn|5
|
|t:|1750815199
|switch|p2b: Toxapex|Toxapex, L50, F|100/100
|move|p1a: Zacian|Protect|p1a: Zacian
|-singleturn|p1a: Zacian|Protect
|move|p1b: Cramorant|Dive||[still]
|-prepare|p1b: Cramorant|Dive
|move|p2a: Ho-Oh|Whirlwind|p1a: Zacian
|drag|p1a: Palafin|Palafin-Hero, L50, M|100/100
|-damage|p1a: Palafin|88/100|[from] Stealth Rock
|-activate|p1a: Palafin|ability: Zero to Hero
|
|-weather|none
|-heal|p2a: Ho-Oh|95/100|[from] item: Leftovers
|upkeep
|turn|6
|
|t:|1750815219
|move|p2a: Ho-Oh|Protect|p2a: Ho-Oh
|-singleturn|p2a: Ho-Oh|Protect
|move|p1b: Cramorant|Dive|p2a: Ho-Oh|[from] lockedmove
|-activate|p2a: Ho-Oh|move: Protect
|move|p1a: Palafin|Flip Turn|p2a: Ho-Oh
|-activate|p2a: Ho-Oh|move: Protect
|move|p2b: Toxapex|Toxic|p1b: Cramorant
|-status|p1b: Cramorant|tox
|
|-heal|p2a: Ho-Oh|100/100|[from] item: Leftovers
|-damage|p1b: Cramorant|94/100 tox|[from] psn
|upkeep
|turn|7
|
|t:|1750815252
|switch|p2b: Groudon|Groudon, L50, tera:Fairy|90/100
|-weather|SunnyDay|[from] ability: Drought|[of] p2b: Groudon
|move|p1b: Cramorant|Dive||[still]
|-prepare|p1b: Cramorant|Dive
|move|p2a: Ho-Oh|Sacred Fire|p1a: Palafin
|-resisted|p1a: Palafin
|-damage|p1a: Palafin|47/100
|-status|p1a: Palafin|brn
|move|p1a: Palafin|Flip Turn|p2a: Ho-Oh
|-supereffective|p2a: Ho-Oh
|-damage|p2a: Ho-Oh|74/100
|
|t:|1750815264
|switch|p1a: Zacian|Zacian-Crowned, L50|95/100|[from] Flip Turn
|-damage|p1a: Zacian|89/100|[from] Stealth Rock
|
|-weather|SunnyDay|[upkeep]
|-heal|p2a: Ho-Oh|80/100|[from] item: Leftovers
|-damage|p1b: Cramorant|82/100 tox|[from] psn
|upkeep
|turn|8
|
|t:|1750815277
|move|p2a: Ho-Oh|Protect|p2a: Ho-Oh
|-singleturn|p2a: Ho-Oh|Protect
|move|p1b: Cramorant|Dive|p2b: Groudon|[from] lockedmove
|-damage|p2b: Groudon|80/100
|move|p1a: Zacian|Behemoth Blade|p2b: Groudon
|-supereffective|p2b: Groudon
|-damage|p2b: Groudon|0 fnt
|faint|p2b: Groudon
|
|-weather|SunnyDay|[upkeep]
|-heal|p2a: Ho-Oh|85/100|[from] item: Leftovers
|-damage|p1b: Cramorant|64/100 tox|[from] psn
|upkeep
|
|t:|1750815296
|switch|p2b: Heatran|Heatran, L50, M|100/100
|turn|9
|
|t:|1750815308
|move|p1a: Zacian|Protect|p1a: Zacian
|-singleturn|p1a: Zacian|Protect
|move|p1b: Cramorant|Dive||[still]
|-prepare|p1b: Cramorant|Dive
|move|p2a: Ho-Oh|Sacred Fire|p1a: Zacian
|-activate|p1a: Zacian|move: Protect
|move|p2b: Heatran|Burning Jealousy|p1b: Cramorant|[spread] 
|-miss|p2b: Heatran|p1b: Cramorant
|-activate|p1a: Zacian|move: Protect
|
|-weather|SunnyDay|[upkeep]
|-heal|p2a: Ho-Oh|91/100|[from] item: Leftovers
|-damage|p1b: Cramorant|39/100 tox|[from] psn
|upkeep
|turn|10
|
|t:|1750815326
|switch|p1a: Palafin|Palafin-Hero, L50, M|47/100 brn
|-damage|p1a: Palafin|35/100 brn|[from] Stealth Rock
|move|p1b: Cramorant|Dive|p2a: Ho-Oh|[from] lockedmove
|-supereffective|p2a: Ho-Oh
|-damage|p2a: Ho-Oh|63/100
|move|p2a: Ho-Oh|Sacred Fire|p1a: Palafin
|-resisted|p1a: Palafin
|-crit|p1a: Palafin
|-damage|p1a: Palafin|0 fnt
|faint|p1a: Palafin
|move|p2b: Heatran|Burning Jealousy|p1b: Cramorant
|-resisted|p1b: Cramorant
|-damage|p1b: Cramorant|9/100 tox
|-damage|p2b: Heatran|75/100|[from] ability: Gulp Missile|[of] p1b: Cramorant
|-unboost|p2b: Heatran|def|1
|-formechange|p1b: Cramorant|Cramorant|
|
|-weather|SunnyDay|[upkeep]
|-heal|p2a: Ho-Oh|69/100|[from] item: Leftovers
|-damage|p1b: Cramorant|0 fnt|[from] psn
|faint|p1b: Cramorant
|upkeep
|
|t:|1750815362
|switch|p1a: Zacian|Zacian-Crowned, L50|89/100
|-damage|p1a: Zacian|83/100|[from] Stealth Rock
|turn|11
|
|t:|1750815376
|switch|p2b: Toxapex|Toxapex, L50, F|100/100
|move|p1a: Zacian|Protect|p1a: Zacian
|-singleturn|p1a: Zacian|Protect
|move|p2a: Ho-Oh|Sacred Fire|p1a: Zacian
|-activate|p1a: Zacian|move: Protect
|
|-weather|none
|-heal|p2a: Ho-Oh|74/100|[from] item: Leftovers
|upkeep
|turn|12
|
|t:|1750815398
|-terastallize|p1a: Zacian|Fairy
|move|p2b: Toxapex|Baneful Bunker|p2b: Toxapex
|-singleturn|p2b: Toxapex|move: Protect
|move|p1a: Zacian|Play Rough|p2a: Ho-Oh
|-resisted|p2a: Ho-Oh
|-damage|p2a: Ho-Oh|44/100
|move|p2a: Ho-Oh|Sacred Fire|p1a: Zacian
|-crit|p1a: Zacian
|-damage|p1a: Zacian|0 fnt
|faint|p1a: Zacian
|
|win|MrDetail
|raw|bapdabo's rating: 1131 &rarr; <strong>1106</strong><br />(-25 for losing)
|raw|MrDetail's rating: 1127 &rarr; <strong>1152</strong><br />(+25 for winning)
|l|☆MrDetail
|player|p2|
|l|☆bapdabo
|player|p1|
