|j|☆Memlonnn
|j|☆funnylion
|t:|1750710694
|gametype|doubles
|player|p1|Memlonnn|clerkf|1137
|player|p2|funnylion|2|1189
|teamsize|p1|6
|teamsize|p2|6
|gen|9
|tier|[Gen 9] VGC 2025 Reg I
|rated|
|rule|Species Clause: Limit one of each Pokémon
|rule|Item Clause: Limit 1 of each item
|clearpoke
|poke|p1|Clefairy, L50, F|
|poke|p1|Calyrex-Ice, L50|
|poke|p1|Chandelure, L50, M|
|poke|p1|Kyogre, L50|
|poke|p1|Archaludon, L50, M|
|poke|p1|Incineroar, L50, M|
|poke|p2|Lunala, L50|
|poke|p2|Koraidon, L50|
|poke|p2|Ditto, L50|
|poke|p2|Jumpluff, L50, M|
|poke|p2|Incineroar, L50, M|
|poke|p2|Ursaluna, L50, M|
|teampreview|4
|inactive|Battle timer is ON: inactive players will automatically lose when time's up. (requested by funnylion)
funnylion has agreed to open team sheets.
|
|t:|1750710711
|start
|switch|p1a: Ballin|Incineroar, L50, M, shiny|100/100
|switch|p1b: Ado|Chandelure, L50, M, shiny|100/100
|switch|p2a: Big Justice|Incineroar, L50, M|100/100
|switch|p2b: Rakko|Jumpluff, L50, M, shiny|100/100
|-ability|p2a: Big Justice|Intimidate|boost
|-unboost|p1a: Ballin|atk|1
|-unboost|p1b: Ado|atk|1
|-ability|p1a: Ballin|Intimidate|boost
|-unboost|p2a: Big Justice|atk|1
|-unboost|p2b: Rakko|atk|1
|turn|1
|
|t:|1750710734
|-terastallize|p2a: Big Justice|Ghost
|move|p2b: Rakko|Tailwind|p2b: Rakko
|-sidestart|p2: funnylion|move: Tailwind
|move|p2a: Big Justice|Knock Off|p1b: Ado
|-supereffective|p1b: Ado
|-damage|p1b: Ado|37/100
|-enditem|p1b: Ado|Room Service|[from] move: Knock Off|[of] p2a: Big Justice
|move|p1a: Ballin|Flare Blitz|p2b: Rakko
|-supereffective|p2b: Rakko
|-damage|p2b: Rakko|13/100
|-damage|p1a: Ballin|75/100|[from] Recoil
|move|p1b: Ado|Trick Room|p1b: Ado
|-fieldstart|move: Trick Room|[of] p1b: Ado
|
|upkeep
|turn|2
|inactive|Memlonnn has 30 seconds left.
|
|t:|1750710763
|move|p2b: Rakko|Rage Powder|p2b: Rakko
|-singleturn|p2b: Rakko|move: Rage Powder
|move|p1a: Ballin|Knock Off|p2a: Big Justice
|-supereffective|p2a: Big Justice
|-damage|p2a: Big Justice|58/100
|-enditem|p2a: Big Justice|Safety Goggles|[from] move: Knock Off|[of] p1a: Ballin
|move|p1b: Ado|Shadow Ball|p2b: Rakko
|-damage|p2b: Rakko|0 fnt
|faint|p2b: Rakko
|move|p2a: Big Justice|Knock Off|p1b: Ado
|-supereffective|p1b: Ado
|-damage|p1b: Ado|0 fnt
|faint|p1b: Ado
|
|upkeep
|
|t:|1750710777
|switch|p1b: Poke|Calyrex-Ice, L50|100/100
|switch|p2b: Momonga|Lunala, L50|100/100
|-ability|p1b: Poke|As One
|-ability|p1b: Poke|Unnerve
|turn|3
|
|t:|1750710788
|move|p2b: Momonga|Wide Guard|p2b: Momonga
|-singleturn|p2b: Momonga|Wide Guard
|move|p1b: Poke|Glacial Lance|p2a: Big Justice|[spread] 
|-activate|p2a: Big Justice|move: Wide Guard
|-activate|p2b: Momonga|move: Wide Guard
|move|p1a: Ballin|Knock Off|p2b: Momonga
|-supereffective|p2b: Momonga
|-damage|p2b: Momonga|63/100
|-enditem|p2b: Momonga|Power Herb|[from] move: Knock Off|[of] p1a: Ballin
|move|p2a: Big Justice|Flare Blitz|p1b: Poke
|-supereffective|p1b: Poke
|-damage|p1b: Poke|63/100
|-damage|p2a: Big Justice|45/100|[from] Recoil
|
|upkeep
|turn|4
|inactive|Memlonnn has 30 seconds left.
|inactive|funnylion has 30 seconds left.
|
|t:|1750710817
|switch|p2b: Big Boom AJ|Koraidon, L50|100/100
|-weather|SunnyDay|[from] ability: Orichalcum Pulse|[of] p2b: Big Boom AJ
|-activate|p2b: Big Boom AJ|Orichalcum Pulse|[source]
|move|p1b: Poke|High Horsepower|p2a: Big Justice
|-damage|p2a: Big Justice|1/100
|-damage|p1b: Poke|53/100|[from] item: Life Orb
|move|p1a: Ballin|Parting Shot|p2b: Big Boom AJ
|-unboost|p2b: Big Boom AJ|atk|1
|-unboost|p2b: Big Boom AJ|spa|1
|
|t:|1750710829
|switch|p1a: Highlighter|Clefairy, L50, F, shiny|100/100|[from] Parting Shot
|move|p2a: Big Justice|Knock Off|p1b: Poke
|-supereffective|p1b: Poke
|-damage|p1b: Poke|29/100
|-enditem|p1b: Poke|Life Orb|[from] move: Knock Off|[of] p2a: Big Justice
|
|-weather|SunnyDay|[upkeep]
|-sideend|p2: funnylion|move: Tailwind
|upkeep
|turn|5
|
|t:|1750710848
|switch|p2b: Momonga|Lunala, L50|63/100
|-terastallize|p1b: Poke|Ground
|move|p1a: Highlighter|Follow Me|p1a: Highlighter
|-singleturn|p1a: Highlighter|move: Follow Me
|move|p1b: Poke|Glacial Lance|p2b: Momonga|[spread] p2a,p2b
|-damage|p2a: Big Justice|0 fnt
|-damage|p2b: Momonga|12/100
|faint|p2a: Big Justice
|-ability|p1b: Poke|Chilling Neigh|boost
|-boost|p1b: Poke|atk|1
|
|-weather|SunnyDay|[upkeep]
|-fieldend|move: Trick Room
|upkeep
|
|t:|1750710855
|switch|p2a: Big Boom AJ|Koraidon, L50|100/100
|-activate|p2a: Big Boom AJ|ability: Orichalcum Pulse
|turn|6
|
|t:|1750710875
|move|p1a: Highlighter|Follow Me|p1a: Highlighter
|-singleturn|p1a: Highlighter|move: Follow Me
|move|p2a: Big Boom AJ|Flare Blitz|p1a: Highlighter
|-damage|p1a: Highlighter|0 fnt
|faint|p1a: Highlighter
|-damage|p2a: Big Boom AJ|68/100|[from] Recoil
|-damage|p2a: Big Boom AJ|58/100|[from] item: Life Orb
|move|p2b: Momonga|Meteor Beam||[still]
|-prepare|p2b: Momonga|Meteor Beam
|-boost|p2b: Momonga|spa|1
|move|p1b: Poke|Glacial Lance|p2a: Big Boom AJ|[spread] p2a,p2b
|-supereffective|p2a: Big Boom AJ
|-damage|p2a: Big Boom AJ|0 fnt
|-damage|p2b: Momonga|0 fnt
|faint|p2a: Big Boom AJ
|faint|p2b: Momonga
|
|win|Memlonnn
|raw|Memlonnn's rating: 1137 &rarr; <strong>1166</strong><br />(+29 for winning)
|raw|funnylion's rating: 1189 &rarr; <strong>1160</strong><br />(-29 for losing)
|l|☆funnylion
|player|p2|
