|j|☆tigersharkzyr
|j|☆CongMinh
|t:|1750752291
|gametype|doubles
|player|p1|tigersharkzyr|emmet|1218
|player|p2|CongMinh|265|1245
|teamsize|p1|6
|teamsize|p2|6
|gen|9
|tier|[Gen 9] VGC 2025 Reg I
|rated|
|rule|Species Clause: Limit one of each Pokémon
|rule|Item Clause: Limit 1 of each item
|clearpoke
|poke|p1|Koraidon, L50|
|poke|p1|Weezing-Galar, L50, F|
|poke|p1|Calyrex-Shadow, L50|
|poke|p1|Dondozo, L50, F|
|poke|p1|Tatsugiri, L50, M|
|poke|p1|Indeedee-F, L50, F|
|poke|p2|Rayquaza, L50|
|poke|p2|Incineroar, L50, M|
|poke|p2|Calyrex-Shadow, L50|
|poke|p2|Weezing, L50, M|
|poke|p2|Chien-Pao, L50|
|poke|p2|Volcarona, L50, M|
|teampreview|4
|inactive|Battle timer is ON: inactive players will automatically lose when time's up. (requested by CongMinh)
|
|t:|1750752320
|start
|switch|p1a: Calyrex|Calyrex-Shadow, L50|100/100
|switch|p1b: Weezing|Weezing-Galar, L50, F|100/100
|switch|p2a: Rayquaza|Rayquaza, L50, shiny|100/100
|switch|p2b: Incineroar|Incineroar, L50, M, shiny|100/100
|-ability|p1b: Weezing|Neutralizing Gas
|-ability|p1a: Calyrex|As One
|-ability|p1a: Calyrex|Unnerve
|turn|1
|
|t:|1750752338
|move|p2a: Rayquaza|Protect|p2a: Rayquaza
|-singleturn|p2a: Rayquaza|Protect
|move|p1a: Calyrex|Astral Barrage|p2a: Rayquaza|[spread] p2b
|-activate|p2a: Rayquaza|move: Protect
|-resisted|p2b: Incineroar
|-damage|p2b: Incineroar|83/100
|move|p1b: Weezing|Poison Gas|p2a: Rayquaza|[spread] p2b
|-activate|p2a: Rayquaza|move: Protect
|-status|p2b: Incineroar|psn
|move|p2b: Incineroar|Knock Off|p1a: Calyrex
|-supereffective|p1a: Calyrex
|-crit|p1a: Calyrex
|-enditem|p1a: Calyrex|Focus Sash
|-damage|p1a: Calyrex|1/100
|
|-damage|p2b: Incineroar|70/100 psn|[from] psn
|upkeep
|turn|2
|
|t:|1750752358
|-terastallize|p2a: Rayquaza|Normal
|move|p1a: Calyrex|Astral Barrage|p2b: Incineroar|[spread] p2b
|-immune|p2a: Rayquaza
|-resisted|p2b: Incineroar
|-damage|p2b: Incineroar|52/100 psn
|move|p2a: Rayquaza|Swords Dance|p2a: Rayquaza
|-boost|p2a: Rayquaza|atk|2
|move|p1b: Weezing|Play Rough|p2a: Rayquaza
|-damage|p2a: Rayquaza|68/100
|move|p2b: Incineroar|U-turn|p1a: Calyrex
|-damage|p1a: Calyrex|0 fnt
|faint|p1a: Calyrex
|
|t:|1750752368
|switch|p2b: Weezing|Weezing, L50, M, shiny|100/100|[from] U-turn
|-ability|p2b: Weezing|Neutralizing Gas
|
|upkeep
|
|t:|1750752376
|switch|p1a: Dondozo|Dondozo, L50, F|100/100
|turn|3
|
|t:|1750752384
|switch|p1b: Tatsugiri|Tatsugiri, L50, M|100/100
|move|p2a: Rayquaza|Extreme Speed|p1b: Tatsugiri
|-damage|p1b: Tatsugiri|0 fnt
|faint|p1b: Tatsugiri
|move|p2b: Weezing|Will-O-Wisp|p1a: Dondozo|[miss]
|-miss|p2b: Weezing|p1a: Dondozo
|move|p1a: Dondozo|Earthquake|p2b: Weezing|[spread] p2a,p2b
|-supereffective|p2b: Weezing
|-damage|p2a: Rayquaza|49/100
|-damage|p2b: Weezing|64/100
|
|upkeep
|
|t:|1750752396
|switch|p1b: Weezing|Weezing-Galar, L50, F|100/100
|-ability|p1b: Weezing|Neutralizing Gas
|turn|4
|
|t:|1750752405
|move|p1b: Weezing|Protect|p1b: Weezing
|-singleturn|p1b: Weezing|Protect
|move|p2a: Rayquaza|Extreme Speed|p1b: Weezing
|-activate|p1b: Weezing|move: Protect
|move|p2b: Weezing|Will-O-Wisp|p1a: Dondozo
|-status|p1a: Dondozo|brn
|move|p1a: Dondozo|Earthquake|p2b: Weezing|[spread] p2a,p2b
|-activate|p1b: Weezing|move: Protect
|-supereffective|p2b: Weezing
|-damage|p2a: Rayquaza|40/100
|-damage|p2b: Weezing|46/100
|-enditem|p2b: Weezing|Sitrus Berry|[eat]
|-heal|p2b: Weezing|71/100|[from] item: Sitrus Berry
|
|-damage|p1a: Dondozo|94/100 brn|[from] brn
|upkeep
|turn|5
|-message|tigersharkzyr forfeited.
|
|win|CongMinh
|raw|tigersharkzyr's rating: 1218 &rarr; <strong>1195</strong><br />(-23 for losing)
|raw|CongMinh's rating: 1245 &rarr; <strong>1268</strong><br />(+23 for winning)
|l|☆tigersharkzyr
|player|p1|
|l|☆CongMinh
|player|p2|
