|j|☆rafaellimite
|j|☆ptyago07
|t:|1750867121
|gametype|doubles
|player|p1|rafaellimite|n|1108
|player|p2|ptyago07|volkner|1211
|teamsize|p1|6
|teamsize|p2|6
|gen|9
|tier|[Gen 9] VGC 2025 Reg I
|rated|
|rule|Species Clause: Limit one of each Pokémon
|rule|Item Clause: Limit 1 of each item
|clearpoke
|poke|p1|Tornadus, L50, M|
|poke|p1|Kyogre, L50|
|poke|p1|Urshifu-*, L50, F|
|poke|p1|Zacian-*, L50|
|poke|p1|Amoonguss, L50, M|
|poke|p1|Rillaboom, L50, M|
|poke|p2|Entei, L50|
|poke|p2|Raikou, L50|
|poke|p2|Grimmsnarl, L50, M|
|poke|p2|Groudon, L50|
|poke|p2|Miraidon, L50|
|poke|p2|Incineroar, L50, M|
|teampreview|4
|inactive|Battle timer is ON: inactive players will automatically lose when time's up. (requested by ptyago07)
|
|t:|1750867158
|start
|switch|p1a: Kyogre|Kyogre, L50, shiny|100/100
|switch|p1b: Urshifu|Urshifu-Rapid-Strike, L50, F|100/100
|switch|p2a: Miraidon|Miraidon, L50|100/100
|switch|p2b: Raikou|Raikou, L50, shiny|100/100
|-fieldstart|move: Electric Terrain|[from] ability: Hadron Engine|[of] p2a: Miraidon
|-enditem|p2b: Raikou|Electric Seed
|-boost|p2b: Raikou|def|1|[from] item: Electric Seed
|-weather|RainDance|[from] ability: Drizzle|[of] p1a: Kyogre
|turn|1
|inactive|ptyago07 has 30 seconds left.
|
|t:|1750867185
|switch|p1a: Rillaboom|Rillaboom, L50, M, shiny|100/100
|-fieldstart|move: Grassy Terrain|[from] ability: Grassy Surge|[of] p1a: Rillaboom
|move|p2b: Raikou|Helping Hand|p2a: Miraidon
|-singleturn|p2a: Miraidon|Helping Hand|[of] p2b: Raikou
|move|p1b: Urshifu|Protect|p1b: Urshifu
|-singleturn|p1b: Urshifu|Protect
|move|p2a: Miraidon|Volt Switch|p1a: Rillaboom
|-resisted|p1a: Rillaboom
|-damage|p1a: Rillaboom|77/100
|
|t:|1750867198
|switch|p2a: Groudon|Groudon, L50, shiny|100/100|[from] Volt Switch
|-weather|SunnyDay|[from] ability: Drought|[of] p2a: Groudon
|
|-weather|SunnyDay|[upkeep]
|-heal|p1a: Rillaboom|83/100|[from] Grassy Terrain
|upkeep
|turn|2
|
|t:|1750867221
|switch|p1b: Kyogre|Kyogre, L50, shiny|100/100
|-weather|RainDance|[from] ability: Drizzle|[of] p1b: Kyogre
|switch|p2a: Incineroar|Incineroar, L50, M, shiny|100/100
|-ability|p2a: Incineroar|Intimidate|boost
|-unboost|p1a: Rillaboom|atk|1
|-unboost|p1b: Kyogre|atk|1
|move|p1a: Rillaboom|Fake Out|p2a: Incineroar
|-damage|p2a: Incineroar|91/100
|move|p2b: Raikou|Thunder Wave|p1b: Kyogre
|-status|p1b: Kyogre|par
|
|-weather|RainDance|[upkeep]
|-heal|p1a: Rillaboom|88/100|[from] Grassy Terrain
|-heal|p2a: Incineroar|97/100|[from] Grassy Terrain
|upkeep
|turn|3
|inactive|ptyago07 has 30 seconds left.
|
|t:|1750867253
|move|p2b: Raikou|Thunderbolt|p1a: Rillaboom
|-resisted|p1a: Rillaboom
|-damage|p1a: Rillaboom|76/100
|move|p1a: Rillaboom|U-turn|p2b: Raikou
|-damage|p2b: Raikou|90/100
|
|t:|1750867260
|switch|p1a: Urshifu|Urshifu-Rapid-Strike, L50, F|100/100|[from] U-turn
|move|p2a: Incineroar|U-turn|p1a: Urshifu
|-resisted|p1a: Urshifu
|-damage|p1a: Urshifu|92/100
|
|t:|1750867266
|switch|p2a: Groudon|Groudon, L50, shiny|100/100|[from] U-turn
|-weather|SunnyDay|[from] ability: Drought|[of] p2a: Groudon
|move|p1b: Kyogre|Water Spout|p2a: Groudon|[spread] p2a,p2b
|-supereffective|p2a: Groudon
|-crit|p2a: Groudon
|-damage|p2a: Groudon|27/100
|-damage|p2b: Raikou|64/100
|
|-weather|SunnyDay|[upkeep]
|-heal|p2b: Raikou|70/100|[from] Grassy Terrain
|-heal|p1a: Urshifu|98/100|[from] Grassy Terrain
|-heal|p2a: Groudon|33/100|[from] Grassy Terrain
|upkeep
|turn|4
|inactive|ptyago07 has 30 seconds left.
|inactive|rafaellimite has 30 seconds left.
|
|t:|1750867305
|switch|p2a: Miraidon|Miraidon, L50|100/100
|-fieldstart|move: Electric Terrain|[from] ability: Hadron Engine|[of] p2a: Miraidon
|switch|p1b: Amoonguss|Amoonguss, L50, M, shiny|100/100
|-terastallize|p2b: Raikou|Water
|move|p2b: Raikou|Electroweb|p1b: Amoonguss|[spread] p1a,p1b
|-supereffective|p1a: Urshifu
|-resisted|p1b: Amoonguss
|-damage|p1a: Urshifu|40/100
|-damage|p1b: Amoonguss|92/100
|-unboost|p1a: Urshifu|spe|1
|-unboost|p1b: Amoonguss|spe|1
|move|p1a: Urshifu|Surging Strikes|p2a: Miraidon
|-resisted|p2a: Miraidon
|-crit|p2a: Miraidon
|-damage|p2a: Miraidon|95/100
|-resisted|p2a: Miraidon
|-crit|p2a: Miraidon
|-damage|p2a: Miraidon|90/100
|-resisted|p2a: Miraidon
|-crit|p2a: Miraidon
|-damage|p2a: Miraidon|84/100
|-hitcount|p2a: Miraidon|3
|
|-weather|SunnyDay|[upkeep]
|upkeep
|turn|5
|inactive|ptyago07 has 30 seconds left.
|inactive|rafaellimite has 30 seconds left.
|
|t:|1750867335
|switch|p1a: Rillaboom|Rillaboom, L50, M, shiny|76/100
|-fieldstart|move: Grassy Terrain|[from] ability: Grassy Surge|[of] p1a: Rillaboom
|move|p1b: Amoonguss|Rage Powder|p1b: Amoonguss
|-singleturn|p1b: Amoonguss|move: Rage Powder
|move|p2a: Miraidon|Draco Meteor|p1b: Amoonguss
|-damage|p1b: Amoonguss|28/100
|-unboost|p2a: Miraidon|spa|2
|move|p2b: Raikou|Electroweb|p1b: Amoonguss|[spread] p1a,p1b
|-resisted|p1a: Rillaboom
|-crit|p1a: Rillaboom
|-resisted|p1b: Amoonguss
|-damage|p1a: Rillaboom|67/100
|-damage|p1b: Amoonguss|21/100
|-unboost|p1a: Rillaboom|spe|1
|-unboost|p1b: Amoonguss|spe|1
|
|-weather|SunnyDay|[upkeep]
|-heal|p2a: Miraidon|90/100|[from] Grassy Terrain
|-heal|p2b: Raikou|76/100|[from] Grassy Terrain
|-heal|p1a: Rillaboom|73/100|[from] Grassy Terrain
|-heal|p1b: Amoonguss|27/100|[from] Grassy Terrain
|upkeep
|turn|6
|inactive|ptyago07 has 30 seconds left.
|inactive|ptyago07 has 20 seconds left.
|inactive|ptyago07 has 15 seconds left.
|
|t:|1750867378
|switch|p2a: Incineroar|Incineroar, L50, M, shiny|97/100
|-ability|p2a: Incineroar|Intimidate|boost
|-unboost|p1a: Rillaboom|atk|1
|-unboost|p1b: Amoonguss|atk|1
|move|p1a: Rillaboom|Grassy Glide|p2b: Raikou
|-supereffective|p2b: Raikou
|-damage|p2b: Raikou|46/100
|move|p2b: Raikou|Thunderbolt|p1b: Amoonguss
|-resisted|p1b: Amoonguss
|-damage|p1b: Amoonguss|13/100
|move|p1b: Amoonguss|Pollen Puff|p1a: Rillaboom
|-heal|p1a: Rillaboom|100/100
|
|-weather|SunnyDay|[upkeep]
|-heal|p2b: Raikou|52/100|[from] Grassy Terrain
|-heal|p2a: Incineroar|100/100|[from] Grassy Terrain
|-heal|p1b: Amoonguss|19/100|[from] Grassy Terrain
|upkeep
|turn|7
|inactive|rafaellimite has 30 seconds left.
|inactive|ptyago07 has 30 seconds left.
|inactive|rafaellimite has 20 seconds left.
|inactive|ptyago07 has 20 seconds left.
|inactive|rafaellimite has 15 seconds left.
|inactive|ptyago07 has 15 seconds left.
|inactive|rafaellimite has 10 seconds left.
|
|t:|1750867426
|move|p1b: Amoonguss|Rage Powder|p1b: Amoonguss
|-singleturn|p1b: Amoonguss|move: Rage Powder
|move|p2b: Raikou|Thunderbolt|p1b: Amoonguss
|-resisted|p1b: Amoonguss
|-damage|p1b: Amoonguss|5/100
|move|p2a: Incineroar|U-turn|p1b: Amoonguss
|-damage|p1b: Amoonguss|0 fnt
|-damage|p2a: Incineroar|84/100|[from] item: Rocky Helmet|[of] p1b: Amoonguss
|faint|p1b: Amoonguss
|
|t:|1750867439
|switch|p2a: Miraidon|Miraidon, L50|90/100|[from] U-turn
|-fieldstart|move: Electric Terrain|[from] ability: Hadron Engine|[of] p2a: Miraidon
|move|p1a: Rillaboom|U-turn|p2b: Raikou
|-damage|p2b: Raikou|42/100
|
|t:|1750867449
|switch|p1a: Kyogre|Kyogre, L50, shiny|100/100 par|[from] U-turn
|-weather|RainDance|[from] ability: Drizzle|[of] p1a: Kyogre
|
|-weather|RainDance|[upkeep]
|upkeep
|
|t:|1750867453
|switch|p1b: Urshifu|Urshifu-Rapid-Strike, L50, F|40/100
|turn|8
|inactive|rafaellimite has 30 seconds left.
|
|t:|1750867483
|-terastallize|p1a: Kyogre|Grass
|move|p1b: Urshifu|Protect|p1b: Urshifu
|-singleturn|p1b: Urshifu|Protect
|move|p2a: Miraidon|Volt Switch|p1a: Kyogre
|-resisted|p1a: Kyogre
|-damage|p1a: Kyogre|76/100 par
|
|t:|1750867491
|switch|p2a: Groudon|Groudon, L50, shiny|33/100|[from] Volt Switch
|-weather|SunnyDay|[from] ability: Drought|[of] p2a: Groudon
|move|p2b: Raikou|Electroweb|p1b: Urshifu|[spread] p1a
|-activate|p1b: Urshifu|move: Protect
|-resisted|p1a: Kyogre
|-damage|p1a: Kyogre|70/100 par
|move|p1a: Kyogre|Thunder|p2b: Raikou|[miss]
|-miss|p1a: Kyogre|p2b: Raikou
|
|-weather|SunnyDay|[upkeep]
|upkeep
|turn|9
|inactive|rafaellimite has 30 seconds left.
|
|t:|1750867524
|switch|p1b: Rillaboom|Rillaboom, L50, M, shiny|100/100
|-fieldstart|move: Grassy Terrain|[from] ability: Grassy Surge|[of] p1b: Rillaboom
|move|p2b: Raikou|Electroweb|p1a: Kyogre|[spread] p1a,p1b
|-resisted|p1a: Kyogre
|-resisted|p1b: Rillaboom
|-damage|p1a: Kyogre|64/100 par
|-damage|p1b: Rillaboom|94/100
|-unboost|p1b: Rillaboom|spe|1
|move|p2a: Groudon|Fire Punch|p1a: Kyogre
|-supereffective|p1a: Kyogre
|-damage|p1a: Kyogre|0 fnt
|faint|p1a: Kyogre
|
|-weather|SunnyDay|[upkeep]
|-heal|p2b: Raikou|48/100|[from] Grassy Terrain
|-heal|p2a: Groudon|39/100|[from] Grassy Terrain
|-heal|p1b: Rillaboom|99/100|[from] Grassy Terrain
|upkeep
|
|t:|1750867542
|switch|p1a: Urshifu|Urshifu-Rapid-Strike, L50, F|40/100
|turn|10
|
|t:|1750867560
|switch|p2a: Miraidon|Miraidon, L50|90/100
|-fieldstart|move: Electric Terrain|[from] ability: Hadron Engine|[of] p2a: Miraidon
|move|p1b: Rillaboom|Fake Out|p2b: Raikou
|-damage|p2b: Raikou|39/100
|move|p2b: Raikou|Thunder Wave|p1a: Urshifu
|-status|p1a: Urshifu|par
|move|p1a: Urshifu|Surging Strikes|p2a: Miraidon
|-resisted|p2a: Miraidon
|-crit|p2a: Miraidon
|-damage|p2a: Miraidon|85/100
|-resisted|p2a: Miraidon
|-crit|p2a: Miraidon
|-damage|p2a: Miraidon|79/100
|-resisted|p2a: Miraidon
|-crit|p2a: Miraidon
|-damage|p2a: Miraidon|73/100
|-hitcount|p2a: Miraidon|3
|
|-weather|SunnyDay|[upkeep]
|upkeep
|turn|11
|inactive|ptyago07 has 30 seconds left.
|
|t:|1750867588
|move|p2b: Raikou|Helping Hand|p2a: Miraidon
|-singleturn|p2a: Miraidon|Helping Hand|[of] p2b: Raikou
|move|p1a: Urshifu|Protect|p1a: Urshifu
|-singleturn|p1a: Urshifu|Protect
|move|p2a: Miraidon|Draco Meteor|p1b: Rillaboom
|-damage|p1b: Rillaboom|0 fnt
|-unboost|p2a: Miraidon|spa|2
|faint|p1b: Rillaboom
|
|-weather|SunnyDay|[upkeep]
|upkeep
|turn|12
|-message|rafaellimite forfeited.
|
|win|ptyago07
|raw|rafaellimite's rating: 1108 &rarr; <strong>1090</strong><br />(-18 for losing)
|raw|ptyago07's rating: 1211 &rarr; <strong>1229</strong><br />(+18 for winning)
|l|☆rafaellimite
|player|p1|
|c|☆ptyago07|GG
|l|☆ptyago07
|player|p2|
