|j|☆Ferrous2 000
|j|☆Esper Yuusha
|t:|1750747359
|gametype|doubles
|player|p1|Ferrous2 000|hiker|1301
|player|p2|Esper Yuusha|burglar|1299
|teamsize|p1|6
|teamsize|p2|6
|gen|9
|tier|[Gen 9] VGC 2025 Reg I
|rated|
|rule|Species Clause: Limit one of each Pokémon
|rule|Item Clause: Limit 1 of each item
|clearpoke
|poke|p1|Koraidon, L50|
|poke|p1|Incineroar, L50, M|
|poke|p1|Solgaleo, L50|
|poke|p1|Flutter Mane, L50|
|poke|p1|Chi-Yu, L50|
|poke|p1|Rillaboom, L50, M|
|poke|p2|Terapagos, L50, M|
|poke|p2|Calyrex-Shadow, L50|
|poke|p2|Incineroar, L50, F|
|poke|p2|Rillaboom, L50, F|
|poke|p2|Whimsicott, L50, M|
|poke|p2|Iron Valiant, L50|
|teampreview|4
|inactive|Battle timer is ON: inactive players will automatically lose when time's up. (requested by Esper Yuusha)
|inactive|Ferrous2 000 has 60 seconds left.
|
|t:|1750747394
|start
|switch|p1a: Solgaleo|Solgaleo, L50|100/100
|switch|p1b: Koraidon|Koraidon, L50|100/100
|switch|p2a: Terapagos|Terapagos, L50, M|100/100
|switch|p2b: Whimsicott|Whimsicott, L50, M|100/100
|-activate|p2a: Terapagos|ability: Tera Shift
|detailschange|p2a: Terapagos|Terapagos-Terastal, L50, M
|-heal|p2a: Terapagos|100/100|[silent]
|-weather|SunnyDay|[from] ability: Orichalcum Pulse|[of] p1b: Koraidon
|-activate|p1b: Koraidon|Orichalcum Pulse|[source]
|turn|1
|
|t:|1750747417
|-terastallize|p2a: Terapagos|Stellar
|detailschange|p2a: Terapagos|Terapagos-Stellar, L50, M, tera:Stellar
|-heal|p2a: Terapagos|100/100|[silent]
|-ability|p2a: Terapagos|Teraform Zero
|-weather|none
|move|p2b: Whimsicott|Tailwind|p2b: Whimsicott
|-sidestart|p2: Esper Yuusha|move: Tailwind
|move|p2a: Terapagos|Tera Starstorm|p1b: Koraidon|[spread] p1a,p1b
|-damage|p1a: Solgaleo|70/100
|-damage|p1b: Koraidon|64/100
|move|p1b: Koraidon|Flame Charge|p2b: Whimsicott
|-supereffective|p2b: Whimsicott
|-damage|p2b: Whimsicott|57/100
|-boost|p1b: Koraidon|spe|1
|move|p1a: Solgaleo|Sunsteel Strike|p2a: Terapagos
|-damage|p2a: Terapagos|55/100
|-damage|p1a: Solgaleo|60/100|[from] item: Life Orb
|
|upkeep
|turn|2
|inactive|Ferrous2 000 has 30 seconds left.
|inactive|Esper Yuusha has 30 seconds left.
|inactive|Ferrous2 000 has 20 seconds left.
|
|t:|1750747455
|switch|p2b: Incineroar|Incineroar, L50, F|100/100
|-ability|p2b: Incineroar|Intimidate|boost
|-fail|p1a: Solgaleo|unboost|[from] ability: Full Metal Body|[of] p1a: Solgaleo
|-fail|p1b: Koraidon|unboost|[from] item: Clear Amulet|[of] p1b: Koraidon
|-terastallize|p1b: Koraidon|Fire
|move|p1a: Solgaleo|Wide Guard|p1a: Solgaleo
|-singleturn|p1a: Solgaleo|Wide Guard
|move|p1b: Koraidon|Flame Charge|p2b: Incineroar
|-resisted|p2b: Incineroar
|-damage|p2b: Incineroar|85/100
|-boost|p1b: Koraidon|spe|1
|move|p2a: Terapagos|Tera Starstorm|p1b: Koraidon|[spread] 
|-activate|p1a: Solgaleo|move: Wide Guard
|-activate|p1b: Koraidon|move: Wide Guard
|
|upkeep
|turn|3
|inactive|Ferrous2 000 has 30 seconds left.
|inactive|Esper Yuusha has 30 seconds left.
|inactive|Ferrous2 000 has 20 seconds left.
|inactive|Ferrous2 000 has 15 seconds left.
|inactive|Ferrous2 000 has 10 seconds left.
|
|t:|1750747501
|switch|p1a: Winston|Incineroar, L50, M, shiny|100/100
|-ability|p1a: Winston|Intimidate|boost
|-unboost|p2a: Terapagos|atk|1
|-unboost|p2b: Incineroar|atk|1
|move|p1b: Koraidon|Protect|p1b: Koraidon
|-singleturn|p1b: Koraidon|Protect
|move|p2b: Incineroar|Fake Out|p1b: Koraidon
|-activate|p1b: Koraidon|move: Protect
|move|p2a: Terapagos|Dark Pulse|p1a: Winston
|-resisted|p1a: Winston
|-damage|p1a: Winston|86/100
|
|upkeep
|turn|4
|inactive|Ferrous2 000 has 30 seconds left.
|
|t:|1750747532
|switch|p2a: Calyrex|Calyrex-Shadow, L50|100/100
|-ability|p2a: Calyrex|As One
|-ability|p2a: Calyrex|Unnerve
|move|p1b: Koraidon|Close Combat|p2b: Incineroar
|-supereffective|p2b: Incineroar
|-damage|p2b: Incineroar|0 fnt
|-unboost|p1b: Koraidon|def|1
|-unboost|p1b: Koraidon|spd|1
|faint|p2b: Incineroar
|move|p1a: Winston|Parting Shot|p2a: Calyrex
|-unboost|p2a: Calyrex|atk|1
|-unboost|p2a: Calyrex|spa|1
|
|t:|1750747546
|switch|p1a: Solgaleo|Solgaleo, L50|60/100|[from] Parting Shot
|
|-sideend|p2: Esper Yuusha|move: Tailwind
|upkeep
|
|t:|1750747551
|switch|p2b: Whimsicott|Whimsicott, L50, M|57/100
|turn|5
|inactive|Ferrous2 000 has 30 seconds left.
|inactive|Ferrous2 000 has 20 seconds left.
|inactive|Ferrous2 000 has 15 seconds left.
|
|t:|1750747594
|move|p1a: Solgaleo|Wide Guard|p1a: Solgaleo
|-singleturn|p1a: Solgaleo|Wide Guard
|move|p2b: Whimsicott|Encore|p1b: Koraidon
|-start|p1b: Koraidon|Encore
|move|p1b: Koraidon|Close Combat|p2b: Whimsicott
|-resisted|p2b: Whimsicott
|-damage|p2b: Whimsicott|18/100
|-unboost|p1b: Koraidon|def|1
|-unboost|p1b: Koraidon|spd|1
|move|p2a: Calyrex|Astral Barrage|p1a: Solgaleo|[spread] 
|-activate|p1a: Solgaleo|move: Wide Guard
|-activate|p1b: Koraidon|move: Wide Guard
|
|upkeep
|turn|6
|
|t:|1750747618
|move|p1a: Solgaleo|Wide Guard|p1a: Solgaleo
|-singleturn|p1a: Solgaleo|Wide Guard
|move|p2b: Whimsicott|Encore|p1a: Solgaleo
|-start|p1a: Solgaleo|Encore
|move|p1b: Koraidon|Close Combat|p2b: Whimsicott
|-resisted|p2b: Whimsicott
|-damage|p2b: Whimsicott|0 fnt
|-unboost|p1b: Koraidon|def|1
|-unboost|p1b: Koraidon|spd|1
|faint|p2b: Whimsicott
|move|p2a: Calyrex|Expanding Force|p1b: Koraidon
|-crit|p1b: Koraidon
|-damage|p1b: Koraidon|0 fnt
|faint|p1b: Koraidon
|-ability|p2a: Calyrex|Grim Neigh|boost
|-boost|p2a: Calyrex|spa|1
|
|upkeep
|
|t:|1750747633
|switch|p1b: Ra|Chi-Yu, L50|100/100
|switch|p2b: Terapagos|Terapagos-Stellar, L50, M, tera:Stellar|55/100
|-ability|p1b: Ra|Beads of Ruin
|turn|7
|
|t:|1750747642
|move|p1a: Solgaleo|Wide Guard|p1a: Solgaleo
|-singleturn|p1a: Solgaleo|Wide Guard
|move|p1b: Ra|Snarl|p2a: Calyrex|[spread] p2a,p2b
|-supereffective|p2a: Calyrex
|-enditem|p2a: Calyrex|Focus Sash
|-damage|p2a: Calyrex|1/100
|-damage|p2b: Terapagos|42/100
|-unboost|p2a: Calyrex|spa|1
|-unboost|p2b: Terapagos|spa|1
|move|p2a: Calyrex|Draining Kiss|p1b: Ra
|-damage|p1b: Ra|83/100
|-heal|p2a: Calyrex|11/100|[from] drain|[of] p1b: Ra
|move|p2b: Terapagos|Earth Power|p1b: Ra
|-supereffective|p1b: Ra
|-damage|p1b: Ra|21/100
|
|upkeep
|turn|8
|
|t:|1750747663
|switch|p1a: Winston|Incineroar, L50, M, shiny|86/100
|-ability|p1a: Winston|Intimidate|boost
|-unboost|p2a: Calyrex|atk|1
|-unboost|p2b: Terapagos|atk|1
|move|p2a: Calyrex|Protect|p2a: Calyrex
|-singleturn|p2a: Calyrex|Protect
|move|p1b: Ra|Snarl|p2b: Terapagos|[spread] p2b
|-activate|p2a: Calyrex|move: Protect
|-damage|p2b: Terapagos|31/100
|-unboost|p2b: Terapagos|spa|1
|move|p2b: Terapagos|Dazzling Gleam|p1b: Ra|[spread] p1a,p1b
|-damage|p1a: Winston|70/100
|-damage|p1b: Ra|4/100
|
|upkeep
|turn|9
|
|t:|1750747682
|move|p1a: Winston|Fake Out|p2b: Terapagos
|-crit|p2b: Terapagos
|-damage|p2b: Terapagos|17/100
|move|p1b: Ra|Snarl|p2b: Terapagos|[spread] p2a,p2b
|-supereffective|p2a: Calyrex
|-damage|p2a: Calyrex|0 fnt
|-damage|p2b: Terapagos|6/100
|-unboost|p2b: Terapagos|spa|1
|faint|p2a: Calyrex
|cant|p2b: Terapagos|flinch
|
|upkeep
|turn|10
|
|t:|1750747695
|move|p1b: Ra|Snarl|p2b: Terapagos
|-damage|p2b: Terapagos|0 fnt
|faint|p2b: Terapagos
|detailschange|p2: Terapagos|Terapagos, L50, M|[silent]
|
|win|Ferrous2 000
|raw|Ferrous2 000's rating: 1301 &rarr; <strong>1321</strong><br />(+20 for winning)
|raw|Esper Yuusha's rating: 1299 &rarr; <strong>1274</strong><br />(-25 for losing)
|l|☆Esper Yuusha
|player|p2|
|l|☆Ferrous2 000
|player|p1|
