|j|☆fntzz
|j|☆ultrazzy
|t:|1750862784
|gametype|doubles
|player|p1|fntzz|clown|1195
|player|p2|ultrazzy|lillie-masters2|1121
|teamsize|p1|6
|teamsize|p2|6
|gen|9
|tier|[Gen 9] VGC 2025 Reg I
|rated|
|rule|Species Clause: Limit one of each Pokémon
|rule|Item Clause: Limit 1 of each item
|clearpoke
|poke|p1|Koraidon, L50|
|poke|p1|Zamazenta-*, L50|
|poke|p1|Chi-Yu, L50|
|poke|p1|Whimsicott, L50, M|
|poke|p1|Raging Bolt, L50|
|poke|p1|Weezing-Galar, L50, F|
|poke|p2|Kyurem-White, L50|
|poke|p2|Incineroar, L50, M|
|poke|p2|Urshifu-*, L50, M|
|poke|p2|Smeargle, L50, M|
|poke|p2|Farigiraf, L50, F|
|poke|p2|Zekrom, L50|
|teampreview|4
|
|t:|1750862812
|start
|switch|p1a: Koraidon|Koraidon, L50|100/100
|switch|p1b: Whimsicott|Whimsicott, L50, M|100/100
|switch|p2a: Kyurem|Kyurem-White, L50, shiny|100/100
|switch|p2b: Farigiraf|Farigiraf, L50, F, shiny|100/100
|-weather|SunnyDay|[from] ability: Orichalcum Pulse|[of] p1a: Koraidon
|-activate|p1a: Koraidon|Orichalcum Pulse|[source]
|-ability|p2a: Kyurem|Turboblaze
|turn|1
|
|t:|1750862831
|-terastallize|p2a: Kyurem|Fire
|move|p1a: Koraidon|Protect|p1a: Koraidon
|-singleturn|p1a: Koraidon|Protect
|move|p1b: Whimsicott|Tailwind|p1b: Whimsicott
|-sidestart|p1: fntzz|move: Tailwind
|move|p2a: Kyurem|Freeze-Dry|p1b: Whimsicott
|-supereffective|p1b: Whimsicott
|-damage|p1b: Whimsicott|0 fnt
|faint|p1b: Whimsicott
|-damage|p2a: Kyurem|91/100|[from] item: Life Orb
|move|p2b: Farigiraf|Trick Room|p2b: Farigiraf
|-fieldstart|move: Trick Room|[of] p2b: Farigiraf
|
|-weather|SunnyDay|[upkeep]
|upkeep
|inactive|Battle timer is ON: inactive players will automatically lose when time's up. (requested by ultrazzy)
|
|t:|1750862855
|switch|p1b: Raging Bolt|Raging Bolt, L50|100/100
|-activate|p1b: Raging Bolt|ability: Protosynthesis
|-start|p1b: Raging Bolt|protosynthesisspa
|turn|2
|
|t:|1750862877
|-terastallize|p1a: Koraidon|Fire
|move|p2a: Kyurem|Protect|p2a: Kyurem
|-singleturn|p2a: Kyurem|Protect
|move|p2b: Farigiraf|Hyper Voice|p1a: Koraidon|[spread] p1a,p1b
|-damage|p1a: Koraidon|65/100
|-damage|p1b: Raging Bolt|86/100
|-enditem|p2b: Farigiraf|Throat Spray
|-boost|p2b: Farigiraf|spa|1|[from] item: Throat Spray
|move|p1b: Raging Bolt|Thunderbolt|p2b: Farigiraf
|-damage|p2b: Farigiraf|47/100
|move|p1a: Koraidon|Collision Course|p2a: Kyurem
|-activate|p2a: Kyurem|move: Protect
|
|-weather|SunnyDay|[upkeep]
|upkeep
|turn|3
|inactive|fntzz has 30 seconds left.
|inactive|ultrazzy has 30 seconds left.
|inactive|ultrazzy has 20 seconds left.
|
|t:|1750862914
|move|p1b: Raging Bolt|Thunderclap||[still]
|cant|p2b: Farigiraf|ability: Armor Tail|Thunderclap|[of] p1b: Raging Bolt
|move|p2b: Farigiraf|Foul Play|p1a: Koraidon
|-damage|p1a: Koraidon|36/100
|move|p2a: Kyurem|Fusion Flare|p1a: Koraidon
|-resisted|p1a: Koraidon
|-damage|p1a: Koraidon|0 fnt
|faint|p1a: Koraidon
|-damage|p2a: Kyurem|81/100|[from] item: Life Orb
|
|-weather|SunnyDay|[upkeep]
|upkeep
|
|t:|1750862924
|switch|p1a: Chi-Yu|Chi-Yu, L50|100/100
|-ability|p1a: Chi-Yu|Beads of Ruin
|turn|4
|
|t:|1750862940
|move|p2b: Farigiraf|Hyper Voice|p1a: Chi-Yu|[spread] p1a,p1b
|-crit|p1a: Chi-Yu
|-damage|p1a: Chi-Yu|11/100
|-damage|p1b: Raging Bolt|58/100
|move|p2a: Kyurem|Draco Meteor|p1a: Chi-Yu
|-damage|p1a: Chi-Yu|0 fnt
|-unboost|p2a: Kyurem|spa|2
|faint|p1a: Chi-Yu
|-damage|p2a: Kyurem|71/100|[from] item: Life Orb
|move|p1b: Raging Bolt|Draco Meteor|p2a: Kyurem
|-damage|p2a: Kyurem|13/100
|-unboost|p1b: Raging Bolt|spa|2
|
|-weather|SunnyDay|[upkeep]
|-sideend|p1: fntzz|move: Tailwind
|upkeep
|turn|5
|-message|fntzz forfeited.
|
|win|ultrazzy
|raw|fntzz's rating: 1195 &rarr; <strong>1165</strong><br />(-30 for losing)
|raw|ultrazzy's rating: 1121 &rarr; <strong>1151</strong><br />(+30 for winning)
