|j|☆Selenotypus
|j|☆NarutoUzumaki1234
|t:|1750740807
|gametype|doubles
|player|p1|Selenotypus|2|1311
|player|p2|NarutoUzumaki1234|1|1241
|teamsize|p1|6
|teamsize|p2|6
|gen|9
|tier|[Gen 9] VGC 2025 Reg I
|rated|
|rule|Species Clause: Limit one of each Pokémon
|rule|Item Clause: Limit 1 of each item
|clearpoke
|poke|p1|Yanma, L50, M|
|poke|p1|Farigiraf, L50, F|
|poke|p1|Lilligant-Hisui, L50, F|
|poke|p1|Groudon, L50|
|poke|p1|Calyrex-Ice, L50|
|poke|p1|Gothitelle, L50, F|
|poke|p2|Decidueye-Hisui, L50, M|
|poke|p2|Calyrex-Ice, L50|
|poke|p2|Primarina, L50, F|
|poke|p2|Skeledirge, L50, M|
|poke|p2|Necrozma-Dusk-Mane, L50|
|poke|p2|Amoonguss, L50, F|
|teampreview|4
|inactive|Battle timer is ON: inactive players will automatically lose when time's up. (requested by Selenotypus)
Selenotypus rejected open team sheets.
|inactive|NarutoUzumaki1234 has 60 seconds left.
|
|t:|1750740872
|start
|switch|p1a: Farigiraf|Farigiraf, L50, F|100/100
|switch|p1b: Gothitelle|Gothitelle, L50, F|100/100
|switch|p2a: Amoonguss|Amoonguss, L50, F|100/100
|switch|p2b: Calyrex|Calyrex-Ice, L50|100/100
|-ability|p2b: Calyrex|As One
|-ability|p2b: Calyrex|Unnerve
|turn|1
|
|t:|1750740895
|move|p1b: Gothitelle|Fake Out|p2a: Amoonguss
|-damage|p2a: Amoonguss|96/100
|move|p1a: Farigiraf|Gravity|p1a: Farigiraf
|-fieldstart|move: Gravity
|move|p2b: Calyrex|Glacial Lance|p1b: Gothitelle|[spread] p1a,p1b
|-damage|p1a: Farigiraf|44/100
|-damage|p1b: Gothitelle|51/100
|cant|p2a: Amoonguss|flinch
|
|-heal|p1b: Gothitelle|57/100|[from] item: Leftovers
|-heal|p2a: Amoonguss|100/100|[from] item: Leftovers
|upkeep
|turn|2
|inactive|Selenotypus has 30 seconds left.
|
|t:|1750740920
|move|p1b: Gothitelle|Hypnosis|p2a: Amoonguss
|-status|p2a: Amoonguss|slp|[from] move: Hypnosis
|move|p1a: Farigiraf|Hyper Voice|p2b: Calyrex|[spread] p2a,p2b
|-damage|p2a: Amoonguss|69/100 slp
|-damage|p2b: Calyrex|72/100
|move|p2b: Calyrex|Glacial Lance|p1a: Farigiraf|[spread] p1a,p1b
|-damage|p1a: Farigiraf|0 fnt
|-damage|p1b: Gothitelle|9/100
|faint|p1a: Farigiraf
|-ability|p2b: Calyrex|Chilling Neigh|boost
|-boost|p2b: Calyrex|atk|1
|cant|p2a: Amoonguss|slp
|
|-heal|p1b: Gothitelle|16/100|[from] item: Leftovers
|-heal|p2a: Amoonguss|75/100 slp|[from] item: Leftovers
|upkeep
|
|t:|1750740941
|switch|p1a: Calyrex|Calyrex-Ice, L50|100/100
|-ability|p1a: Calyrex|As One
|-ability|p1a: Calyrex|Unnerve
|turn|3
|inactive|NarutoUzumaki1234 has 30 seconds left.
|inactive|NarutoUzumaki1234 has 20 seconds left.
|inactive|NarutoUzumaki1234 has 15 seconds left.
|inactive|NarutoUzumaki1234 has 10 seconds left.
|inactive|NarutoUzumaki1234 has 5 seconds left.
|
|t:|1750740992
|move|p2b: Calyrex|Protect|p2b: Calyrex
|-singleturn|p2b: Calyrex|Protect
|move|p1b: Gothitelle|Hypnosis|p2b: Calyrex
|-activate|p2b: Calyrex|move: Protect
|move|p1a: Calyrex|Glacial Lance|p2b: Calyrex|[spread] p2a
|-activate|p2b: Calyrex|move: Protect
|-supereffective|p2a: Amoonguss
|-damage|p2a: Amoonguss|0 fnt
|faint|p2a: Amoonguss
|-ability|p1a: Calyrex|Chilling Neigh|boost
|-boost|p1a: Calyrex|atk|1
|
|-heal|p1b: Gothitelle|22/100|[from] item: Leftovers
|upkeep
|
|t:|1750741010
|switch|p2a: Necrozma|Necrozma-Dusk-Mane, L50|100/100
|turn|4
|
|t:|1750741040
|-terastallize|p1a: Calyrex|Water
|move|p1b: Gothitelle|Hypnosis|p2b: Calyrex
|-status|p2b: Calyrex|slp|[from] move: Hypnosis
|move|p1a: Calyrex|High Horsepower|p2a: Necrozma
|-supereffective|p2a: Necrozma
|-crit|p2a: Necrozma
|-damage|p2a: Necrozma|0 fnt
|faint|p2a: Necrozma
|-ability|p1a: Calyrex|Chilling Neigh|boost
|-boost|p1a: Calyrex|atk|1
|cant|p2b: Calyrex|slp
|
|-heal|p1b: Gothitelle|28/100|[from] item: Leftovers
|upkeep
|
|t:|1750741055
|switch|p2a: Decidueye|Decidueye-Hisui, L50, M|100/100
|turn|5
|-message|NarutoUzumaki1234 forfeited.
|
|win|Selenotypus
|raw|Selenotypus's rating: 1311 &rarr; <strong>1327</strong><br />(+16 for winning)
|raw|NarutoUzumaki1234's rating: 1241 &rarr; <strong>1221</strong><br />(-20 for losing)
|l|☆NarutoUzumaki1234
|player|p2|
|l|☆Selenotypus
|player|p1|
