|j|☆SlowbroJosh2534
|j|☆YungAnakin
|t:|1750825271
|gametype|doubles
|player|p1|SlowbroJosh2534|cynthia-gen4|1101
|player|p2|YungAnakin|265|1116
|teamsize|p1|6
|teamsize|p2|6
|gen|9
|tier|[Gen 9] VGC 2025 Reg I
|rated|
|rule|Species Clause: Limit one of each Pokémon
|rule|Item Clause: Limit 1 of each item
|clearpoke
|poke|p1|Kyogre, L50|
|poke|p1|Iron Hands, L50|
|poke|p1|Urshifu-*, L50, F|
|poke|p1|Miraidon, L50|
|poke|p1|Whimsicott, L50, F|
|poke|p1|Amoonguss, L50, F|
|poke|p2|Calyrex-Ice, L50|
|poke|p2|Amoonguss, L50, M|
|poke|p2|Ursaluna, L50, F|
|poke|p2|Clefairy, L50, M|
|poke|p2|Dialga-Origin, L50|
|poke|p2|Farigiraf, L50, M|
|teampreview|4
|
|t:|1750825301
|start
|switch|p1a: Whimsicott|Whimsicott, L50, F|100/100
|switch|p1b: Miraidon|Miraidon, L50|100/100
|switch|p2a: Calyrex|Calyrex-Ice, L50|100/100
|switch|p2b: Amoonguss|Amoonguss, L50, M, shiny|100/100
|-ability|p2a: Calyrex|As One
|-ability|p2a: Calyrex|Unnerve
|-fieldstart|move: Electric Terrain|[from] ability: Hadron Engine|[of] p1b: Miraidon
|turn|1
|
|t:|1750825326
|move|p1a: Whimsicott|Fake Tears|p2b: Amoonguss
|-unboost|p2b: Amoonguss|spd|2
|move|p1b: Miraidon|Electro Drift|p2b: Amoonguss
|-resisted|p2b: Amoonguss
|-damage|p2b: Amoonguss|0 fnt
|-damage|p1b: Miraidon|84/100|[from] item: Rocky Helmet|[of] p2b: Amoonguss
|faint|p2b: Amoonguss
|move|p2a: Calyrex|Trick Room|p2a: Calyrex
|-fieldstart|move: Trick Room|[of] p2a: Calyrex
|
|upkeep
|
|t:|1750825339
|switch|p2b: Ursaluna|Ursaluna, L50, F, shiny|100/100
|turn|2
|
|t:|1750825357
|switch|p1b: Amoonguss|Amoonguss, L50, F, shiny|100/100
|move|p1a: Whimsicott|Encore|p2a: Calyrex
|-start|p2a: Calyrex|Encore
|move|p2a: Calyrex|Trick Room|p2a: Calyrex
|-fieldend|move: Trick Room
|move|p2b: Ursaluna|Headlong Rush|p1b: Amoonguss
|-damage|p1b: Amoonguss|27/100
|-unboost|p2b: Ursaluna|def|1
|-unboost|p2b: Ursaluna|spd|1
|-damage|p2b: Ursaluna|84/100|[from] item: Rocky Helmet|[of] p1b: Amoonguss
|
|-status|p2b: Ursaluna|brn|[from] item: Flame Orb
|upkeep
|turn|3
|
|t:|1750825386
|move|p2b: Ursaluna|Protect|p2b: Ursaluna
|-singleturn|p2b: Ursaluna|Protect
|move|p1b: Amoonguss|Rage Powder|p1b: Amoonguss
|-singleturn|p1b: Amoonguss|move: Rage Powder
|move|p1a: Whimsicott|Fake Tears|p2a: Calyrex
|-unboost|p2a: Calyrex|spd|2
|move|p2a: Calyrex|Trick Room|p2a: Calyrex
|-fieldstart|move: Trick Room|[of] p2a: Calyrex
|
|-damage|p2b: Ursaluna|78/100 brn|[from] brn
|upkeep
|turn|4
|
|t:|1750825413
|switch|p2a: Clefairy|Clefairy, L50, M|100/100
|move|p1b: Amoonguss|Pollen Puff|p2a: Clefairy
|-resisted|p2a: Clefairy
|-damage|p2a: Clefairy|93/100
|move|p2b: Ursaluna|Facade|p1a: Whimsicott
|-damage|p1a: Whimsicott|0 fnt
|faint|p1a: Whimsicott
|
|-damage|p2b: Ursaluna|72/100 brn|[from] brn
|upkeep
|
|t:|1750825428
|switch|p1a: Kyogre|Kyogre, L50|100/100
|-weather|RainDance|[from] ability: Drizzle|[of] p1a: Kyogre
|turn|5
|
|t:|1750825442
|move|p2a: Clefairy|Helping Hand|p2b: Ursaluna
|-singleturn|p2b: Ursaluna|Helping Hand|[of] p2a: Clefairy
|move|p1b: Amoonguss|Rage Powder|p1b: Amoonguss
|-singleturn|p1b: Amoonguss|move: Rage Powder
|move|p2b: Ursaluna|Headlong Rush|p1b: Amoonguss
|-damage|p1b: Amoonguss|0 fnt
|-unboost|p2b: Ursaluna|def|1
|-unboost|p2b: Ursaluna|spd|1
|-damage|p2b: Ursaluna|56/100 brn|[from] item: Rocky Helmet|[of] p1b: Amoonguss
|faint|p1b: Amoonguss
|move|p1a: Kyogre|Water Spout|p2a: Clefairy|[spread] p2a,p2b
|-supereffective|p2b: Ursaluna
|-damage|p2a: Clefairy|14/100
|-damage|p2b: Ursaluna|0 fnt
|faint|p2b: Ursaluna
|
|-weather|RainDance|[upkeep]
|-fieldend|move: Electric Terrain
|upkeep
|
|t:|1750825460
|switch|p1b: Miraidon|Miraidon, L50|84/100
|switch|p2b: Calyrex|Calyrex-Ice, L50|100/100
|-ability|p2b: Calyrex|As One
|-ability|p2b: Calyrex|Unnerve
|-fieldstart|move: Electric Terrain|[from] ability: Hadron Engine|[of] p1b: Miraidon
|turn|6
|
|t:|1750825483
|-terastallize|p2b: Calyrex|Water
|move|p2a: Clefairy|Helping Hand|p2b: Calyrex
|-singleturn|p2b: Calyrex|Helping Hand|[of] p2a: Clefairy
|move|p2b: Calyrex|Glacial Lance|p1b: Miraidon|[spread] p1a,p1b
|-resisted|p1a: Kyogre
|-supereffective|p1b: Miraidon
|-damage|p1a: Kyogre|44/100
|-damage|p1b: Miraidon|0 fnt
|faint|p1b: Miraidon
|-ability|p2b: Calyrex|Chilling Neigh|boost
|-boost|p2b: Calyrex|atk|1
|-damage|p2b: Calyrex|91/100|[from] item: Life Orb
|move|p1a: Kyogre|Origin Pulse|p2a: Clefairy|[spread] p2a,p2b
|-resisted|p2b: Calyrex
|-damage|p2a: Clefairy|0 fnt
|-damage|p2b: Calyrex|72/100
|faint|p2a: Clefairy
|
|-weather|RainDance|[upkeep]
|upkeep
|turn|7
|
|t:|1750825503
|move|p2b: Calyrex|Glacial Lance|p1a: Kyogre
|-resisted|p1a: Kyogre
|-damage|p1a: Kyogre|0 fnt
|faint|p1a: Kyogre
|-damage|p2b: Calyrex|62/100|[from] item: Life Orb
|
|win|YungAnakin
|raw|SlowbroJosh2534's rating: 1101 &rarr; <strong>1077</strong><br />(-24 for losing)
|raw|YungAnakin's rating: 1116 &rarr; <strong>1140</strong><br />(+24 for winning)
|l|☆SlowbroJosh2534
|player|p1|
|l|☆YungAnakin
|player|p2|
