|j|‽Zart2015
|j|☆MavenVGC
|t:|1750767580
|gametype|doubles
|player|p1|Zart2015|169|1290
|player|p2|MavenVGC|steven|1286
|teamsize|p1|6
|teamsize|p2|6
|gen|9
|tier|[Gen 9] VGC 2025 Reg I
|rated|
|rule|Species Clause: Limit one of each Pokémon
|rule|Item Clause: Limit 1 of each item
|clearpoke
|poke|p1|Kyurem-White, L50|
|poke|p1|Kyogre, L50|
|poke|p1|Tornadus, L50, M|
|poke|p1|Urshifu-*, L50, M|
|poke|p1|Ninetales-Alola, L50, M|
|poke|p1|Indeedee-F, L50, F|
|poke|p2|Koraidon, L50|
|poke|p2|Volcarona, L50, F|
|poke|p2|Walking Wake, L50|
|poke|p2|Iron Hands, L50|
|poke|p2|Calyrex-Shadow, L50|
|poke|p2|Landorus-Therian, L50, M|
|teampreview|4
|inactive|Battle timer is ON: inactive players will automatically lose when time's up. (requested by MavenVGC)
MavenVGC rejected open team sheets.
|
|t:|1750767603
|start
|switch|p1a: Kyurem|Kyurem-White, L50|100/100
|switch|p1b: Indeedee|Indeedee-F, L50, F, shiny|100/100
|switch|p2a: Volcarona|Volcarona, L50, F|100/100
|switch|p2b: Iron Hands|Iron Hands, L50|100/100
|-ability|p1a: Kyurem|Turboblaze
|-fieldstart|move: Psychic Terrain|[from] ability: Psychic Surge|[of] p1b: Indeedee
|-enditem|p1b: Indeedee|Psychic Seed
|-boost|p1b: Indeedee|spd|1|[from] item: Psychic Seed
|turn|1
|inactive|Zart2015 has 30 seconds left.
|inactive|Zart2015 has 20 seconds left.
|
|t:|1750767641
|-terastallize|p1a: Kyurem|Ground
|move|p1b: Indeedee|Helping Hand|p1a: Kyurem
|-singleturn|p1a: Kyurem|Helping Hand|[of] p1b: Indeedee
|move|p1a: Kyurem|Earth Power|p2b: Iron Hands
|-supereffective|p2b: Iron Hands
|-damage|p2b: Iron Hands|0 fnt
|faint|p2b: Iron Hands
|-end|p2b: Iron Hands|Quark Drive|[silent]
|move|p2a: Volcarona|Quiver Dance|p2a: Volcarona
|-boost|p2a: Volcarona|spa|1
|-boost|p2a: Volcarona|spd|1
|-boost|p2a: Volcarona|spe|1
|
|upkeep
|
|t:|1750767658
|switch|p2b: Koraidon|Koraidon, L50|100/100
|-weather|SunnyDay|[from] ability: Orichalcum Pulse|[of] p2b: Koraidon
|-activate|p2b: Koraidon|Orichalcum Pulse|[source]
|turn|2
|
|t:|1750767678
|-terastallize|p2b: Koraidon|Fire
|move|p1b: Indeedee|Follow Me|p1b: Indeedee
|-singleturn|p1b: Indeedee|move: Follow Me
|move|p2b: Koraidon|Flame Charge|p1b: Indeedee
|-damage|p1b: Indeedee|23/100
|-boost|p2b: Koraidon|spe|1
|-damage|p2b: Koraidon|91/100|[from] item: Life Orb
|move|p2a: Volcarona|Giga Drain|p1b: Indeedee
|-damage|p1b: Indeedee|0 fnt
|faint|p1b: Indeedee
|move|p1a: Kyurem|Blizzard|p2b: Koraidon|[spread] p2a,p2b
|-resisted|p2a: Volcarona
|-resisted|p2b: Koraidon
|-damage|p2a: Volcarona|83/100
|-damage|p2b: Koraidon|60/100
|
|-weather|SunnyDay|[upkeep]
|upkeep
|
|t:|1750767696
|switch|p1b: Kyogre|Kyogre, L50, shiny|100/100
|-weather|RainDance|[from] ability: Drizzle|[of] p1b: Kyogre
|turn|3
|
|t:|1750767718
|move|p2b: Koraidon|Collision Course|p1a: Kyurem
|-damage|p1a: Kyurem|37/100
|-damage|p2b: Koraidon|50/100|[from] item: Life Orb
|move|p2a: Volcarona|Giga Drain|p1b: Kyogre
|-supereffective|p1b: Kyogre
|-damage|p1b: Kyogre|47/100
|-heal|p2a: Volcarona|100/100|[from] drain|[of] p1b: Kyogre
|move|p1a: Kyurem|Earth Power|p2a: Volcarona
|-damage|p2a: Volcarona|61/100
|move|p1b: Kyogre|Origin Pulse|p2b: Koraidon|[spread] p2a,p2b
|-supereffective|p2a: Volcarona
|-supereffective|p2b: Koraidon
|-damage|p2a: Volcarona|0 fnt
|-damage|p2b: Koraidon|0 fnt
|faint|p2a: Volcarona
|faint|p2b: Koraidon
|
|-weather|RainDance|[upkeep]
|upkeep
|inactive|MavenVGC has 30 seconds left.
|inactive|MavenVGC has 20 seconds left.
|inactive|MavenVGC has 15 seconds left.
|
|t:|1750767761
|switch|p2a: Calyrex|Calyrex-Shadow, L50|100/100
|-ability|p2a: Calyrex|As One
|-ability|p2a: Calyrex|Unnerve
|turn|4
|
|t:|1750767769
|move|p1b: Kyogre|Protect|p1b: Kyogre
|-singleturn|p1b: Kyogre|Protect
|move|p2a: Calyrex|Astral Barrage|p1b: Kyogre|[spread] p1a
|-activate|p1b: Kyogre|move: Protect
|-damage|p1a: Kyurem|0 fnt
|faint|p1a: Kyurem
|-ability|p2a: Calyrex|Grim Neigh|boost
|-boost|p2a: Calyrex|spa|1
|
|-weather|RainDance|[upkeep]
|upkeep
|
|t:|1750767781
|switch|p1a: Tornadus|Tornadus, L50, M, shiny|100/100
|turn|5
|
|t:|1750767788
|move|p1a: Tornadus|Tailwind|p1a: Tornadus
|-sidestart|p1: Zart2015|move: Tailwind
|move|p1b: Kyogre|Origin Pulse|p2a: Calyrex
|-damage|p2a: Calyrex|12/100
|move|p2a: Calyrex|Astral Barrage|p1b: Kyogre|[spread] p1a,p1b
|-damage|p1a: Tornadus|0 fnt
|-damage|p1b: Kyogre|0 fnt
|faint|p1a: Tornadus
|faint|p1b: Kyogre
|
|win|MavenVGC
|raw|Zart2015's rating: 1290 &rarr; <strong>1265</strong><br />(-25 for losing)
|raw|MavenVGC's rating: 1286 &rarr; <strong>1311</strong><br />(+25 for winning)
|l|‽Zart2015
|player|p1|
