|j|☆SpinnerVGC
|j|☆bustyabg
|t:|1750711314
|gametype|doubles
|player|p1|SpinnerVGC|benga|1312
|player|p2|bustyabg|170|1240
|teamsize|p1|6
|teamsize|p2|6
|gen|9
|tier|[Gen 9] VGC 2025 Reg I
|rated|
|rule|Species Clause: Limit one of each Pokémon
|rule|Item Clause: Limit 1 of each item
|clearpoke
|poke|p1|Calyrex-Ice, L50|
|poke|p1|Mewtwo, L50|
|poke|p1|Indeedee-F, L50, F|
|poke|p1|Incineroar, L50, M|
|poke|p1|Urshifu-*, L50, F|
|poke|p1|Ogerpon-Cornerstone, L50, F|
|poke|p2|Koraidon, L50|
|poke|p2|Zamazenta-*, L50|
|poke|p2|Whimsicott, L50, F|
|poke|p2|Walking Wake, L50|
|poke|p2|Amoonguss, L50, M|
|poke|p2|Kingambit, L50, F|
|teampreview|4
|inactive|Battle timer is ON: inactive players will automatically lose when time's up. (requested by SpinnerVGC)
SpinnerVGC rejected open team sheets.
|inactive|SpinnerVGC has 60 seconds left.
|
|t:|1750711364
|start
|switch|p1a: Calyrex|Calyrex-Ice, L50|100/100
|switch|p1b: Indeedee|Indeedee-F, L50, F|100/100
|switch|p2a: Koraidon|Koraidon, L50|100/100
|switch|p2b: Amoonguss|Amoonguss, L50, M|100/100
|-ability|p1a: Calyrex|As One
|-ability|p1a: Calyrex|Unnerve
|-weather|SunnyDay|[from] ability: Orichalcum Pulse|[of] p2a: Koraidon
|-activate|p2a: Koraidon|Orichalcum Pulse|[source]
|-fieldstart|move: Psychic Terrain|[from] ability: Psychic Surge|[of] p1b: Indeedee
|turn|1
|
|t:|1750711385
|-terastallize|p1a: Calyrex|Ice
|move|p2a: Koraidon|Protect|p2a: Koraidon
|-singleturn|p2a: Koraidon|Protect
|move|p1b: Indeedee|Follow Me|p1b: Indeedee
|-singleturn|p1b: Indeedee|move: Follow Me
|move|p2b: Amoonguss|Spore|p1b: Indeedee
|-activate|p1b: Indeedee|item: Safety Goggles|Spore
|move|p1a: Calyrex|Glacial Lance|p2b: Amoonguss|[spread] p2b
|-activate|p2a: Koraidon|move: Protect
|-supereffective|p2b: Amoonguss
|-damage|p2b: Amoonguss|0 fnt
|faint|p2b: Amoonguss
|-ability|p1a: Calyrex|Chilling Neigh|boost
|-boost|p1a: Calyrex|atk|1
|-damage|p1a: Calyrex|91/100|[from] item: Life Orb
|
|-weather|SunnyDay|[upkeep]
|upkeep
|
|t:|1750711404
|switch|p2b: Zamazenta|Zamazenta-Crowned, L50|100/100
|-ability|p2b: Zamazenta|Dauntless Shield|boost
|-boost|p2b: Zamazenta|def|1
|turn|2
|c|☆SpinnerVGC|fast moong go brrr
|inactive|bustyabg has 30 seconds left.
|
|t:|1750711434
|-terastallize|p2a: Koraidon|Fire
|move|p1b: Indeedee|Follow Me|p1b: Indeedee
|-singleturn|p1b: Indeedee|move: Follow Me
|move|p2a: Koraidon|Collision Course|p1b: Indeedee
|-damage|p1b: Indeedee|19/100
|move|p2b: Zamazenta|Body Press|p1b: Indeedee
|-damage|p1b: Indeedee|0 fnt
|faint|p1b: Indeedee
|move|p1a: Calyrex|Trick Room|p1a: Calyrex
|-fieldstart|move: Trick Room|[of] p1a: Calyrex
|
|-weather|SunnyDay|[upkeep]
|upkeep
|
|t:|1750711444
|switch|p1b: Ogerpon|Ogerpon-Cornerstone, L50, F|100/100
|turn|3
|
|t:|1750711468
|move|p1b: Ogerpon|Follow Me|p1b: Ogerpon
|-singleturn|p1b: Ogerpon|move: Follow Me
|move|p1a: Calyrex|High Horsepower|p2a: Koraidon
|-supereffective|p2a: Koraidon
|-damage|p2a: Koraidon|0 fnt
|faint|p2a: Koraidon
|-ability|p1a: Calyrex|Chilling Neigh|boost
|-boost|p1a: Calyrex|atk|1
|-damage|p1a: Calyrex|81/100|[from] item: Life Orb
|move|p2b: Zamazenta|Body Press|p1b: Ogerpon
|-supereffective|p1b: Ogerpon
|-ability|p1b: Ogerpon|Sturdy
|-damage|p1b: Ogerpon|1/100
|
|-weather|SunnyDay|[upkeep]
|upkeep
|
|t:|1750711484
|switch|p2a: Kingambit|Kingambit, L50, F|100/100
|-activate|p2a: Kingambit|ability: Supreme Overlord
|-start|p2a: Kingambit|fallen2|[silent]
|turn|4
|
|t:|1750711508
|move|p1b: Ogerpon|Follow Me|p1b: Ogerpon
|-singleturn|p1b: Ogerpon|move: Follow Me
|move|p1a: Calyrex|High Horsepower|p2a: Kingambit
|-supereffective|p2a: Kingambit
|-damage|p2a: Kingambit|0 fnt
|faint|p2a: Kingambit
|-end|p2a: Kingambit|fallen2|[silent]
|-ability|p1a: Calyrex|Chilling Neigh|boost
|-boost|p1a: Calyrex|atk|1
|-damage|p1a: Calyrex|72/100|[from] item: Life Orb
|move|p2b: Zamazenta|Body Press|p1b: Ogerpon
|-supereffective|p1b: Ogerpon
|-damage|p1b: Ogerpon|0 fnt
|faint|p1b: Ogerpon
|
|-weather|SunnyDay|[upkeep]
|upkeep
|
|t:|1750711519
|switch|p1b: Mewtwo|Mewtwo, L50, shiny|100/100
|-ability|p1b: Mewtwo|Pressure
|turn|5
|
|t:|1750711531
|move|p1a: Calyrex|High Horsepower|p2b: Zamazenta
|-supereffective|p2b: Zamazenta
|-damage|p2b: Zamazenta|0 fnt
|faint|p2b: Zamazenta
|-damage|p1a: Calyrex|62/100|[from] item: Life Orb
|
|win|SpinnerVGC
|raw|SpinnerVGC's rating: 1312 &rarr; <strong>1328</strong><br />(+16 for winning)
|raw|bustyabg's rating: 1240 &rarr; <strong>1220</strong><br />(-20 for losing)
|l|☆bustyabg
|player|p2|
