|j|☆VascoANime
|j|☆quantumking12
|t:|1750861317
|gametype|doubles
|player|p1|VascoANime|flannery|1074
|player|p2|quantumking12|biker-gen4|1149
|teamsize|p1|6
|teamsize|p2|6
|gen|9
|tier|[Gen 9] VGC 2025 Reg I
|rated|
|rule|Species Clause: Limit one of each Pokémon
|rule|Item Clause: Limit 1 of each item
|clearpoke
|poke|p1|Sandy Shocks, L50|
|poke|p1|Solgaleo, L50|
|poke|p1|Incineroar, L50, M|
|poke|p1|Iron Hands, L50|
|poke|p1|Miraidon, L50|
|poke|p1|Whimsicott, L50, F|
|poke|p2|Chi-Yu, L50|
|poke|p2|Sinistcha-Masterpiece, L50|
|poke|p2|Zacian-*, L50|
|poke|p2|Groudon, L50|
|poke|p2|Whimsicott, L50, M|
|poke|p2|Kilowattrel, L50, F|
|teampreview|4
|inactive|Battle timer is ON: inactive players will automatically lose when time's up. (requested by quantumking12)
|
|t:|1750861336
|start
|switch|p1a: Sandy Shocks|Sandy Shocks, L50|100/100
|switch|p1b: Solgaleo|Solgaleo, L50|100/100
|switch|p2a: Kilowattrel|Kilowattrel, L50, F|100/100
|switch|p2b: Sinistcha|Sinistcha-Masterpiece, L50|100/100
|turn|1
|inactive|quantumking12 has 30 seconds left.
|
|t:|1750861369
|move|p1b: Solgaleo|Protect|p1b: Solgaleo
|-singleturn|p1b: Solgaleo|Protect
|move|p1a: Sandy Shocks|Electroweb|p2a: Kilowattrel|[spread] p2a,p2b
|-resisted|p2b: Sinistcha
|-damage|p2a: Kilowattrel|65/100
|-damage|p2b: Sinistcha|86/100
|-unboost|p2b: Sinistcha|spe|1
|move|p2a: Kilowattrel|Air Slash|p1b: Solgaleo
|-activate|p1b: Solgaleo|move: Protect
|move|p2b: Sinistcha|Calm Mind|p2b: Sinistcha
|-boost|p2b: Sinistcha|spa|1
|-boost|p2b: Sinistcha|spd|1
|
|-heal|p2b: Sinistcha|92/100|[from] item: Leftovers
|upkeep
|turn|2
|inactive|VascoANime has 30 seconds left.
|inactive|quantumking12 has 30 seconds left.
|
|t:|1750861402
|-end|p1a: Sandy Shocks|Protosynthesis|[silent]
|switch|p1a: Whimsicott|Whimsicott, L50, F|100/100
|move|p1b: Solgaleo|Wide Guard|p1b: Solgaleo
|-singleturn|p1b: Solgaleo|Wide Guard
|move|p2a: Kilowattrel|Tailwind|p2a: Kilowattrel
|-sidestart|p2: quantumking12|move: Tailwind
|move|p2b: Sinistcha|Matcha Gotcha|p1a: Whimsicott|[spread] 
|-activate|p1a: Whimsicott|move: Wide Guard
|-activate|p1b: Solgaleo|move: Wide Guard
|
|-heal|p2b: Sinistcha|98/100|[from] item: Leftovers
|upkeep
|turn|3
|inactive|VascoANime has 30 seconds left.
|inactive|quantumking12 has 30 seconds left.
|inactive|VascoANime has 20 seconds left.
|
|t:|1750861439
|switch|p2a: Groudon|Groudon, L50|100/100
|-weather|SunnyDay|[from] ability: Drought|[of] p2a: Groudon
|move|p1a: Whimsicott|Encore|p2b: Sinistcha
|-start|p2b: Sinistcha|Encore
|move|p2b: Sinistcha|Matcha Gotcha|p1a: Whimsicott|[spread] p1a
|-miss|p2b: Sinistcha|p1b: Solgaleo
|-resisted|p1a: Whimsicott
|-damage|p1a: Whimsicott|70/100
|-heal|p2b: Sinistcha|100/100|[from] drain|[of] p1a: Whimsicott
|move|p1b: Solgaleo|Sunsteel Strike|p2a: Groudon
|-damage|p2a: Groudon|66/100
|
|-weather|SunnyDay|[upkeep]
|upkeep
|turn|4
|inactive|VascoANime has 30 seconds left.
|inactive|quantumking12 has 30 seconds left.
|inactive|VascoANime has 20 seconds left.
|inactive|VascoANime has 15 seconds left.
|inactive|VascoANime has 10 seconds left.
|inactive|VascoANime has 5 seconds left.
|
|t:|1750861489
|move|p1b: Solgaleo|Wide Guard|p1b: Solgaleo
|-singleturn|p1b: Solgaleo|Wide Guard
|move|p1a: Whimsicott|Tailwind|p1a: Whimsicott
|-sidestart|p1: VascoANime|move: Tailwind
|move|p2a: Groudon|Fire Punch|p1b: Solgaleo
|-supereffective|p1b: Solgaleo
|-damage|p1b: Solgaleo|23/100
|-enditem|p1b: Solgaleo|Weakness Policy
|-boost|p1b: Solgaleo|atk|2|[from] item: Weakness Policy
|-boost|p1b: Solgaleo|spa|2|[from] item: Weakness Policy
|-damage|p2a: Groudon|57/100|[from] item: Life Orb
|move|p2b: Sinistcha|Matcha Gotcha|p1a: Whimsicott|[spread] 
|-activate|p1a: Whimsicott|move: Wide Guard
|-activate|p1b: Solgaleo|move: Wide Guard
|
|-weather|SunnyDay|[upkeep]
|upkeep
|turn|5
|inactive|VascoANime has 30 seconds left.
|
|t:|1750861518
|switch|p1a: Sandy Shocks|Sandy Shocks, L50|100/100
|-activate|p1a: Sandy Shocks|ability: Protosynthesis
|-start|p1a: Sandy Shocks|protosynthesisspa
|move|p1b: Solgaleo|Sunsteel Strike|p2a: Groudon
|-damage|p2a: Groudon|0 fnt
|faint|p2a: Groudon
|move|p2b: Sinistcha|Matcha Gotcha|p1a: Sandy Shocks|[spread] p1a,p1b
|-supereffective|p1a: Sandy Shocks
|-resisted|p1b: Solgaleo
|-damage|p1a: Sandy Shocks|0 fnt
|-damage|p1b: Solgaleo|9/100
|-status|p1b: Solgaleo|brn
|faint|p1a: Sandy Shocks
|-end|p1a: Sandy Shocks|Protosynthesis|[silent]
|
|-weather|SunnyDay|[upkeep]
|-damage|p1b: Solgaleo|3/100 brn|[from] brn
|-end|p2b: Sinistcha|Encore
|-sideend|p2: quantumking12|move: Tailwind
|upkeep
|inactive|quantumking12 has 30 seconds left.
|
|t:|1750861545
|switch|p1a: Iron Hands|Iron Hands, L50|100/100
|switch|p2a: Kilowattrel|Kilowattrel, L50, F|65/100
|turn|6
|
|t:|1750861564
|move|p1b: Solgaleo|Sunsteel Strike|p2b: Sinistcha
|-damage|p2b: Sinistcha|60/100
|move|p2a: Kilowattrel|Tailwind|p2a: Kilowattrel
|-sidestart|p2: quantumking12|move: Tailwind
|move|p2b: Sinistcha|Matcha Gotcha|p1b: Solgaleo|[spread] p1a,p1b
|-resisted|p1b: Solgaleo
|-damage|p1a: Iron Hands|76/100
|-heal|p2b: Sinistcha|80/100|[from] drain|[of] p1a: Iron Hands
|-damage|p1b: Solgaleo|0 fnt
|-heal|p2b: Sinistcha|82/100|[from] drain|[of] p1b: Solgaleo
|faint|p1b: Solgaleo
|move|p1a: Iron Hands|Wild Charge|p2a: Kilowattrel
|-damage|p2a: Kilowattrel|0 fnt
|faint|p2a: Kilowattrel
|-damage|p1a: Iron Hands|66/100|[from] Recoil
|
|-weather|SunnyDay|[upkeep]
|-heal|p2b: Sinistcha|88/100|[from] item: Leftovers
|upkeep
|-message|VascoANime forfeited.
|
|win|quantumking12
|raw|VascoANime's rating: 1074 &rarr; <strong>1057</strong><br />(-17 for losing)
|raw|quantumking12's rating: 1149 &rarr; <strong>1169</strong><br />(+20 for winning)
|l|☆VascoANime
|player|p1|
|l|☆quantumking12
|player|p2|
