|j|☆badatthis123
|j|☆zeus007
|t:|1750871469
|gametype|doubles
|player|p1|badatthis123|wattson|1328
|player|p2|zeus007|n|1319
|teamsize|p1|6
|teamsize|p2|6
|gen|9
|tier|[Gen 9] VGC 2025 Reg I
|rated|
|rule|Species Clause: Limit one of each Pokémon
|rule|Item Clause: Limit 1 of each item
|clearpoke
|poke|p1|Ho-Oh, L50|
|poke|p1|Groudon, L50|
|poke|p1|Walking Wake, L50|
|poke|p1|Raging Bolt, L50|
|poke|p1|Kingambit, L50, F|
|poke|p1|Incineroar, L50, F|
|poke|p2|Koraidon, L50|
|poke|p2|Zamazenta-*, L50|
|poke|p2|Typhlosion-Hisui, L50, F|
|poke|p2|Raichu, L50, M|
|poke|p2|Amoonguss, L50, M|
|poke|p2|Chien-Pao, L50|
|teampreview|4
|inactive|Battle timer is ON: inactive players will automatically lose when time's up. (requested by badatthis123)
|inactive|badatthis123 has 60 seconds left.
|inactive|zeus007 has 60 seconds left.
|
|t:|1750871529
|start
|switch|p1a: Ho-Oh|Ho-Oh, L50|100/100
|switch|p1b: Walking Wake|Walking Wake, L50|100/100
|switch|p2a: Chien-Pao|Chien-Pao, L50|100/100
|switch|p2b: Zamazenta|Zamazenta-Crowned, L50|100/100
|-ability|p2a: Chien-Pao|Sword of Ruin
|-ability|p2b: Zamazenta|Dauntless Shield|boost
|-boost|p2b: Zamazenta|def|1
|turn|1
|inactive|badatthis123 has 30 seconds left.
|
|t:|1750871554
|-end|p1b: Walking Wake|Protosynthesis|[silent]
|switch|p1b: Groudon|Groudon, L50|100/100
|-weather|SunnyDay|[from] ability: Drought|[of] p1b: Groudon
|move|p2a: Chien-Pao|Protect|p2a: Chien-Pao
|-singleturn|p2a: Chien-Pao|Protect
|move|p2b: Zamazenta|Protect|p2b: Zamazenta
|-singleturn|p2b: Zamazenta|Protect
|move|p1a: Ho-Oh|Tailwind|p1a: Ho-Oh
|-sidestart|p1: badatthis123|move: Tailwind
|
|-weather|SunnyDay|[upkeep]
|upkeep
|turn|2
|inactive|badatthis123 has 30 seconds left.
|
|t:|1750871581
|move|p1b: Groudon|Rock Slide|p2a: Chien-Pao|[spread] p2a,p2b
|-supereffective|p2a: Chien-Pao
|-resisted|p2b: Zamazenta
|-crit|p2b: Zamazenta
|-damage|p2a: Chien-Pao|39/100
|-damage|p2b: Zamazenta|94/100
|move|p1a: Ho-Oh|Sacred Fire|p2b: Zamazenta
|-supereffective|p2b: Zamazenta
|-damage|p2b: Zamazenta|7/100
|-status|p2b: Zamazenta|brn
|cant|p2a: Chien-Pao|flinch
|cant|p2b: Zamazenta|flinch
|
|-weather|SunnyDay|[upkeep]
|-damage|p2b: Zamazenta|1/100 brn|[from] brn
|upkeep
|turn|3
|inactive|badatthis123 has 30 seconds left.
|inactive|zeus007 has 30 seconds left.
|
|t:|1750871612
|switch|p1b: Incineroar|Incineroar, L50, F|100/100
|-ability|p1b: Incineroar|Intimidate|boost
|-unboost|p2a: Chien-Pao|atk|1
|-unboost|p2b: Zamazenta|atk|1
|move|p2a: Chien-Pao|Protect|p2a: Chien-Pao
|-singleturn|p2a: Chien-Pao|Protect
|move|p1a: Ho-Oh|Brave Bird|p2a: Chien-Pao
|-activate|p2a: Chien-Pao|move: Protect
|move|p2b: Zamazenta|Body Press|p1b: Incineroar
|-supereffective|p1b: Incineroar
|-damage|p1b: Incineroar|0 fnt
|faint|p1b: Incineroar
|
|-weather|SunnyDay|[upkeep]
|-damage|p2b: Zamazenta|0 fnt|[from] brn
|faint|p2b: Zamazenta
|upkeep
|
|t:|1750871631
|switch|p2b: Typhlosion|Typhlosion-Hisui, L50, F|100/100
|switch|p1b: Walking Wake|Walking Wake, L50|100/100
|-item|p1a: Ho-Oh|Clear Amulet|[from] ability: Frisk|[of] p2b: Typhlosion
|-item|p1b: Walking Wake|Life Orb|[from] ability: Frisk|[of] p2b: Typhlosion
|-activate|p1b: Walking Wake|ability: Protosynthesis
|-start|p1b: Walking Wake|protosynthesisspe
|turn|4
|inactive|zeus007 has 30 seconds left.
|
|t:|1750871666
|-terastallize|p1b: Walking Wake|Water
|move|p2a: Chien-Pao|Sucker Punch|p1b: Walking Wake
|-damage|p1b: Walking Wake|72/100
|move|p1b: Walking Wake|Hydro Steam|p2b: Typhlosion
|-supereffective|p2b: Typhlosion
|-damage|p2b: Typhlosion|0 fnt
|faint|p2b: Typhlosion
|-damage|p1b: Walking Wake|62/100|[from] item: Life Orb
|move|p1a: Ho-Oh|Brave Bird|p2a: Chien-Pao
|-damage|p2a: Chien-Pao|0 fnt
|faint|p2a: Chien-Pao
|-damage|p1a: Ho-Oh|90/100|[from] Recoil
|
|-weather|SunnyDay|[upkeep]
|-sideend|p1: badatthis123|move: Tailwind
|upkeep
|
|t:|1750871681
|switch|p2b: Koraidon|Koraidon, L50|100/100
|-activate|p2b: Koraidon|ability: Orichalcum Pulse
|turn|5
|
|t:|1750871692
|move|p1b: Walking Wake|Draco Meteor|p2b: Koraidon
|-supereffective|p2b: Koraidon
|-damage|p2b: Koraidon|0 fnt
|-unboost|p1b: Walking Wake|spa|2
|faint|p2b: Koraidon
|-damage|p1b: Walking Wake|52/100|[from] item: Life Orb
|
|win|badatthis123
|raw|badatthis123's rating: 1328 &rarr; <strong>1347</strong><br />(+19 for winning)
|raw|zeus007's rating: 1319 &rarr; <strong>1300</strong><br />(-19 for losing)
|l|☆badatthis123
|player|p1|
|l|☆zeus007
|player|p2|
