|j|☆Jaker0125
|j|☆bapdabo
|t:|1750870481
|gametype|doubles
|player|p1|Jaker0125|red|1289
|player|p2|bapdabo|hugh|1294
|teamsize|p1|6
|teamsize|p2|6
|gen|9
|tier|[Gen 9] VGC 2025 Reg I
|rated|
|rule|Species Clause: Limit one of each Pokémon
|rule|Item Clause: Limit 1 of each item
|clearpoke
|poke|p1|Calyrex-Ice, L50|
|poke|p1|Kyogre, L50|
|poke|p1|Blastoise, L50, M|
|poke|p1|Amoonguss, L50, M|
|poke|p1|Flutter Mane, L50|
|poke|p1|Urshifu-*, L50, F|
|poke|p2|Palafin, L50, M|
|poke|p2|Raichu, L50, M|
|poke|p2|Lugia, L50|
|poke|p2|Zacian-*, L50|
|poke|p2|Kingambit, L50, M|
|poke|p2|Politoed, L50, M|
|teampreview|4
|inactive|Battle timer is ON: inactive players will automatically lose when time's up. (requested by Jaker0125)
|inactive|Jaker0125 has 60 seconds left.
|inactive|bapdabo has 60 seconds left.
|inactive|bapdabo has 30 seconds left.
|inactive|bapdabo has 20 seconds left.
|inactive|bapdabo has 15 seconds left.
|inactive|bapdabo has 10 seconds left.
|inactive|bapdabo has 5 seconds left.
|
|t:|1750870572
|start
|switch|p1a: Kyogre|Kyogre, L50|100/100
|switch|p1b: Blastoise|Blastoise, L50, M|100/100
|switch|p2a: Palafin|Palafin, L50, M|100/100
|switch|p2b: Raichu|Raichu, L50, M|100/100
|-weather|RainDance|[from] ability: Drizzle|[of] p1a: Kyogre
|turn|1
|inactive|Jaker0125 has 30 seconds left.
|inactive|bapdabo has 30 seconds left.
|inactive|Jaker0125 has 20 seconds left.
|inactive|bapdabo has 20 seconds left.
|inactive|Jaker0125 has 15 seconds left.
|inactive|bapdabo has 15 seconds left.
|inactive|Jaker0125 has 10 seconds left.
|inactive|bapdabo has 10 seconds left.
|inactive|Jaker0125 has 5 seconds left.
|inactive|bapdabo has 5 seconds left.
|
|t:|1750870627
|switch|p1a: Amoonguss|Amoonguss, L50, M|100/100
|move|p2b: Raichu|Fake Out|p1b: Blastoise
|-damage|p1b: Blastoise|89/100
|-damage|p2b: Raichu|91/100|[from] item: Life Orb
|move|p2a: Palafin|Jet Punch|p1b: Blastoise
|-resisted|p1b: Blastoise
|-damage|p1b: Blastoise|69/100
|cant|p1b: Blastoise|flinch
|
|-weather|RainDance|[upkeep]
|-heal|p1b: Blastoise|75/100|[from] ability: Rain Dish
|upkeep
|turn|2
|inactive|Jaker0125 has 30 seconds left.
|inactive|Jaker0125 has 20 seconds left.
|inactive|Jaker0125 has 15 seconds left.
|inactive|Jaker0125 has 10 seconds left.
|
|t:|1750870675
|detailschange|p2a: Palafin|Palafin-Hero, L50, M
|switch|p2a: Lugia|Lugia, L50|100/100
|switch|p1b: Calyrex|Calyrex-Ice, L50|100/100
|-ability|p1b: Calyrex|As One
|-ability|p1b: Calyrex|Unnerve
|move|p2b: Raichu|Nuzzle|p1b: Calyrex
|-damage|p1b: Calyrex|94/100
|-status|p1b: Calyrex|par
|-damage|p2b: Raichu|81/100|[from] item: Life Orb
|move|p1a: Amoonguss|Spore|p2a: Lugia
|-status|p2a: Lugia|slp|[from] move: Spore
|
|-weather|RainDance|[upkeep]
|-heal|p1b: Calyrex|99/100 par|[from] item: Leftovers
|upkeep
|turn|3
|inactive|Jaker0125 has 30 seconds left.
|
|t:|1750870700
|move|p2b: Raichu|Knock Off|p1b: Calyrex
|-supereffective|p1b: Calyrex
|-damage|p1b: Calyrex|62/100 par
|-enditem|p1b: Calyrex|Leftovers|[from] move: Knock Off|[of] p2b: Raichu
|-damage|p2b: Raichu|72/100|[from] item: Life Orb
|cant|p2a: Lugia|slp
|move|p1a: Amoonguss|Spore|p2b: Raichu
|-status|p2b: Raichu|slp|[from] move: Spore
|move|p1b: Calyrex|Trick Room|p1b: Calyrex
|-fieldstart|move: Trick Room|[of] p1b: Calyrex
|
|-weather|RainDance|[upkeep]
|upkeep
|turn|4
|inactive|bapdabo has 30 seconds left.
|inactive|bapdabo has 20 seconds left.
|inactive|bapdabo has 15 seconds left.
|inactive|bapdabo has 10 seconds left.
|inactive|Jaker0125 has 30 seconds left.
|
|t:|1750870760
|move|p1a: Amoonguss|Spore|p2a: Lugia
|-fail|p2a: Lugia|slp
|move|p1b: Calyrex|Glacial Lance|p2b: Raichu|[spread] p2a,p2b
|-supereffective|p2a: Lugia
|-damage|p2a: Lugia|67/100 slp
|-damage|p2b: Raichu|0 fnt
|-enditem|p2a: Lugia|Weakness Policy
|-boost|p2a: Lugia|atk|2|[from] item: Weakness Policy
|-boost|p2a: Lugia|spa|2|[from] item: Weakness Policy
|faint|p2b: Raichu
|-ability|p1b: Calyrex|Chilling Neigh|boost
|-boost|p1b: Calyrex|atk|1
|cant|p2a: Lugia|slp
|
|-weather|RainDance|[upkeep]
|upkeep
|
|t:|1750870778
|switch|p2b: Palafin|Palafin-Hero, L50, M|100/100
|-activate|p2b: Palafin|ability: Zero to Hero
|turn|5
|
|t:|1750870797
|-terastallize|p2b: Palafin|Water
|move|p2b: Palafin|Jet Punch|p1b: Calyrex
|-damage|p1b: Calyrex|4/100 par
|move|p1b: Calyrex|Glacial Lance|p2b: Palafin|[spread] p2a,p2b
|-supereffective|p2a: Lugia
|-resisted|p2b: Palafin
|-damage|p2a: Lugia|0 fnt
|-damage|p2b: Palafin|70/100
|faint|p2a: Lugia
|-ability|p1b: Calyrex|Chilling Neigh|boost
|-boost|p1b: Calyrex|atk|1
|move|p1a: Amoonguss|Spore|p2b: Palafin
|-status|p2b: Palafin|slp|[from] move: Spore
|
|-weather|none
|upkeep
|inactive|bapdabo has 30 seconds left.
|
|t:|1750870830
|switch|p2a: Zacian|Zacian-Crowned, L50|100/100
|-ability|p2a: Zacian|Intrepid Sword|boost
|-boost|p2a: Zacian|atk|1
|turn|6
|
|t:|1750870838
|move|p2a: Zacian|Protect|p2a: Zacian
|-singleturn|p2a: Zacian|Protect
|cant|p2b: Palafin|slp
|move|p1b: Calyrex|Glacial Lance|p2b: Palafin|[spread] p2b
|-activate|p2a: Zacian|move: Protect
|-resisted|p2b: Palafin
|-damage|p2b: Palafin|27/100 slp
|move|p1a: Amoonguss|Spore|p2a: Zacian
|-activate|p2a: Zacian|move: Protect
|
|upkeep
|turn|7
|
|t:|1750870852
|-curestatus|p2b: Palafin|slp|[msg]
|move|p2b: Palafin|Jet Punch|p1b: Calyrex
|-damage|p1b: Calyrex|0 fnt
|faint|p1b: Calyrex
|move|p1a: Amoonguss|Spore|p2a: Zacian
|-status|p2a: Zacian|slp|[from] move: Spore
|cant|p2a: Zacian|slp
|
|-fieldend|move: Trick Room
|upkeep
|inactive|Jaker0125 has 30 seconds left.
|
|t:|1750870878
|switch|p1b: Kyogre|Kyogre, L50|100/100
|-weather|RainDance|[from] ability: Drizzle|[of] p1b: Kyogre
|turn|8
|
|t:|1750870898
|move|p1a: Amoonguss|Rage Powder|p1a: Amoonguss
|-singleturn|p1a: Amoonguss|move: Rage Powder
|move|p2b: Palafin|Jet Punch|p1a: Amoonguss
|-resisted|p1a: Amoonguss
|-damage|p1a: Amoonguss|46/100
|-curestatus|p2a: Zacian|slp|[msg]
|move|p2a: Zacian|Play Rough|p1a: Amoonguss
|-resisted|p1a: Amoonguss
|-damage|p1a: Amoonguss|12/100
|move|p1b: Kyogre|Water Spout|p2a: Zacian|[spread] p2a,p2b
|-resisted|p2b: Palafin
|-damage|p2a: Zacian|0 fnt
|-damage|p2b: Palafin|0 fnt
|faint|p2a: Zacian
|faint|p2b: Palafin
|
|win|Jaker0125
|raw|Jaker0125's rating: 1289 &rarr; <strong>1314</strong><br />(+25 for winning)
|raw|bapdabo's rating: 1294 &rarr; <strong>1269</strong><br />(-25 for losing)
|l|☆bapdabo
|player|p2|
|l|☆Jaker0125
|player|p1|
