|j|☆Chrisrilla
|j|☆Ahamkara101
|t:|1750730808
|gametype|doubles
|player|p1|Chrisrilla|pokefan-gen4|
|player|p2|Ahamkara101|colress|
|teamsize|p1|6
|teamsize|p2|6
|gen|9
|tier|[Gen 9] VGC 2025 Reg I
|rule|Species Clause: Limit one of each Pokémon
|rule|Item Clause: Limit 1 of each item
|clearpoke
|poke|p1|Incineroar, L50, F|
|poke|p1|Amoonguss, L50, F|
|poke|p1|Miraidon, L50|
|poke|p1|Urshifu-*, L50, F|
|poke|p1|Calyrex-Shadow, L50|
|poke|p1|Pelipper, L50, M|
|poke|p2|Scraggy, L50, F|
|poke|p2|Calyrex-Ice, L50|
|poke|p2|Ninetales-Alola, L50, F|
|poke|p2|Brute Bonnet, L50|
|poke|p2|Necrozma-Dawn-Wings, L50|
|poke|p2|Gastrodon, L50, F|
|teampreview|4
|c|☆Ahamkara101|Hello!
|
|t:|1750730850
|start
|switch|p1a: Miraidon|Miraidon, L50|100/100
|switch|p1b: Amoonguss|Amoonguss, L50, F, shiny|100/100
|switch|p2a: Ninetales|Ninetales-Alola, L50, F, shiny|100/100
|switch|p2b: Brute Bonnet|Brute Bonnet, L50|100/100
|-fieldstart|move: Electric Terrain|[from] ability: Hadron Engine|[of] p1a: Miraidon
|-weather|Snowscape|[from] ability: Snow Warning|[of] p2a: Ninetales
|turn|1
|
|t:|1750730875
|move|p2b: Brute Bonnet|Rage Powder|p2b: Brute Bonnet
|-singleturn|p2b: Brute Bonnet|move: Rage Powder
|move|p1a: Miraidon|Volt Switch|p2b: Brute Bonnet
|-resisted|p2b: Brute Bonnet
|-damage|p2b: Brute Bonnet|76/100
|
|t:|1750730882
|switch|p1a: Incineroar|Incineroar, L50, F, shiny|100/100|[from] Volt Switch
|-ability|p1a: Incineroar|Intimidate|boost
|-unboost|p2a: Ninetales|atk|1
|-unboost|p2b: Brute Bonnet|atk|1
|move|p2a: Ninetales|Aurora Veil|p2a: Ninetales
|-sidestart|p2: Ahamkara101|move: Aurora Veil
|move|p1b: Amoonguss|Spore|p2a: Ninetales
|-activate|p2a: Ninetales|move: Electric Terrain
|
|-weather|Snowscape|[upkeep]
|upkeep
|turn|2
|
|t:|1750730910
|move|p1a: Incineroar|Fake Out|p2b: Brute Bonnet
|-damage|p2b: Brute Bonnet|71/100
|-damage|p1a: Incineroar|84/100|[from] item: Rocky Helmet|[of] p2b: Brute Bonnet
|cant|p2b: Brute Bonnet|flinch
|move|p2a: Ninetales|Blizzard|p1a: Incineroar|[spread] p1a,p1b
|-resisted|p1a: Incineroar
|-supereffective|p1b: Amoonguss
|-damage|p1a: Incineroar|74/100
|-damage|p1b: Amoonguss|64/100
|-status|p1b: Amoonguss|frz
|-curestatus|p1b: Amoonguss|frz|[msg]
|move|p1b: Amoonguss|Toxic|p2a: Ninetales
|-status|p2a: Ninetales|tox
|
|-weather|Snowscape|[upkeep]
|-damage|p2a: Ninetales|94/100 tox|[from] psn
|upkeep
|turn|3
|
|t:|1750730945
|move|p2a: Ninetales|Blizzard|p1b: Amoonguss|[spread] p1a,p1b
|-resisted|p1a: Incineroar
|-supereffective|p1b: Amoonguss
|-damage|p1a: Incineroar|65/100
|-damage|p1b: Amoonguss|29/100
|move|p1a: Incineroar|Taunt|p2b: Brute Bonnet
|-start|p2b: Brute Bonnet|move: Taunt
|move|p2b: Brute Bonnet|Pollen Puff|p1a: Incineroar
|-damage|p1a: Incineroar|52/100
|move|p1b: Amoonguss|Sludge Bomb|p2a: Ninetales
|-supereffective|p2a: Ninetales
|-damage|p2a: Ninetales|62/100 tox
|
|-weather|Snowscape|[upkeep]
|-damage|p2a: Ninetales|49/100 tox|[from] psn
|upkeep
|turn|4
|
|t:|1750730971
|move|p2a: Ninetales|Blizzard|p1a: Incineroar|[spread] p1a,p1b
|-resisted|p1a: Incineroar
|-supereffective|p1b: Amoonguss
|-damage|p1a: Incineroar|43/100
|-damage|p1b: Amoonguss|0 fnt
|faint|p1b: Amoonguss
|move|p1a: Incineroar|Knock Off|p2b: Brute Bonnet
|-resisted|p2b: Brute Bonnet
|-damage|p2b: Brute Bonnet|63/100
|-damage|p1a: Incineroar|27/100|[from] item: Rocky Helmet|[of] p2b: Brute Bonnet
|-enditem|p2b: Brute Bonnet|Rocky Helmet|[from] move: Knock Off|[of] p1a: Incineroar
|move|p2b: Brute Bonnet|Pollen Puff|p1a: Incineroar
|-damage|p1a: Incineroar|13/100
|
|-weather|Snowscape|[upkeep]
|-damage|p2a: Ninetales|31/100 tox|[from] psn
|upkeep
|
|t:|1750730988
|switch|p1b: Miraidon|Miraidon, L50|100/100
|-activate|p1b: Miraidon|ability: Hadron Engine
|turn|5
|
|t:|1750731008
|move|p2b: Brute Bonnet|Sucker Punch|p1b: Miraidon
|-damage|p1b: Miraidon|80/100
|move|p1b: Miraidon|Flash Cannon|p2a: Ninetales
|-supereffective|p2a: Ninetales
|-damage|p2a: Ninetales|0 fnt
|faint|p2a: Ninetales
|move|p1a: Incineroar|Knock Off|p2b: Brute Bonnet
|-resisted|p2b: Brute Bonnet
|-damage|p2b: Brute Bonnet|56/100
|
|-weather|none
|-end|p2b: Brute Bonnet|move: Taunt
|-fieldend|move: Electric Terrain
|upkeep
|
|t:|1750731021
|switch|p2a: Necrozma|Necrozma-Dawn-Wings, L50|100/100
|turn|6
|
|t:|1750731050
|switch|p1b: Calyrex|Calyrex-Shadow, L50|100/100
|-ability|p1b: Calyrex|As One
|-ability|p1b: Calyrex|Unnerve
|move|p2b: Brute Bonnet|Rage Powder|p2b: Brute Bonnet
|-singleturn|p2b: Brute Bonnet|move: Rage Powder
|move|p1a: Incineroar|Parting Shot|p2a: Necrozma
|-unboost|p2a: Necrozma|atk|1
|-unboost|p2a: Necrozma|spa|1
|
|t:|1750731062
|switch|p1a: Miraidon|Miraidon, L50|80/100|[from] Parting Shot
|-fieldstart|move: Electric Terrain|[from] ability: Hadron Engine|[of] p1a: Miraidon
|move|p2a: Necrozma|Photon Geyser|p1b: Calyrex
|-resisted|p1b: Calyrex
|-crit|p1b: Calyrex
|-damage|p1b: Calyrex|51/100
|
|upkeep
|turn|7
|
|t:|1750731083
|-terastallize|p1a: Miraidon|Fairy
|move|p2b: Brute Bonnet|Sucker Punch||[still]
|-fail|p2b: Brute Bonnet
|move|p1a: Miraidon|Dazzling Gleam|p2a: Necrozma|[spread] p2a,p2b
|-supereffective|p2b: Brute Bonnet
|-damage|p2a: Necrozma|80/100
|-damage|p2b: Brute Bonnet|9/100
|move|p1b: Calyrex|Pain Split|p2b: Brute Bonnet
|-sethp|p2b: Brute Bonnet|28/100|[from] move: Pain Split|[silent]
|-sethp|p1b: Calyrex|30/100|[from] move: Pain Split
|move|p2a: Necrozma|Moongeist Beam|p1a: Miraidon
|-damage|p1a: Miraidon|38/100
|
|upkeep
|turn|8
|
|t:|1750731105
|move|p2b: Brute Bonnet|Sucker Punch|p1b: Calyrex
|-supereffective|p1b: Calyrex
|-damage|p1b: Calyrex|0 fnt
|faint|p1b: Calyrex
|move|p1a: Miraidon|Dazzling Gleam|p2b: Brute Bonnet|[spread] p2a,p2b
|-supereffective|p2b: Brute Bonnet
|-damage|p2a: Necrozma|60/100
|-damage|p2b: Brute Bonnet|0 fnt
|faint|p2b: Brute Bonnet
|-end|p2b: Brute Bonnet|Protosynthesis|[silent]
|move|p2a: Necrozma|Moongeist Beam|p1a: Miraidon
|-damage|p1a: Miraidon|0 fnt
|faint|p1a: Miraidon
|
|-sideend|p2: Ahamkara101|move: Aurora Veil
|upkeep
|-message|Chrisrilla forfeited.
|
|win|Ahamkara101
|l|☆Chrisrilla
|player|p1|
|j|☆Chrisrilla
|player|p1|Chrisrilla|pokefan-gen4|
|l|☆Chrisrilla
|player|p1|
