|j|☆Hazweioh
|j|☆Professor_J93
|t:|1750799672
|gametype|doubles
|player|p1|Hazweioh|169|1501
|player|p2|Professor_J93|265|1447
|teamsize|p1|6
|teamsize|p2|6
|gen|9
|tier|[Gen 9] VGC 2025 Reg I
|rated|
|rule|Species Clause: Limit one of each Pokémon
|rule|Item Clause: Limit 1 of each item
|clearpoke
|poke|p1|Calyrex-Shadow, L50|
|poke|p1|Zamazenta-*, L50|
|poke|p1|Raging Bolt, L50|
|poke|p1|Rillaboom, L50, M|
|poke|p1|Tornadus, L50, M|
|poke|p1|Smeargle, L50, M|
|poke|p2|Zacian-*, L50|
|poke|p2|Palkia-Origin, L50|
|poke|p2|Chandelure, L50, F|
|poke|p2|Landorus-Therian, L50, M|
|poke|p2|Grimmsnarl, L50, M|
|poke|p2|Rillaboom, L50, F|
|teampreview|4
|inactive|Battle timer is ON: inactive players will automatically lose when time's up. (requested by Professor_J93)
|inactive|Hazweioh has 60 seconds left.
|inactive|Professor_J93 has 60 seconds left.
|
|t:|1750799724
|start
|switch|p1a: Tornadus|Tornadus, L50, M|100/100
|switch|p1b: Calyrex|Calyrex-Shadow, L50|100/100
|switch|p2a: Rillaboom|Rillaboom, L50, F|100/100
|switch|p2b: Fuwawa|Zacian-Crowned, L50, shiny|100/100
|-ability|p1b: Calyrex|As One
|-ability|p1b: Calyrex|Unnerve
|-ability|p2b: Fuwawa|Intrepid Sword|boost
|-boost|p2b: Fuwawa|atk|1
|-fieldstart|move: Grassy Terrain|[from] ability: Grassy Surge|[of] p2a: Rillaboom
|turn|1
|
|t:|1750799744
|move|p2b: Fuwawa|Behemoth Blade|p1b: Calyrex
|-damage|p1b: Calyrex|3/100
|move|p1b: Calyrex|Astral Barrage|p2b: Fuwawa|[spread] p2a,p2b
|-damage|p2a: Rillaboom|50/100
|-damage|p2b: Fuwawa|41/100
|-damage|p1b: Calyrex|0 fnt|[from] item: Life Orb
|faint|p1b: Calyrex
|move|p2a: Rillaboom|Drum Beating|p1a: Tornadus
|-resisted|p1a: Tornadus
|-damage|p1a: Tornadus|78/100
|-unboost|p1a: Tornadus|spe|1
|move|p1a: Tornadus|Bleakwind Storm|p2a: Rillaboom|[spread] p2a,p2b
|-supereffective|p2a: Rillaboom
|-resisted|p2b: Fuwawa
|-damage|p2a: Rillaboom|0 fnt
|-damage|p2b: Fuwawa|23/100
|-unboost|p2b: Fuwawa|spe|1
|faint|p2a: Rillaboom
|
|-heal|p2b: Fuwawa|29/100|[from] Grassy Terrain
|upkeep
|
|t:|1750799759
|switch|p1b: Zamazenta|Zamazenta-Crowned, L50|100/100
|switch|p2a: Landorus|Landorus-Therian, L50, M|100/100
|-ability|p2a: Landorus|Intimidate|boost
|-unboost|p1a: Tornadus|atk|1
|-unboost|p1b: Zamazenta|atk|1
|-ability|p1b: Zamazenta|Dauntless Shield|boost
|-boost|p1b: Zamazenta|def|1
|turn|2
|
|t:|1750799769
|switch|p2a: Chandelure|Chandelure, L50, F|100/100
|-terastallize|p1b: Zamazenta|Grass
|move|p2b: Fuwawa|Protect|p2b: Fuwawa
|-singleturn|p2b: Fuwawa|Protect
|move|p1a: Tornadus|Tailwind|p1a: Tornadus
|-sidestart|p1: Hazweioh|move: Tailwind
|move|p1b: Zamazenta|Body Press|p2b: Fuwawa
|-activate|p2b: Fuwawa|move: Protect
|
|-heal|p2b: Fuwawa|36/100|[from] Grassy Terrain
|upkeep
|turn|3
|
|t:|1750799793
|switch|p2b: Landorus|Landorus-Therian, L50, M|100/100
|-ability|p2b: Landorus|Intimidate|boost
|-unboost|p1a: Tornadus|atk|1
|-unboost|p1b: Zamazenta|atk|1
|move|p1b: Zamazenta|Protect|p1b: Zamazenta
|-singleturn|p1b: Zamazenta|Protect
|move|p1a: Tornadus|Bleakwind Storm|p2a: Chandelure|[spread] p2a,p2b
|-damage|p2a: Chandelure|55/100
|-damage|p2b: Landorus|49/100
|-unboost|p2b: Landorus|spe|1
|move|p2a: Chandelure|Trick Room|p2a: Chandelure
|-fieldstart|move: Trick Room|[of] p2a: Chandelure
|
|-heal|p2a: Chandelure|61/100|[from] Grassy Terrain
|upkeep
|turn|4
|
|t:|1750799816
|move|p2a: Chandelure|Heat Wave|p1a: Tornadus|[spread] p1b
|-miss|p2a: Chandelure|p1a: Tornadus
|-supereffective|p1b: Zamazenta
|-damage|p1b: Zamazenta|32/100
|-damage|p2a: Chandelure|51/100|[from] item: Life Orb
|move|p2b: Landorus|U-turn|p1b: Zamazenta
|-supereffective|p1b: Zamazenta
|-damage|p1b: Zamazenta|9/100
|
|t:|1750799823
|switch|p2b: Fuwawa|Zacian-Crowned, L50, shiny|36/100|[from] U-turn
|move|p1a: Tornadus|Bleakwind Storm|p2b: Fuwawa|[spread] p2a,p2b
|-resisted|p2b: Fuwawa
|-damage|p2a: Chandelure|7/100
|-damage|p2b: Fuwawa|17/100
|-unboost|p2a: Chandelure|spe|1
|move|p1b: Zamazenta|Heavy Slam|p2a: Chandelure
|-resisted|p2a: Chandelure
|-damage|p2a: Chandelure|0 fnt
|faint|p2a: Chandelure
|
|-heal|p2b: Fuwawa|23/100|[from] Grassy Terrain
|-heal|p1b: Zamazenta|15/100|[from] Grassy Terrain
|upkeep
|
|t:|1750799833
|switch|p2a: Landorus|Landorus-Therian, L50, M|49/100
|-ability|p2a: Landorus|Intimidate|boost
|-unboost|p1a: Tornadus|atk|1
|-unboost|p1b: Zamazenta|atk|1
|turn|5
|
|t:|1750799841
|move|p1a: Tornadus|Bleakwind Storm|p2b: Fuwawa|[spread] p2a
|-miss|p1a: Tornadus|p2b: Fuwawa
|-damage|p2a: Landorus|0 fnt
|faint|p2a: Landorus
|move|p2b: Fuwawa|Behemoth Blade|p1a: Tornadus
|-damage|p1a: Tornadus|18/100
|move|p1b: Zamazenta|Body Press|p2b: Fuwawa
|-damage|p2b: Fuwawa|0 fnt
|faint|p2b: Fuwawa
|
|win|Hazweioh
|raw|Hazweioh's rating: 1501 &rarr; <strong>1518</strong><br />(+17 for winning)
|raw|Professor_J93's rating: 1447 &rarr; <strong>1430</strong><br />(-17 for losing)
|l|☆Professor_J93
|player|p2|
|l|☆Hazweioh
|player|p1|
