|j|☆igxigxigx
|j|☆xdt707
|t:|1750730240
|gametype|doubles
|player|p1|igxigxigx|266|1099
|player|p2|xdt707|swimmerf-gen4|1109
|teamsize|p1|6
|teamsize|p2|6
|gen|9
|tier|[Gen 9] VGC 2025 Reg I
|rated|
|rule|Species Clause: Limit one of each Pokémon
|rule|Item Clause: Limit 1 of each item
|clearpoke
|poke|p1|Weezing-Galar, L50, F|
|poke|p1|Dondozo, L50, M|
|poke|p1|Calyrex-Shadow, L50|
|poke|p1|Tatsugiri-Droopy, L50, F|
|poke|p1|Koraidon, L50|
|poke|p1|Chi-Yu, L50|
|poke|p2|Calyrex-Ice, L50|
|poke|p2|Grimmsnarl, L50, M|
|poke|p2|Gholdengo, L50|
|poke|p2|Miraidon, L50|
|poke|p2|Landorus, L50, M|
|poke|p2|Urshifu-*, L50, F|
|teampreview|4
|
|t:|1750730277
|start
|switch|p1a: Weezing|Weezing-Galar, L50, F, shiny|100/100
|switch|p1b: Calyrex|Calyrex-Shadow, L50|100/100
|switch|p2a: Grimmsnarl|Grimmsnarl, L50, M, shiny|100/100
|switch|p2b: Miraidon|Miraidon, L50|100/100
|-ability|p1a: Weezing|Neutralizing Gas
|-ability|p1b: Calyrex|As One
|-ability|p1b: Calyrex|Unnerve
|turn|1
|
|t:|1750730331
|move|p2a: Grimmsnarl|Fake Out|p1a: Weezing
|-damage|p1a: Weezing|90/100
|move|p1b: Calyrex|Astral Barrage|p2a: Grimmsnarl|[spread] p2a,p2b
|-resisted|p2a: Grimmsnarl
|-damage|p2a: Grimmsnarl|67/100
|-damage|p2b: Miraidon|63/100
|-damage|p1b: Calyrex|91/100|[from] item: Life Orb
|move|p2b: Miraidon|Snarl|p1a: Weezing|[spread] p1a,p1b
|-resisted|p1a: Weezing
|-supereffective|p1b: Calyrex
|-damage|p1a: Weezing|82/100
|-damage|p1b: Calyrex|31/100
|-unboost|p1a: Weezing|spa|1
|-unboost|p1b: Calyrex|spa|1
|cant|p1a: Weezing|flinch
|
|-heal|p2a: Grimmsnarl|73/100|[from] item: Leftovers
|upkeep
|turn|2
|inactive|Battle timer is ON: inactive players will automatically lose when time's up. (requested by xdt707)
|
|t:|1750730351
|move|p1b: Calyrex|Protect|p1b: Calyrex
|-singleturn|p1b: Calyrex|Protect
|move|p2a: Grimmsnarl|Sucker Punch||[still]
|-fail|p2a: Grimmsnarl
|move|p2b: Miraidon|Volt Switch|p1a: Weezing
|-damage|p1a: Weezing|44/100
|-enditem|p1a: Weezing|Sitrus Berry|[eat]
|-heal|p1a: Weezing|69/100|[from] item: Sitrus Berry
|
|t:|1750730362
|switch|p2b: Landorus|Landorus, L50, M, shiny|100/100|[from] Volt Switch
|move|p1a: Weezing|Dazzling Gleam|p2a: Grimmsnarl|[spread] p2a,p2b
|-supereffective|p2a: Grimmsnarl
|-damage|p2a: Grimmsnarl|48/100
|-damage|p2b: Landorus|88/100
|
|-heal|p2a: Grimmsnarl|54/100|[from] item: Leftovers
|upkeep
|turn|3
|
|t:|1750730379
|switch|p1b: Tatsugiri|Tatsugiri-Droopy, L50, F, shiny|100/100
|-end|p1a: Weezing|ability: Neutralizing Gas
|switch|p1a: Dondozo|Dondozo, L50, M|100/100
|-activate|p1b: Tatsugiri|ability: Commander|[of] p1a: Dondozo
|-boost|p1a: Dondozo|atk|2
|-boost|p1a: Dondozo|spa|2
|-boost|p1a: Dondozo|spe|2
|-boost|p1a: Dondozo|def|2
|-boost|p1a: Dondozo|spd|2
|move|p2a: Grimmsnarl|Sucker Punch||[still]
|-fail|p2a: Grimmsnarl
|move|p2b: Landorus|Sandsear Storm|p1a: Dondozo|[spread] p1a
|-miss|p2b: Landorus|p1b: Tatsugiri
|-damage|p1a: Dondozo|70/100
|
|-heal|p1a: Dondozo|76/100|[from] item: Leftovers
|-heal|p2a: Grimmsnarl|60/100|[from] item: Leftovers
|upkeep
|turn|4
|inactive|igxigxigx has 30 seconds left.
|inactive|xdt707 has 30 seconds left.
|inactive|xdt707 has 20 seconds left.
|inactive|xdt707 has 15 seconds left.
|inactive|igxigxigx has 20 seconds left.
|inactive|xdt707 has 10 seconds left.
|inactive|igxigxigx has 15 seconds left.
|inactive|igxigxigx has 10 seconds left.
|inactive|igxigxigx has 5 seconds left.
|
|t:|1750730439
|move|p1a: Dondozo|Protect|p1a: Dondozo
|-singleturn|p1a: Dondozo|Protect
|move|p2b: Landorus|Protect|p2b: Landorus
|-singleturn|p2b: Landorus|Protect
|move|p2a: Grimmsnarl|Foul Play|p1a: Dondozo
|-activate|p1a: Dondozo|move: Protect
|
|-heal|p1a: Dondozo|82/100|[from] item: Leftovers
|-heal|p2a: Grimmsnarl|66/100|[from] item: Leftovers
|upkeep
|turn|5
|inactive|igxigxigx has 30 seconds left.
|
|t:|1750730467
|-terastallize|p2b: Landorus|Water
|move|p2a: Grimmsnarl|Parting Shot|p1a: Dondozo
|-unboost|p1a: Dondozo|atk|1
|-unboost|p1a: Dondozo|spa|1
|
|t:|1750730472
|switch|p2a: Miraidon|Miraidon, L50|63/100|[from] Parting Shot
|-fieldstart|move: Electric Terrain|[from] ability: Hadron Engine|[of] p2a: Miraidon
|move|p1a: Dondozo|Earthquake|p2a: Miraidon|[spread] p2a,p2b
|-miss|p1a: Dondozo|p1b: Tatsugiri
|-supereffective|p2a: Miraidon
|-damage|p2a: Miraidon|22/100
|-damage|p2b: Landorus|64/100
|move|p2b: Landorus|Sandsear Storm|p1a: Dondozo|[spread] p1a
|-miss|p2b: Landorus|p1b: Tatsugiri
|-damage|p1a: Dondozo|53/100
|
|-heal|p1a: Dondozo|59/100|[from] item: Leftovers
|upkeep
|turn|6
|
|t:|1750730495
|move|p1a: Dondozo|Protect|p1a: Dondozo
|-singleturn|p1a: Dondozo|Protect
|move|p2a: Miraidon|Volt Switch|p1a: Dondozo
|-activate|p1a: Dondozo|move: Protect
|move|p2b: Landorus|Sandsear Storm|p1b: Tatsugiri|[spread] 
|-miss|p2b: Landorus|p1b: Tatsugiri
|-activate|p1a: Dondozo|move: Protect
|
|-heal|p1a: Dondozo|65/100|[from] item: Leftovers
|upkeep
|turn|7
|
|t:|1750730515
|-terastallize|p1a: Dondozo|Grass
|move|p2a: Miraidon|Volt Switch|p1a: Dondozo
|-resisted|p1a: Dondozo
|-damage|p1a: Dondozo|49/100
|
|t:|1750730523
|switch|p2a: Calyrex|Calyrex-Ice, L50|100/100|[from] Volt Switch
|-ability|p2a: Calyrex|As One
|-ability|p2a: Calyrex|Unnerve
|move|p1a: Dondozo|Order Up|p2b: Landorus
|-damage|p2b: Landorus|38/100
|-boost|p1a: Dondozo|def|1
|move|p2b: Landorus|Sandsear Storm|p1a: Dondozo|[spread] p1a
|-miss|p2b: Landorus|p1b: Tatsugiri
|-resisted|p1a: Dondozo
|-damage|p1a: Dondozo|35/100
|
|-heal|p1a: Dondozo|41/100|[from] item: Leftovers
|upkeep
|turn|8
|
|t:|1750730545
|move|p1a: Dondozo|Protect|p1a: Dondozo
|-singleturn|p1a: Dondozo|Protect
|move|p2b: Landorus|Sludge Bomb|p1a: Dondozo
|-activate|p1a: Dondozo|move: Protect
|move|p2a: Calyrex|Glacial Lance|p1a: Dondozo|[spread] 
|-miss|p2a: Calyrex|p1b: Tatsugiri
|-activate|p1a: Dondozo|move: Protect
|
|-heal|p1a: Dondozo|47/100|[from] item: Leftovers
|upkeep
|turn|9
|
|t:|1750730559
|move|p1a: Dondozo|Body Press|p2b: Landorus
|-damage|p2b: Landorus|0 fnt
|faint|p2b: Landorus
|move|p2a: Calyrex|Glacial Lance|p1b: Tatsugiri|[spread] p1a
|-miss|p2a: Calyrex|p1b: Tatsugiri
|-supereffective|p1a: Dondozo
|-damage|p1a: Dondozo|9/100
|
|-heal|p1a: Dondozo|15/100|[from] item: Leftovers
|-fieldend|move: Electric Terrain
|upkeep
|inactive|xdt707 has 30 seconds left.
|
|t:|1750730589
|switch|p2b: Miraidon|Miraidon, L50|22/100
|-fieldstart|move: Electric Terrain|[from] ability: Hadron Engine|[of] p2b: Miraidon
|turn|10
|
|t:|1750730598
|move|p1a: Dondozo|Protect|p1a: Dondozo
|-singleturn|p1a: Dondozo|Protect
|move|p2b: Miraidon|Volt Switch|p1a: Dondozo
|-activate|p1a: Dondozo|move: Protect
|move|p2a: Calyrex|Glacial Lance|p1b: Tatsugiri|[spread] 
|-miss|p2a: Calyrex|p1b: Tatsugiri
|-activate|p1a: Dondozo|move: Protect
|
|-heal|p1a: Dondozo|21/100|[from] item: Leftovers
|upkeep
|turn|11
|
|t:|1750730623
|move|p2b: Miraidon|Draco Meteor|p1a: Dondozo
|-damage|p1a: Dondozo|0 fnt
|-unboost|p2b: Miraidon|spa|2
|faint|p1a: Dondozo
|move|p2a: Calyrex|Glacial Lance|p1b: Tatsugiri
|-enditem|p1b: Tatsugiri|Focus Sash
|-damage|p1b: Tatsugiri|1/100
|
|upkeep
|
|t:|1750730644
|switch|p1a: Weezing|Weezing-Galar, L50, F, shiny|69/100
|-ability|p1a: Weezing|Neutralizing Gas
|turn|12
|
|t:|1750730661
|move|p1a: Weezing|Protect|p1a: Weezing
|-singleturn|p1a: Weezing|Protect
|move|p2b: Miraidon|Volt Switch|p1b: Tatsugiri
|-damage|p1b: Tatsugiri|0 fnt
|faint|p1b: Tatsugiri
|
|t:|1750730666
|switch|p2b: Grimmsnarl|Grimmsnarl, L50, M, shiny|66/100|[from] Volt Switch
|move|p2a: Calyrex|Glacial Lance|p1a: Weezing
|-activate|p1a: Weezing|move: Protect
|
|-heal|p2b: Grimmsnarl|72/100|[from] item: Leftovers
|upkeep
|
|t:|1750730672
|switch|p1b: Calyrex|Calyrex-Shadow, L50|31/100
|-ability|p1b: Calyrex|As One
|-ability|p1b: Calyrex|Unnerve
|turn|13
|
|t:|1750730685
|move|p2b: Grimmsnarl|Sucker Punch|p1b: Calyrex
|-supereffective|p1b: Calyrex
|-damage|p1b: Calyrex|0 fnt
|faint|p1b: Calyrex
|move|p1a: Weezing|Dazzling Gleam|p2b: Grimmsnarl|[spread] p2a,p2b
|-supereffective|p2b: Grimmsnarl
|-damage|p2a: Calyrex|89/100
|-damage|p2b: Grimmsnarl|35/100
|move|p2a: Calyrex|Glacial Lance|p1a: Weezing
|-damage|p1a: Weezing|0 fnt
|faint|p1a: Weezing
|-end|p1a: Weezing|ability: Neutralizing Gas
|
|win|xdt707
|raw|igxigxigx's rating: 1099 &rarr; <strong>1075</strong><br />(-24 for losing)
|raw|xdt707's rating: 1109 &rarr; <strong>1133</strong><br />(+24 for winning)
|l|☆igxigxigx
|player|p1|
