|j|☆SnorlaxPikachu1
|j|☆Tiranossauro
|t:|1750778282
|gametype|doubles
|player|p1|SnorlaxPikachu1|palmer|
|player|p2|Tiranossauro|pokemaniac|
|teamsize|p1|6
|teamsize|p2|6
|gen|9
|tier|[Gen 9] VGC 2025 Reg I
|rated|Tournament battle
|rule|Species Clause: Limit one of each Pokémon
|rule|Item Clause: Limit 1 of each item
|raw|<div class="infobox"><details class="readmore" open><summary><strong>2 custom rules:</strong></summary> Force Open Team Sheets, !Open Team Sheets</details></div>
|clearpoke
|poke|p1|Calyrex-Shadow, L50|
|poke|p1|Smeargle, L50, F|
|poke|p1|Zamazenta-*, L50|
|poke|p1|Whimsicott, L50, M|
|poke|p1|Rillaboom, L50, F|
|poke|p1|Ogerpon-Cornerstone, L50, F|
|poke|p2|Tornadus, L50, M|
|poke|p2|Chien-Pao, L50|
|poke|p2|Zamazenta-*, L50|
|poke|p2|Kyogre, L50|
|poke|p2|Landorus, L50, M|
|poke|p2|Urshifu-*, L50, F|
|teampreview|4
|showteam|p1|Calyrex-Shadow||LifeOrb|AsOneSpectrier|AstralBarrage,Psychic,NastyPlot,Protect||||||50|,,,,,Dark]Smeargle||FocusSash|Moody|Spore,FollowMe,WideGuard,FakeOut|||F|||50|,,,,,Grass]Zamazenta-Crowned||RustedShield|DauntlessShield|BodyPress,HeavySlam,WideGuard,Protect||||||50|,,,,,Dragon]Whimsicott||CovertCloak|Prankster|Moonblast,Tailwind,Encore,HelpingHand|||M|||50|,,,,,Dark]Rillaboom||AssaultVest|GrassySurge|GrassyGlide,WoodHammer,FakeOut,Uturn|||F|||50|,,,,,Fire]Ogerpon-Cornerstone||CornerstoneMask|Sturdy|IvyCudgel,FollowMe,SpikyShield,Taunt|||F|||50|,,,,,Rock
|showteam|p2|Tornadus||CovertCloak|Prankster|Tailwind,BleakwindStorm,RainDance,Taunt|||M|||50|,,,,,Dark]Chien-Pao||FocusSash|SwordofRuin|SuckerPunch,Protect,IcicleCrash,Crunch||||||50|,,,,,Grass]Zamazenta-Crowned||RustedShield|DauntlessShield|BodyPress,HeavySlam,Protect,WideGuard||||||50|,,,,,Dragon]Kyogre||AssaultVest|Drizzle|WaterSpout,OriginPulse,Thunder,IceBeam||||||50|,,,,,Grass]Landorus||LifeOrb|SheerForce|EarthPower,SandsearStorm,SludgeBomb,Protect|||M|||50|,,,,,Water]Urshifu-Rapid-Strike||ChoiceScarf|UnseenFist|AquaJet,CloseCombat,SurgingStrikes,Uturn|||F|||50|,,,,,Ghost
|inactive|Battle timer is ON: inactive players will automatically lose when time's up. (requested by Tiranossauro)
|c|☆SnorlaxPikachu1|glhf
|
|t:|1750778309
|start
|switch|p1a: Hypnos|Smeargle, L50, F|100/100
|switch|p1b: Hecate|Calyrex-Shadow, L50|100/100
|switch|p2a: Tornadus|Tornadus, L50, M|100/100
|switch|p2b: Kyogre|Kyogre, L50|100/100
|-ability|p1b: Hecate|As One
|-ability|p1b: Hecate|Unnerve
|-weather|RainDance|[from] ability: Drizzle|[of] p2b: Kyogre
|turn|1
|
|t:|1750778326
|-terastallize|p1b: Hecate|Dark
|move|p1a: Hypnos|Fake Out|p2b: Kyogre
|-damage|p2b: Kyogre|96/100
|move|p1b: Hecate|Nasty Plot|p1b: Hecate
|-boost|p1b: Hecate|spa|2
|move|p2a: Tornadus|Bleakwind Storm|p1b: Hecate|[spread] p1a,p1b
|-damage|p1a: Hypnos|22/100
|-damage|p1b: Hecate|70/100
|-unboost|p1a: Hypnos|spe|1
|cant|p2b: Kyogre|flinch
|
|-weather|RainDance|[upkeep]
|-ability|p1a: Hypnos|Moody|boost
|-boost|p1a: Hypnos|spd|2
|-unboost|p1a: Hypnos|def|1
|upkeep
|turn|2
|
|t:|1750778355
|move|p1a: Hypnos|Wide Guard|p1a: Hypnos
|-singleturn|p1a: Hypnos|Wide Guard
|move|p2a: Tornadus|Tailwind|p2a: Tornadus
|-sidestart|p2: Tiranossauro|move: Tailwind
|move|p2b: Kyogre|Ice Beam|p1a: Hypnos
|-damage|p1a: Hypnos|0 fnt
|faint|p1a: Hypnos
|move|p1b: Hecate|Astral Barrage|p2a: Tornadus|[spread] p2a,p2b
|-damage|p2a: Tornadus|0 fnt
|-damage|p2b: Kyogre|27/100
|faint|p2a: Tornadus
|-ability|p1b: Hecate|Grim Neigh|boost
|-boost|p1b: Hecate|spa|1
|-damage|p1b: Hecate|61/100|[from] item: Life Orb
|
|-weather|RainDance|[upkeep]
|upkeep
|
|t:|1750778373
|switch|p1a: Aurae|Whimsicott, L50, M|100/100
|switch|p2a: Zamazenta|Zamazenta-Crowned, L50|100/100
|-ability|p2a: Zamazenta|Dauntless Shield|boost
|-boost|p2a: Zamazenta|def|1
|turn|3
|
|t:|1750778397
|move|p1b: Hecate|Protect|p1b: Hecate
|-singleturn|p1b: Hecate|Protect
|move|p2a: Zamazenta|Wide Guard|p2a: Zamazenta
|-singleturn|p2a: Zamazenta|Wide Guard
|move|p1a: Aurae|Tailwind|p1a: Aurae
|-sidestart|p1: SnorlaxPikachu1|move: Tailwind
|move|p2b: Kyogre|Origin Pulse|p1a: Aurae|[spread] p1a
|-activate|p1b: Hecate|move: Protect
|-resisted|p1a: Aurae
|-damage|p1a: Aurae|51/100
|
|-weather|RainDance|[upkeep]
|upkeep
|turn|4
|
|t:|1750778419
|switch|p2b: Chien-Pao|Chien-Pao, L50|100/100
|-ability|p2b: Chien-Pao|Sword of Ruin
|move|p1a: Aurae|Encore|p2a: Zamazenta
|-start|p2a: Zamazenta|Encore
|move|p1b: Hecate|Psychic|p2b: Chien-Pao
|-immune|p2b: Chien-Pao
|move|p2a: Zamazenta|Wide Guard||[still]
|-fail|p2a: Zamazenta
|
|-weather|RainDance|[upkeep]
|upkeep
|turn|5
|j| jzdr2
|inactive|Tiranossauro has 30 seconds left.
|
|t:|1750778447
|move|p1b: Hecate|Protect|p1b: Hecate
|-singleturn|p1b: Hecate|Protect
|move|p2a: Zamazenta|Wide Guard|p2a: Zamazenta
|-singleturn|p2a: Zamazenta|Wide Guard
|move|p2b: Chien-Pao|Icicle Crash|p1a: Aurae
|-supereffective|p1a: Aurae
|-damage|p1a: Aurae|0 fnt
|faint|p1a: Aurae
|
|-weather|none
|-sideend|p2: Tiranossauro|move: Tailwind
|upkeep
|
|t:|1750778451
|switch|p1a: Thalia|Ogerpon-Cornerstone, L50, F|100/100
|turn|6
|inactive|Tiranossauro has 30 seconds left.
|
|t:|1750778480
|switch|p2a: Kyogre|Kyogre, L50|27/100
|-weather|RainDance|[from] ability: Drizzle|[of] p2a: Kyogre
|move|p2b: Chien-Pao|Protect|p2b: Chien-Pao
|-singleturn|p2b: Chien-Pao|Protect
|move|p1a: Thalia|Follow Me|p1a: Thalia
|-singleturn|p1a: Thalia|move: Follow Me
|move|p1b: Hecate|Psychic|p2a: Kyogre
|-damage|p2a: Kyogre|0 fnt
|faint|p2a: Kyogre
|-ability|p1b: Hecate|Grim Neigh|boost
|-boost|p1b: Hecate|spa|1
|-damage|p1b: Hecate|51/100|[from] item: Life Orb
|
|-weather|RainDance|[upkeep]
|-sideend|p1: SnorlaxPikachu1|move: Tailwind
|upkeep
|
|t:|1750778482
|switch|p2a: Zamazenta|Zamazenta-Crowned, L50|100/100
|turn|7
|inactive|Tiranossauro has 30 seconds left.
|
|t:|1750778508
|move|p1b: Hecate|Protect|p1b: Hecate
|-singleturn|p1b: Hecate|Protect
|move|p2a: Zamazenta|Protect|p2a: Zamazenta
|-singleturn|p2a: Zamazenta|Protect
|move|p1a: Thalia|Spiky Shield|p1a: Thalia
|-singleturn|p1a: Thalia|move: Protect
|move|p2b: Chien-Pao|Icicle Crash|p1b: Hecate
|-activate|p1b: Hecate|move: Protect
|
|-weather|RainDance|[upkeep]
|upkeep
|turn|8
|
|t:|1750778518
|move|p2a: Zamazenta|Protect||[still]
|-fail|p2a: Zamazenta
|move|p1a: Thalia|Follow Me|p1a: Thalia
|-singleturn|p1a: Thalia|move: Follow Me
|move|p1b: Hecate|Psychic|p2a: Zamazenta
|-damage|p2a: Zamazenta|0 fnt
|faint|p2a: Zamazenta
|-ability|p1b: Hecate|Grim Neigh|boost
|-boost|p1b: Hecate|spa|1
|-damage|p1b: Hecate|42/100|[from] item: Life Orb
|move|p2b: Chien-Pao|Icicle Crash|p1a: Thalia
|-supereffective|p1a: Thalia
|-ability|p1a: Thalia|Sturdy
|-damage|p1a: Thalia|1/100
|
|-weather|RainDance|[upkeep]
|upkeep
|turn|9
|inactive|SnorlaxPikachu1 has 30 seconds left.
|inactive|Tiranossauro has 30 seconds left.
|j| notspocko
|
|t:|1750778549
|move|p1b: Hecate|Protect|p1b: Hecate
|-singleturn|p1b: Hecate|Protect
|move|p2b: Chien-Pao|Icicle Crash|p1a: Thalia
|-supereffective|p1a: Thalia
|-damage|p1a: Thalia|0 fnt
|faint|p1a: Thalia
|
|-weather|RainDance|[upkeep]
|upkeep
|turn|10
|
|t:|1750778563
|move|p1b: Hecate|Astral Barrage|p2b: Chien-Pao
|-resisted|p2b: Chien-Pao
|-enditem|p2b: Chien-Pao|Focus Sash
|-damage|p2b: Chien-Pao|1/100
|-damage|p1b: Hecate|32/100|[from] item: Life Orb
|move|p2b: Chien-Pao|Icicle Crash|p1b: Hecate
|-damage|p1b: Hecate|0 fnt
|faint|p1b: Hecate
|
|win|Tiranossauro
|n|☆SnorlaxPikachu1|snorlaxpikachu1
|n|☆Tiranossauro|tiranossauro
|n| jzdr2|jzdr2
|n| notspocko|notspocko
|c|☆SnorlaxPikachu1|gg
|l| jzdr2
|l|☆SnorlaxPikachu1
|player|p1|
|l| notspocko
|j| notspocko
|l| notspocko
