|j|☆Corporate Donkey
|j|☆LoCaramerda
|t:|1750749605
|gametype|doubles
|player|p1|Corporate Donkey|ingo|1120
|player|p2|LoCaramerda|169|1160
|teamsize|p1|6
|teamsize|p2|6
|gen|9
|tier|[Gen 9] VGC 2025 Reg I
|rated|
|rule|Species Clause: Limit one of each Pokémon
|rule|Item Clause: Limit 1 of each item
|clearpoke
|poke|p1|Kyurem-White, L50|
|poke|p1|Miraidon, L50|
|poke|p1|Amoonguss, L50, M|
|poke|p1|Incineroar, L50, M|
|poke|p1|Tornadus, L50, M|
|poke|p1|Urshifu-*, L50, F|
|poke|p2|Miraidon, L50|
|poke|p2|Kingambit, L50, F|
|poke|p2|Ogerpon-Wellspring, L50, F|
|poke|p2|Incineroar, L50, F|
|poke|p2|Tornadus, L50, M|
|poke|p2|Zacian-*, L50|
|teampreview|4
|inactive|Battle timer is ON: inactive players will automatically lose when time's up. (requested by LoCaramerda)
|inactive|Corporate Donkey also wants the timer to be on.
|c|☆Corporate Donkey|gl hf
Corporate Donkey has agreed to open team sheets.
|
|t:|1750749633
|start
|switch|p1a: After The Storm|Tornadus, L50, M, shiny|100/100
|switch|p1b: Gelato|Kyurem-White, L50, shiny|100/100
|switch|p2a: Miraidon|Miraidon, L50|100/100
|switch|p2b: Incineroar|Incineroar, L50, F|100/100
|-fieldstart|move: Electric Terrain|[from] ability: Hadron Engine|[of] p2a: Miraidon
|-ability|p1b: Gelato|Turboblaze
|-ability|p2b: Incineroar|Intimidate|boost
|-unboost|p1a: After The Storm|atk|1
|-unboost|p1b: Gelato|atk|1
|turn|1
|
|t:|1750749652
|switch|p1b: Nacho Libre|Incineroar, L50, M|100/100
|-ability|p1b: Nacho Libre|Intimidate|boost
|-unboost|p2a: Miraidon|atk|1
|-unboost|p2b: Incineroar|atk|1
|move|p2b: Incineroar|Fake Out|p1b: Nacho Libre
|-damage|p1b: Nacho Libre|96/100
|move|p1a: After The Storm|Tailwind|p1a: After The Storm
|-sidestart|p1: Corporate Donkey|move: Tailwind
|move|p2a: Miraidon|Volt Switch|p1a: After The Storm
|-supereffective|p1a: After The Storm
|-damage|p1a: After The Storm|0 fnt
|faint|p1a: After The Storm
|
|t:|1750749665
|switch|p2a: Kingambit|Kingambit, L50, F|100/100|[from] Volt Switch
|
|upkeep
|
|t:|1750749669
|switch|p1a: Gelato|Kyurem-White, L50, shiny|100/100
|-ability|p1a: Gelato|Turboblaze
|turn|2
|
|t:|1750749682
|move|p2a: Kingambit|Protect|p2a: Kingambit
|-singleturn|p2a: Kingambit|Protect
|move|p1b: Nacho Libre|Fake Out|p2b: Incineroar
|-damage|p2b: Incineroar|93/100
|move|p1a: Gelato|Earth Power|p2b: Incineroar
|-supereffective|p2b: Incineroar
|-damage|p2b: Incineroar|16/100
|cant|p2b: Incineroar|flinch
|
|upkeep
|turn|3
|
|t:|1750749705
|move|p1a: Gelato|Fusion Flare|p2a: Kingambit
|-supereffective|p2a: Kingambit
|-damage|p2a: Kingambit|14/100
|move|p1b: Nacho Libre|Flare Blitz|p2b: Incineroar
|-resisted|p2b: Incineroar
|-damage|p2b: Incineroar|0 fnt
|faint|p2b: Incineroar
|-damage|p1b: Nacho Libre|91/100|[from] Recoil
|move|p2a: Kingambit|Kowtow Cleave|p1a: Gelato
|-damage|p1a: Gelato|58/100
|
|upkeep
|
|t:|1750749720
|switch|p2b: Zacian|Zacian-Crowned, L50|100/100
|-ability|p2b: Zacian|Intrepid Sword|boost
|-boost|p2b: Zacian|atk|1
|turn|4
|
|t:|1750749731
|-terastallize|p1a: Gelato|Fire
|move|p2b: Zacian|Protect|p2b: Zacian
|-singleturn|p2b: Zacian|Protect
|move|p2a: Kingambit|Protect|p2a: Kingambit
|-singleturn|p2a: Kingambit|Protect
|move|p1a: Gelato|Fusion Flare|p2b: Zacian
|-activate|p2b: Zacian|move: Protect
|move|p1b: Nacho Libre|Flare Blitz|p2a: Kingambit
|-activate|p2a: Kingambit|move: Protect
|
|-sideend|p1: Corporate Donkey|move: Tailwind
|upkeep
|turn|5
|
|t:|1750749752
|-terastallize|p2b: Zacian|Ground
|move|p2a: Kingambit|Sucker Punch|p1a: Gelato
|-damage|p1a: Gelato|25/100
|move|p2b: Zacian|Sacred Sword|p1b: Nacho Libre
|-supereffective|p1b: Nacho Libre
|-damage|p1b: Nacho Libre|8/100
|move|p1a: Gelato|Fusion Flare|p2b: Zacian
|-damage|p2b: Zacian|38/100
|move|p1b: Nacho Libre|Parting Shot|p2b: Zacian
|-unboost|p2b: Zacian|atk|1
|-unboost|p2b: Zacian|spa|1
|
|t:|1750749763
|switch|p1b: Mjolnir|Miraidon, L50|100/100|[from] Parting Shot
|-activate|p1b: Mjolnir|ability: Hadron Engine
|
|-fieldend|move: Electric Terrain
|upkeep
|turn|6
|
|t:|1750749777
|move|p2a: Kingambit|Sucker Punch|p1a: Gelato
|-crit|p1a: Gelato
|-damage|p1a: Gelato|0 fnt
|faint|p1a: Gelato
|move|p1b: Mjolnir|Draco Meteor|p2b: Zacian
|-damage|p2b: Zacian|0 fnt
|-unboost|p1b: Mjolnir|spa|2
|faint|p2b: Zacian
|
|upkeep
|
|t:|1750749784
|switch|p2b: Miraidon|Miraidon, L50|100/100
|switch|p1a: Nacho Libre|Incineroar, L50, M|8/100
|-fieldstart|move: Electric Terrain|[from] ability: Hadron Engine|[of] p2b: Miraidon
|-ability|p1a: Nacho Libre|Intimidate|boost
|-unboost|p2a: Kingambit|atk|1
|-ability|p2a: Kingambit|Defiant|boost
|-boost|p2a: Kingambit|atk|2
|-unboost|p2b: Miraidon|atk|1
|turn|7
|
|t:|1750749796
|move|p2a: Kingambit|Protect|p2a: Kingambit
|-singleturn|p2a: Kingambit|Protect
|move|p1a: Nacho Libre|Fake Out|p2b: Miraidon
|-damage|p2b: Miraidon|90/100
|move|p1b: Mjolnir|Draco Meteor|p2b: Miraidon
|-supereffective|p2b: Miraidon
|-damage|p2b: Miraidon|0 fnt
|-unboost|p1b: Mjolnir|spa|2
|faint|p2b: Miraidon
|
|upkeep
|turn|8
|-message|LoCaramerda forfeited.
|
|win|Corporate Donkey
|raw|Corporate Donkey's rating: 1120 &rarr; <strong>1148</strong><br />(+28 for winning)
|raw|LoCaramerda's rating: 1160 &rarr; <strong>1132</strong><br />(-28 for losing)
|l|☆LoCaramerda
|player|p2|
