|j|☆WeWantBreathOfFire
|j|☆pabloam2006
|t:|1750847444
|gametype|doubles
|player|p1|WeWantBreathOfFire|pryce|1613
|player|p2|pabloam2006|skyla|1753
|teamsize|p1|6
|teamsize|p2|6
|gen|9
|tier|[Gen 9] VGC 2025 Reg I
|rated|
|rule|Species Clause: Limit one of each Pokémon
|rule|Item Clause: Limit 1 of each item
|clearpoke
|poke|p1|Rillaboom, L50, F|
|poke|p1|Urshifu-*, L50, F|
|poke|p1|Eternatus, L50|
|poke|p1|Kyogre, L50|
|poke|p1|Incineroar, L50, M|
|poke|p1|Wo-Chien, L50|
|poke|p2|Tornadus, L50, M|
|poke|p2|Smeargle, L50, F|
|poke|p2|Calyrex-Shadow, L50|
|poke|p2|Raging Bolt, L50|
|poke|p2|Zamazenta-*, L50|
|poke|p2|Rillaboom, L50, F|
|teampreview|4
|inactive|Battle timer is ON: inactive players will automatically lose when time's up. (requested by WeWantBreathOfFire)
|
|t:|1750847488
|start
|switch|p1a: Eternatus|Eternatus, L50|100/100
|switch|p1b: Wo-Chien|Wo-Chien, L50|100/100
|switch|p2a: Smeargle|Smeargle, L50, F|100/100
|switch|p2b: Calyrex|Calyrex-Shadow, L50|100/100
|-ability|p2b: Calyrex|As One
|-ability|p2b: Calyrex|Unnerve
|-ability|p1a: Eternatus|Pressure
|-ability|p1b: Wo-Chien|Tablets of Ruin
|turn|1
|
|t:|1750847504
|switch|p1a: Urshifu|Urshifu, L50, F|100/100
|-terastallize|p2b: Calyrex|Dark
|move|p2a: Smeargle|Fake Out|p1a: Urshifu
|-damage|p1a: Urshifu|97/100
|move|p2b: Calyrex|Nasty Plot|p2b: Calyrex
|-boost|p2b: Calyrex|spa|2
|move|p1b: Wo-Chien|Snarl|p2b: Calyrex|[spread] p2a,p2b
|-resisted|p2b: Calyrex
|-damage|p2a: Smeargle|75/100
|-damage|p2b: Calyrex|93/100
|-unboost|p2a: Smeargle|spa|1
|-unboost|p2b: Calyrex|spa|1
|
|-ability|p2a: Smeargle|Moody|boost
|-boost|p2a: Smeargle|spa|2
|-unboost|p2a: Smeargle|spe|1
|upkeep
|turn|2
|
|t:|1750847519
|move|p1a: Urshifu|Protect|p1a: Urshifu
|-singleturn|p1a: Urshifu|Protect
|move|p2a: Smeargle|Follow Me|p2a: Smeargle
|-singleturn|p2a: Smeargle|move: Follow Me
|move|p2b: Calyrex|Astral Barrage|p1a: Urshifu|[spread] p1b
|-activate|p1a: Urshifu|move: Protect
|-resisted|p1b: Wo-Chien
|-damage|p1b: Wo-Chien|66/100
|-damage|p2b: Calyrex|83/100|[from] item: Life Orb
|move|p1b: Wo-Chien|Leech Seed|p2a: Smeargle
|-start|p2a: Smeargle|move: Leech Seed
|
|-damage|p2a: Smeargle|62/100|[from] Leech Seed|[of] p1b: Wo-Chien
|-heal|p1b: Wo-Chien|77/100|[silent]
|-ability|p2a: Smeargle|Moody|boost
|-boost|p2a: Smeargle|def|2
|-unboost|p2a: Smeargle|spa|1
|upkeep
|turn|3
|
|t:|1750847532
|move|p2a: Smeargle|Follow Me|p2a: Smeargle
|-singleturn|p2a: Smeargle|move: Follow Me
|move|p2b: Calyrex|Astral Barrage|p1a: Urshifu|[spread] p1a,p1b
|-resisted|p1a: Urshifu
|-resisted|p1b: Wo-Chien
|-damage|p1a: Urshifu|17/100
|-damage|p1b: Wo-Chien|38/100
|-damage|p2b: Calyrex|74/100|[from] item: Life Orb
|move|p1a: Urshifu|Close Combat|p2a: Smeargle
|-supereffective|p2a: Smeargle
|-damage|p2a: Smeargle|0 fnt
|-unboost|p1a: Urshifu|def|1
|-unboost|p1a: Urshifu|spd|1
|faint|p2a: Smeargle
|move|p1b: Wo-Chien|Leech Seed|p2b: Calyrex
|-start|p2b: Calyrex|move: Leech Seed
|
|-damage|p2b: Calyrex|62/100|[from] Leech Seed|[of] p1b: Wo-Chien
|-heal|p1b: Wo-Chien|49/100|[silent]
|upkeep
|
|t:|1750847547
|switch|p2a: Zamazenta|Zamazenta-Crowned, L50|100/100
|-ability|p2a: Zamazenta|Dauntless Shield|boost
|-boost|p2a: Zamazenta|def|1
|turn|4
|
|t:|1750847554
|move|p1a: Urshifu|Protect|p1a: Urshifu
|-singleturn|p1a: Urshifu|Protect
|move|p1b: Wo-Chien|Protect|p1b: Wo-Chien
|-singleturn|p1b: Wo-Chien|Protect
|move|p2b: Calyrex|Astral Barrage|p1a: Urshifu|[spread] 
|-activate|p1a: Urshifu|move: Protect
|-activate|p1b: Wo-Chien|move: Protect
|move|p2a: Zamazenta|Body Press|p1b: Wo-Chien
|-activate|p1b: Wo-Chien|move: Protect
|
|-damage|p2b: Calyrex|50/100|[from] Leech Seed|[of] p1b: Wo-Chien
|-heal|p1b: Wo-Chien|60/100|[silent]
|upkeep
|turn|5
|inactive|WeWantBreathOfFire has 30 seconds left.
|
|t:|1750847585
|-terastallize|p1a: Urshifu|Dark
|move|p1b: Wo-Chien|Protect||[still]
|-fail|p1b: Wo-Chien
|move|p1a: Urshifu|Sucker Punch|p2b: Calyrex
|-resisted|p2b: Calyrex
|-damage|p2b: Calyrex|26/100
|move|p2b: Calyrex|Astral Barrage|p1b: Wo-Chien|[spread] p1a,p1b
|-resisted|p1a: Urshifu
|-resisted|p1b: Wo-Chien
|-damage|p1a: Urshifu|0 fnt
|-damage|p1b: Wo-Chien|24/100
|faint|p1a: Urshifu
|-ability|p2b: Calyrex|Grim Neigh|boost
|-boost|p2b: Calyrex|spa|1
|-damage|p2b: Calyrex|16/100|[from] item: Life Orb
|move|p2a: Zamazenta|Body Press|p1b: Wo-Chien
|-supereffective|p1b: Wo-Chien
|-damage|p1b: Wo-Chien|0 fnt
|faint|p1b: Wo-Chien
|
|upkeep
|
|t:|1750847591
|switch|p1a: Kyogre|Kyogre, L50|100/100
|switch|p1b: Eternatus|Eternatus, L50|100/100
|-weather|RainDance|[from] ability: Drizzle|[of] p1a: Kyogre
|-ability|p1b: Eternatus|Pressure
|turn|6
|
|t:|1750847608
|move|p1a: Kyogre|Thunder|p2b: Calyrex
|-damage|p2b: Calyrex|0 fnt
|faint|p2b: Calyrex
|move|p2a: Zamazenta|Body Press|p1a: Kyogre
|-damage|p1a: Kyogre|16/100
|move|p1b: Eternatus|Cosmic Power|p1b: Eternatus
|-boost|p1b: Eternatus|def|1
|-boost|p1b: Eternatus|spd|1
|
|-weather|RainDance|[upkeep]
|upkeep
|
|t:|1750847615
|switch|p2b: Rillaboom|Rillaboom, L50, F|100/100
|-fieldstart|move: Grassy Terrain|[from] ability: Grassy Surge|[of] p2b: Rillaboom
|turn|7
|
|t:|1750847621
|move|p2b: Rillaboom|Grassy Glide|p1a: Kyogre
|-supereffective|p1a: Kyogre
|-damage|p1a: Kyogre|0 fnt
|faint|p1a: Kyogre
|move|p2a: Zamazenta|Body Press|p1b: Eternatus
|-resisted|p1b: Eternatus
|-damage|p1b: Eternatus|88/100
|move|p1b: Eternatus|Cosmic Power|p1b: Eternatus
|-boost|p1b: Eternatus|def|1
|-boost|p1b: Eternatus|spd|1
|
|-weather|RainDance|[upkeep]
|-heal|p1b: Eternatus|94/100|[from] Grassy Terrain
|-heal|p1b: Eternatus|100/100|[from] item: Leftovers
|upkeep
|turn|8
|
|t:|1750847634
|move|p2a: Zamazenta|Heavy Slam|p1b: Eternatus
|-damage|p1b: Eternatus|96/100
|move|p1b: Eternatus|Cosmic Power|p1b: Eternatus
|-boost|p1b: Eternatus|def|1
|-boost|p1b: Eternatus|spd|1
|move|p2b: Rillaboom|Wood Hammer|p1b: Eternatus
|-resisted|p1b: Eternatus
|-damage|p1b: Eternatus|92/100
|-damage|p2b: Rillaboom|99/100|[from] Recoil
|
|-weather|RainDance|[upkeep]
|-heal|p1b: Eternatus|98/100|[from] Grassy Terrain
|-heal|p1b: Eternatus|100/100|[from] item: Leftovers
|-heal|p2b: Rillaboom|100/100|[from] Grassy Terrain
|upkeep
|turn|9
|
|t:|1750847646
|move|p2a: Zamazenta|Body Press|p1b: Eternatus
|-resisted|p1b: Eternatus
|-damage|p1b: Eternatus|92/100
|move|p1b: Eternatus|Substitute|p1b: Eternatus
|-start|p1b: Eternatus|Substitute
|-damage|p1b: Eternatus|67/100
|move|p2b: Rillaboom|Wood Hammer|p1b: Eternatus
|-resisted|p1b: Eternatus
|-activate|p1b: Eternatus|move: Substitute|[damage]
|-damage|p2b: Rillaboom|99/100|[from] Recoil|[of] p1b: Eternatus
|
|-weather|RainDance|[upkeep]
|-heal|p1b: Eternatus|73/100|[from] Grassy Terrain
|-heal|p1b: Eternatus|79/100|[from] item: Leftovers
|-heal|p2b: Rillaboom|100/100|[from] Grassy Terrain
|upkeep
|turn|10
|
|t:|1750847652
|move|p2a: Zamazenta|Body Press|p1b: Eternatus
|-resisted|p1b: Eternatus
|-activate|p1b: Eternatus|move: Substitute|[damage]
|move|p1b: Eternatus|Cosmic Power|p1b: Eternatus
|-boost|p1b: Eternatus|def|1
|-boost|p1b: Eternatus|spd|1
|move|p2b: Rillaboom|Wood Hammer|p1b: Eternatus
|-resisted|p1b: Eternatus
|-activate|p1b: Eternatus|move: Substitute|[damage]
|-damage|p2b: Rillaboom|99/100|[from] Recoil|[of] p1b: Eternatus
|
|-weather|none
|-heal|p1b: Eternatus|86/100|[from] Grassy Terrain
|-heal|p1b: Eternatus|92/100|[from] item: Leftovers
|-heal|p2b: Rillaboom|100/100|[from] Grassy Terrain
|upkeep
|turn|11
|
|t:|1750847656
|move|p2a: Zamazenta|Body Press|p1b: Eternatus
|-resisted|p1b: Eternatus
|-activate|p1b: Eternatus|move: Substitute|[damage]
|move|p1b: Eternatus|Cosmic Power|p1b: Eternatus
|-boost|p1b: Eternatus|def|1
|-boost|p1b: Eternatus|spd|1
|move|p2b: Rillaboom|Wood Hammer|p1b: Eternatus
|-resisted|p1b: Eternatus
|-end|p1b: Eternatus|Substitute
|-damage|p2b: Rillaboom|99/100|[from] Recoil|[of] p1b: Eternatus
|
|-heal|p1b: Eternatus|98/100|[from] Grassy Terrain
|-heal|p1b: Eternatus|100/100|[from] item: Leftovers
|-heal|p2b: Rillaboom|100/100|[from] Grassy Terrain
|-fieldend|move: Grassy Terrain
|upkeep
|turn|12
|
|t:|1750847664
|move|p2a: Zamazenta|Body Press|p1b: Eternatus
|-resisted|p1b: Eternatus
|-damage|p1b: Eternatus|95/100
|move|p1b: Eternatus|Substitute|p1b: Eternatus
|-start|p1b: Eternatus|Substitute
|-damage|p1b: Eternatus|70/100
|move|p2b: Rillaboom|Wood Hammer|p1b: Eternatus
|-resisted|p1b: Eternatus
|-activate|p1b: Eternatus|move: Substitute|[damage]
|-damage|p2b: Rillaboom|99/100|[from] Recoil|[of] p1b: Eternatus
|
|-heal|p1b: Eternatus|76/100|[from] item: Leftovers
|upkeep
|turn|13
|
|t:|1750847668
|move|p2a: Zamazenta|Body Press|p1b: Eternatus
|-resisted|p1b: Eternatus
|-activate|p1b: Eternatus|move: Substitute|[damage]
|move|p1b: Eternatus|Sludge Bomb|p2b: Rillaboom
|-supereffective|p2b: Rillaboom
|-damage|p2b: Rillaboom|36/100
|-status|p2b: Rillaboom|psn
|move|p2b: Rillaboom|Wood Hammer|p1b: Eternatus
|-resisted|p1b: Eternatus
|-activate|p1b: Eternatus|move: Substitute|[damage]
|-damage|p2b: Rillaboom|35/100 psn|[from] Recoil|[of] p1b: Eternatus
|
|-heal|p1b: Eternatus|82/100|[from] item: Leftovers
|-damage|p2b: Rillaboom|23/100 psn|[from] psn
|upkeep
|turn|14
|
|t:|1750847673
|move|p2a: Zamazenta|Body Press|p1b: Eternatus
|-resisted|p1b: Eternatus
|-activate|p1b: Eternatus|move: Substitute|[damage]
|move|p1b: Eternatus|Cosmic Power|p1b: Eternatus
|-boost|p1b: Eternatus|def|1
|-boost|p1b: Eternatus|spd|1
|move|p2b: Rillaboom|Wood Hammer|p1b: Eternatus
|-resisted|p1b: Eternatus
|-activate|p1b: Eternatus|move: Substitute|[damage]
|-damage|p2b: Rillaboom|22/100 psn|[from] Recoil|[of] p1b: Eternatus
|
|-heal|p1b: Eternatus|88/100|[from] item: Leftovers
|-damage|p2b: Rillaboom|10/100 psn|[from] psn
|upkeep
|turn|15
|
|t:|1750847680
|move|p2a: Zamazenta|Heavy Slam|p1b: Eternatus
|-activate|p1b: Eternatus|move: Substitute|[damage]
|move|p1b: Eternatus|Sludge Bomb|p2b: Rillaboom
|-supereffective|p2b: Rillaboom
|-damage|p2b: Rillaboom|0 fnt
|faint|p2b: Rillaboom
|
|-heal|p1b: Eternatus|94/100|[from] item: Leftovers
|upkeep
|turn|16
|
|t:|1750847683
|move|p2a: Zamazenta|Heavy Slam|p1b: Eternatus
|-activate|p1b: Eternatus|move: Substitute|[damage]
|move|p1b: Eternatus|Cosmic Power|p1b: Eternatus
|-boost|p1b: Eternatus|def|0
|-boost|p1b: Eternatus|spd|0
|
|-heal|p1b: Eternatus|100/100|[from] item: Leftovers
|upkeep
|turn|17
|
|t:|1750847693
|move|p2a: Zamazenta|Protect|p2a: Zamazenta
|-singleturn|p2a: Zamazenta|Protect
|move|p1b: Eternatus|Cosmic Power|p1b: Eternatus
|-boost|p1b: Eternatus|def|0
|-boost|p1b: Eternatus|spd|0
|
|upkeep
|turn|18
|
|t:|1750847695
|move|p2a: Zamazenta|Wide Guard|p2a: Zamazenta
|-singleturn|p2a: Zamazenta|Wide Guard
|move|p1b: Eternatus|Cosmic Power|p1b: Eternatus
|-boost|p1b: Eternatus|def|0
|-boost|p1b: Eternatus|spd|0
|
|upkeep
|turn|19
|
|t:|1750847697
|move|p2a: Zamazenta|Wide Guard|p2a: Zamazenta
|-singleturn|p2a: Zamazenta|Wide Guard
|move|p1b: Eternatus|Cosmic Power|p1b: Eternatus
|-boost|p1b: Eternatus|def|0
|-boost|p1b: Eternatus|spd|0
|
|upkeep
|turn|20
|
|t:|1750847698
|move|p2a: Zamazenta|Wide Guard|p2a: Zamazenta
|-singleturn|p2a: Zamazenta|Wide Guard
|move|p1b: Eternatus|Cosmic Power|p1b: Eternatus
|-boost|p1b: Eternatus|def|0
|-boost|p1b: Eternatus|spd|0
|
|upkeep
|turn|21
|
|t:|1750847699
|move|p2a: Zamazenta|Wide Guard|p2a: Zamazenta
|-singleturn|p2a: Zamazenta|Wide Guard
|move|p1b: Eternatus|Cosmic Power|p1b: Eternatus
|-boost|p1b: Eternatus|def|0
|-boost|p1b: Eternatus|spd|0
|
|upkeep
|turn|22
|
|t:|1750847705
|move|p2a: Zamazenta|Wide Guard|p2a: Zamazenta
|-singleturn|p2a: Zamazenta|Wide Guard
|move|p1b: Eternatus|Cosmic Power|p1b: Eternatus
|-boost|p1b: Eternatus|def|0
|-boost|p1b: Eternatus|spd|0
|
|upkeep
|turn|23
|
|t:|1750847707
|move|p2a: Zamazenta|Wide Guard|p2a: Zamazenta
|-singleturn|p2a: Zamazenta|Wide Guard
|move|p1b: Eternatus|Cosmic Power|p1b: Eternatus
|-boost|p1b: Eternatus|def|0
|-boost|p1b: Eternatus|spd|0
|
|upkeep
|turn|24
|
|t:|1750847708
|move|p2a: Zamazenta|Wide Guard|p2a: Zamazenta
|-singleturn|p2a: Zamazenta|Wide Guard
|move|p1b: Eternatus|Cosmic Power|p1b: Eternatus
|-boost|p1b: Eternatus|def|0
|-boost|p1b: Eternatus|spd|0
|
|upkeep
|turn|25
|
|t:|1750847709
|move|p2a: Zamazenta|Wide Guard|p2a: Zamazenta
|-singleturn|p2a: Zamazenta|Wide Guard
|move|p1b: Eternatus|Cosmic Power|p1b: Eternatus
|-boost|p1b: Eternatus|def|0
|-boost|p1b: Eternatus|spd|0
|
|upkeep
|turn|26
|
|t:|1750847710
|move|p2a: Zamazenta|Wide Guard|p2a: Zamazenta
|-singleturn|p2a: Zamazenta|Wide Guard
|move|p1b: Eternatus|Cosmic Power|p1b: Eternatus
|-boost|p1b: Eternatus|def|0
|-boost|p1b: Eternatus|spd|0
|
|upkeep
|turn|27
|
|t:|1750847712
|move|p2a: Zamazenta|Wide Guard|p2a: Zamazenta
|-singleturn|p2a: Zamazenta|Wide Guard
|move|p1b: Eternatus|Cosmic Power|p1b: Eternatus
|-boost|p1b: Eternatus|def|0
|-boost|p1b: Eternatus|spd|0
|
|upkeep
|turn|28
|
|t:|1750847713
|move|p2a: Zamazenta|Wide Guard|p2a: Zamazenta
|-singleturn|p2a: Zamazenta|Wide Guard
|move|p1b: Eternatus|Cosmic Power|p1b: Eternatus
|-boost|p1b: Eternatus|def|0
|-boost|p1b: Eternatus|spd|0
|
|upkeep
|turn|29
|
|t:|1750847714
|move|p2a: Zamazenta|Wide Guard|p2a: Zamazenta
|-singleturn|p2a: Zamazenta|Wide Guard
|move|p1b: Eternatus|Cosmic Power|p1b: Eternatus
|-boost|p1b: Eternatus|def|0
|-boost|p1b: Eternatus|spd|0
|
|upkeep
|turn|30
|
|t:|1750847716
|move|p2a: Zamazenta|Wide Guard|p2a: Zamazenta
|-singleturn|p2a: Zamazenta|Wide Guard
|move|p1b: Eternatus|Cosmic Power|p1b: Eternatus
|-boost|p1b: Eternatus|def|0
|-boost|p1b: Eternatus|spd|0
|
|upkeep
|turn|31
|
|t:|1750847717
|move|p2a: Zamazenta|Wide Guard|p2a: Zamazenta
|-singleturn|p2a: Zamazenta|Wide Guard
|move|p1b: Eternatus|Cosmic Power|p1b: Eternatus
|-boost|p1b: Eternatus|def|0
|-boost|p1b: Eternatus|spd|0
|
|upkeep
|turn|32
|
|t:|1750847718
|move|p2a: Zamazenta|Wide Guard|p2a: Zamazenta
|-singleturn|p2a: Zamazenta|Wide Guard
|move|p1b: Eternatus|Cosmic Power|p1b: Eternatus
|-boost|p1b: Eternatus|def|0
|-boost|p1b: Eternatus|spd|0
|
|upkeep
|turn|33
|
|t:|1750847719
|move|p2a: Zamazenta|Wide Guard|p2a: Zamazenta
|-singleturn|p2a: Zamazenta|Wide Guard
|move|p1b: Eternatus|Cosmic Power|p1b: Eternatus
|-boost|p1b: Eternatus|def|0
|-boost|p1b: Eternatus|spd|0
|
|upkeep
|turn|34
|
|t:|1750847721
|move|p2a: Zamazenta|Protect||[still]
|-fail|p2a: Zamazenta
|move|p1b: Eternatus|Cosmic Power|p1b: Eternatus
|-boost|p1b: Eternatus|def|0
|-boost|p1b: Eternatus|spd|0
|
|upkeep
|turn|35
|
|t:|1750847723
|move|p2a: Zamazenta|Protect|p2a: Zamazenta
|-singleturn|p2a: Zamazenta|Protect
|move|p1b: Eternatus|Cosmic Power|p1b: Eternatus
|-boost|p1b: Eternatus|def|0
|-boost|p1b: Eternatus|spd|0
|
|upkeep
|turn|36
|
|t:|1750847724
|move|p2a: Zamazenta|Protect||[still]
|-fail|p2a: Zamazenta
|move|p1b: Eternatus|Cosmic Power|p1b: Eternatus
|-boost|p1b: Eternatus|def|0
|-boost|p1b: Eternatus|spd|0
|
|upkeep
|turn|37
|
|t:|1750847725
|move|p2a: Zamazenta|Protect|p2a: Zamazenta
|-singleturn|p2a: Zamazenta|Protect
|move|p1b: Eternatus|Cosmic Power|p1b: Eternatus
|-boost|p1b: Eternatus|def|0
|-boost|p1b: Eternatus|spd|0
|
|upkeep
|turn|38
|
|t:|1750847726
|move|p2a: Zamazenta|Protect||[still]
|-fail|p2a: Zamazenta
|move|p1b: Eternatus|Cosmic Power|p1b: Eternatus
|-boost|p1b: Eternatus|def|0
|-boost|p1b: Eternatus|spd|0
|
|upkeep
|turn|39
|
|t:|1750847727
|move|p2a: Zamazenta|Protect|p2a: Zamazenta
|-singleturn|p2a: Zamazenta|Protect
|move|p1b: Eternatus|Cosmic Power|p1b: Eternatus
|-boost|p1b: Eternatus|def|0
|-boost|p1b: Eternatus|spd|0
|
|upkeep
|turn|40
|
|t:|1750847731
|move|p2a: Zamazenta|Protect||[still]
|-fail|p2a: Zamazenta
|move|p1b: Eternatus|Cosmic Power|p1b: Eternatus
|-boost|p1b: Eternatus|def|0
|-boost|p1b: Eternatus|spd|0
|
|upkeep
|turn|41
|
|t:|1750847733
|move|p2a: Zamazenta|Protect|p2a: Zamazenta
|-singleturn|p2a: Zamazenta|Protect
|move|p1b: Eternatus|Cosmic Power|p1b: Eternatus
|-boost|p1b: Eternatus|def|0
|-boost|p1b: Eternatus|spd|0
|
|upkeep
|turn|42
|
|t:|1750847735
|move|p2a: Zamazenta|Protect|p2a: Zamazenta
|-singleturn|p2a: Zamazenta|Protect
|move|p1b: Eternatus|Sludge Bomb|p2a: Zamazenta
|-activate|p2a: Zamazenta|move: Protect
|
|upkeep
|turn|43
|
|t:|1750847737
|move|p2a: Zamazenta|Protect|p2a: Zamazenta
|-singleturn|p2a: Zamazenta|Protect
|move|p1b: Eternatus|Sludge Bomb|p2a: Zamazenta
|-activate|p2a: Zamazenta|move: Protect
|
|upkeep
|turn|44
|
|t:|1750847739
|move|p2a: Zamazenta|Protect||[still]
|-fail|p2a: Zamazenta
|move|p1b: Eternatus|Sludge Bomb|p2a: Zamazenta
|-immune|p2a: Zamazenta
|
|upkeep
|turn|45
|
|t:|1750847740
|move|p2a: Zamazenta|Protect|p2a: Zamazenta
|-singleturn|p2a: Zamazenta|Protect
|move|p1b: Eternatus|Sludge Bomb|p2a: Zamazenta
|-activate|p2a: Zamazenta|move: Protect
|
|upkeep
|turn|46
|
|t:|1750847742
|move|p2a: Zamazenta|Protect||[still]
|-fail|p2a: Zamazenta
|move|p1b: Eternatus|Sludge Bomb|p2a: Zamazenta
|-immune|p2a: Zamazenta
|
|upkeep
|turn|47
|
|t:|1750847744
|move|p2a: Zamazenta|Protect|p2a: Zamazenta
|-singleturn|p2a: Zamazenta|Protect
|move|p1b: Eternatus|Sludge Bomb|p2a: Zamazenta
|-activate|p2a: Zamazenta|move: Protect
|
|upkeep
|turn|48
|
|t:|1750847746
|move|p2a: Zamazenta|Protect||[still]
|-fail|p2a: Zamazenta
|move|p1b: Eternatus|Sludge Bomb|p2a: Zamazenta
|-immune|p2a: Zamazenta
|
|upkeep
|turn|49
|
|t:|1750847748
|move|p2a: Zamazenta|Heavy Slam|p1b: Eternatus
|-end|p1b: Eternatus|Substitute
|move|p1b: Eternatus|Sludge Bomb|p2a: Zamazenta
|-immune|p2a: Zamazenta
|
|upkeep
|turn|50
|
|t:|1750847752
|move|p2a: Zamazenta|Heavy Slam|p1b: Eternatus
|-damage|p1b: Eternatus|98/100
|move|p1b: Eternatus|Substitute|p1b: Eternatus
|-start|p1b: Eternatus|Substitute
|-damage|p1b: Eternatus|73/100
|
|-heal|p1b: Eternatus|79/100|[from] item: Leftovers
|upkeep
|turn|51
|
|t:|1750847756
|move|p2a: Zamazenta|Heavy Slam|p1b: Eternatus
|-activate|p1b: Eternatus|move: Substitute|[damage]
|move|p1b: Eternatus|Sludge Bomb|p2a: Zamazenta
|-immune|p2a: Zamazenta
|
|-heal|p1b: Eternatus|86/100|[from] item: Leftovers
|upkeep
|turn|52
|
|t:|1750847758
|move|p2a: Zamazenta|Heavy Slam|p1b: Eternatus
|-activate|p1b: Eternatus|move: Substitute|[damage]
|move|p1b: Eternatus|Sludge Bomb|p2a: Zamazenta
|-immune|p2a: Zamazenta
|
|-heal|p1b: Eternatus|92/100|[from] item: Leftovers
|upkeep
|turn|53
|
|t:|1750847761
|move|p2a: Zamazenta|Heavy Slam|p1b: Eternatus
|-activate|p1b: Eternatus|move: Substitute|[damage]
|move|p1b: Eternatus|Sludge Bomb|p2a: Zamazenta
|-immune|p2a: Zamazenta
|
|-heal|p1b: Eternatus|98/100|[from] item: Leftovers
|upkeep
|turn|54
|
|t:|1750847763
|-activate|p2a: Zamazenta|move: Struggle
|move|p2a: Zamazenta|Struggle|p1b: Eternatus
|-activate|p1b: Eternatus|move: Substitute|[damage]
|-damage|p2a: Zamazenta|75/100|[from] recoil
|move|p1b: Eternatus|Sludge Bomb|p2a: Zamazenta
|-immune|p2a: Zamazenta
|
|-heal|p1b: Eternatus|100/100|[from] item: Leftovers
|upkeep
|turn|55
|
|t:|1750847767
|-activate|p2a: Zamazenta|move: Struggle
|move|p2a: Zamazenta|Struggle|p1b: Eternatus
|-activate|p1b: Eternatus|move: Substitute|[damage]
|-damage|p2a: Zamazenta|50/100|[from] recoil
|move|p1b: Eternatus|Sludge Bomb|p2a: Zamazenta
|-immune|p2a: Zamazenta
|
|upkeep
|turn|56
|c|☆pabloam2006|gg
|
|t:|1750847771
|-activate|p2a: Zamazenta|move: Struggle
|move|p2a: Zamazenta|Struggle|p1b: Eternatus
|-activate|p1b: Eternatus|move: Substitute|[damage]
|-damage|p2a: Zamazenta|25/100|[from] recoil
|move|p1b: Eternatus|Substitute|p1b: Eternatus
|-fail|p1b: Eternatus|move: Substitute
|
|upkeep
|turn|57
|c|☆WeWantBreathOfFire|gg
|
|t:|1750847774
|-activate|p2a: Zamazenta|move: Struggle
|move|p2a: Zamazenta|Struggle|p1b: Eternatus
|-activate|p1b: Eternatus|move: Substitute|[damage]
|-damage|p2a: Zamazenta|0 fnt|[from] recoil
|faint|p2a: Zamazenta
|
|win|WeWantBreathOfFire
|raw|WeWantBreathOfFire's rating: 1613 &rarr; <strong>1639</strong><br />(+26 for winning)
|raw|pabloam2006's rating: 1727 &rarr; <strong>1701</strong><br />(-26 for losing)
|l|☆WeWantBreathOfFire
|player|p1|
|l|☆pabloam2006
|player|p2|
