|j|☆Crying for Rain
|j|☆Ludikrik
|t:|1750853735
|gametype|doubles
|player|p1|Crying for Rain|rocketgruntf|1639
|player|p2|Ludikrik|chili|1566
|teamsize|p1|6
|teamsize|p2|6
|gen|9
|tier|[Gen 9] VGC 2025 Reg I
|rated|
|rule|Species Clause: Limit one of each Pokémon
|rule|Item Clause: Limit 1 of each item
|clearpoke
|poke|p1|Calyrex-Ice, L50|
|poke|p1|Kyogre, L50|
|poke|p1|Smeargle, L50, M|
|poke|p1|Maushold, L50|
|poke|p1|Farigiraf, L50, M|
|poke|p1|Volcarona, L50, F|
|poke|p2|Groudon, L50|
|poke|p2|Lunala, L50|
|poke|p2|Scream Tail, L50|
|poke|p2|Ogerpon-Hearthflame, L50, F|
|poke|p2|Incineroar, L50, F|
|poke|p2|Grimmsnarl, L50, M|
|teampreview|4
Ludikrik has agreed to open team sheets.
|
|t:|1750853775
|start
|switch|p1a: Calyrex|Calyrex-Ice, L50|100/100
|switch|p1b: Smeargle|Smeargle, L50, M, shiny|100/100
|switch|p2a: Moom|Lunala, L50|100/100
|switch|p2b: Très Skillé|Grimmsnarl, L50, M|100/100
|-ability|p1a: Calyrex|As One
|-ability|p1a: Calyrex|Unnerve
|turn|1
|inactive|Battle timer is ON: inactive players will automatically lose when time's up. (requested by Crying for Rain)
|
|t:|1750853801
|-terastallize|p1a: Calyrex|Grass
|move|p2a: Moom|Protect|p2a: Moom
|-singleturn|p2a: Moom|Protect
|move|p2b: Très Skillé|Thunder Wave|p1b: Smeargle|[miss]
|-miss|p2b: Très Skillé|p1b: Smeargle
|move|p1b: Smeargle|Decorate|p1a: Calyrex
|-boost|p1a: Calyrex|atk|2
|-boost|p1a: Calyrex|spa|2
|move|p1a: Calyrex|Crunch|p2a: Moom
|-activate|p2a: Moom|move: Protect
|
|-ability|p1b: Smeargle|Moody|boost
|-boost|p1b: Smeargle|spa|2
|-unboost|p1b: Smeargle|def|1
|upkeep
|turn|2
|inactive|Ludikrik has 30 seconds left.
|inactive|Ludikrik has 20 seconds left.
|
|t:|1750853836
|-terastallize|p2a: Moom|Fairy
|move|p2b: Très Skillé|Thunder Wave|p1a: Calyrex
|-status|p1a: Calyrex|par
|move|p1b: Smeargle|Spore|p2a: Moom
|-status|p2a: Moom|slp|[from] move: Spore
|cant|p2a: Moom|slp
|cant|p1a: Calyrex|par
|
|-ability|p1b: Smeargle|Moody|boost
|-boost|p1b: Smeargle|spe|2
|-unboost|p1b: Smeargle|def|1
|upkeep
|turn|3
|
|t:|1750853854
|-curestatus|p2a: Moom|slp|[msg]
|move|p2a: Moom|Protect|p2a: Moom
|-singleturn|p2a: Moom|Protect
|move|p2b: Très Skillé|Thunder Wave|p1b: Smeargle|[miss]
|-miss|p2b: Très Skillé|p1b: Smeargle
|move|p1b: Smeargle|Decorate|p1a: Calyrex
|-boost|p1a: Calyrex|atk|2
|-boost|p1a: Calyrex|spa|2
|cant|p1a: Calyrex|par
|
|-ability|p1b: Smeargle|Moody|boost
|-boost|p1b: Smeargle|spe|2
|-unboost|p1b: Smeargle|atk|1
|upkeep
|turn|4
|
|t:|1750853873
|move|p2b: Très Skillé|Thunder Wave|p1b: Smeargle
|-status|p1b: Smeargle|par
|move|p1b: Smeargle|Spore|p2a: Moom
|-status|p2a: Moom|slp|[from] move: Spore
|cant|p2a: Moom|slp
|cant|p1a: Calyrex|par
|
|-ability|p1b: Smeargle|Moody|boost
|-boost|p1b: Smeargle|spe|2
|-unboost|p1b: Smeargle|def|1
|upkeep
|turn|5
|
|t:|1750853890
|switch|p2b: Pont|Ogerpon-Hearthflame, L50, F|100/100
|-ability|p2b: Pont|Mold Breaker
|-curestatus|p2a: Moom|slp|[msg]
|move|p2a: Moom|Protect|p2a: Moom
|-singleturn|p2a: Moom|Protect
|move|p1b: Smeargle|Feint|p2a: Moom
|-activate|p2a: Moom|move: Feint
|-damage|p2a: Moom|99/100
|move|p1a: Calyrex|Glacial Lance|p2a: Moom|[spread] p2a,p2b
|-damage|p2a: Moom|0 fnt
|-damage|p2b: Pont|0 fnt
|faint|p2a: Moom
|faint|p2b: Pont
|-ability|p1a: Calyrex|Chilling Neigh|boost
|-boost|p1a: Calyrex|atk|2
|
|-ability|p1b: Smeargle|Moody|boost
|-boost|p1b: Smeargle|atk|2
|-unboost|p1b: Smeargle|spd|1
|upkeep
|
|t:|1750853903
|switch|p2b: Très Skillé|Grimmsnarl, L50, M|100/100
|switch|p2a: Goudron|Groudon, L50|100/100
|-weather|SunnyDay|[from] ability: Drought|[of] p2a: Goudron
|turn|6
|-message|Ludikrik forfeited.
|
|win|Crying for Rain
|raw|Crying for Rain's rating: 1639 &rarr; <strong>1655</strong><br />(+16 for winning)
|raw|Ludikrik's rating: 1566 &rarr; <strong>1550</strong><br />(-16 for losing)
|l|☆Ludikrik
|player|p2|
|l|☆Crying for Rain
|player|p1|
