|j|☆that1willow
|j|☆21Kieran
|t:|1750747739
|gametype|doubles
|player|p1|that1willow|karen|
|player|p2|21Kieran|hau-masters|
|teamsize|p1|6
|teamsize|p2|6
|gen|9
|tier|[Gen 9] VGC 2025 Reg I
|rated|Tournament battle
|rule|Species Clause: Limit one of each Pokémon
|rule|Item Clause: Limit 1 of each item
|raw|<div class="infobox"><details class="readmore" open><summary><strong>2 custom rules:</strong></summary> Force Open Team Sheets, !Open Team Sheets</details></div>
|clearpoke
|poke|p1|Calyrex-Shadow, L50|
|poke|p1|Miraidon, L50|
|poke|p1|Whimsicott, L50, M|
|poke|p1|Iron Hands, L50|
|poke|p1|Farigiraf, L50, F|
|poke|p1|Chi-Yu, L50|
|poke|p2|Miraidon, L50|
|poke|p2|Terapagos, L50, M|
|poke|p2|Urshifu-*, L50, M|
|poke|p2|Incineroar, L50, M|
|poke|p2|Sinistcha, L50|
|poke|p2|Landorus, L50, M|
|teampreview|4
|showteam|p1|Calyrex-Shadow||LifeOrb|AsOneSpectrier|AstralBarrage,Psychic,NastyPlot,Protect||||||50|,,,,,Dark]Miraidon||ChoiceSpecs|HadronEngine|ElectroDrift,VoltSwitch,DracoMeteor,DazzlingGleam||||||50|,,,,,Fairy]Whimsicott||CovertCloak|Prankster|Moonblast,Tailwind,Encore,LightScreen|||M|||50|,,,,,Dark]Iron Hands||AssaultVest|QuarkDrive|DrainPunch,LowKick,WildCharge,FakeOut||||||50|,,,,,Water]Farigiraf||ElectricSeed|ArmorTail|Psychic,FoulPlay,TrickRoom,HelpingHand|||F|||50|,,,,,Ground]Chi-Yu||ChoiceScarf|BeadsofRuin|HeatWave,DarkPulse,Overheat,Snarl||||||50|,,,,,Ghost
|showteam|p2|Miraidon||AssaultVest|HadronEngine|ElectroDrift,VoltSwitch,DracoMeteor,Snarl||||||50|,,,,,Electric]Terapagos||ElectricSeed|TeraShift|TeraStarstorm,EarthPower,CalmMind,Protect|||M|||50|,,,,,Stellar]Urshifu-Rapid-Strike||ChoiceScarf|UnseenFist|SurgingStrikes,CloseCombat,RainDance,Uturn|||M|||50|,,,,,Water]Incineroar||RockyHelmet|Intimidate|FakeOut,PartingShot,KnockOff,FlareBlitz|||M|||50|,,,,,Ghost]Sinistcha||FocusSash|Hospitality|ShadowBall,RagePowder,LifeDew,Protect||||||50|,,,,,Fire]Landorus||LifeOrb|SheerForce|EarthPower,SludgeBomb,Protect,SandsearStorm|||M|||50|,,,,,Poison
|inactive|Battle timer is ON: inactive players will automatically lose when time's up. (requested by that1willow)
|
|t:|1750747762
|start
|switch|p1a: Whimsicott|Whimsicott, L50, M|100/100
|switch|p1b: Calyrex|Calyrex-Shadow, L50|100/100
|switch|p2a: Terapagos|Terapagos, L50, M|100/100
|switch|p2b: Incineroar|Incineroar, L50, M, shiny|100/100
|-activate|p2a: Terapagos|ability: Tera Shift
|detailschange|p2a: Terapagos|Terapagos-Terastal, L50, M
|-heal|p2a: Terapagos|100/100|[silent]
|-ability|p1b: Calyrex|As One
|-ability|p1b: Calyrex|Unnerve
|-ability|p2b: Incineroar|Intimidate|boost
|-unboost|p1a: Whimsicott|atk|1
|-unboost|p1b: Calyrex|atk|1
|turn|1
|
|t:|1750747792
|move|p1a: Whimsicott|Tailwind|p1a: Whimsicott
|-sidestart|p1: that1willow|move: Tailwind
|move|p1b: Calyrex|Astral Barrage|p2b: Incineroar|[spread] p2b
|-immune|p2a: Terapagos
|-resisted|p2b: Incineroar
|-damage|p2b: Incineroar|73/100
|-damage|p1b: Calyrex|91/100|[from] item: Life Orb
|move|p2a: Terapagos|Tera Starstorm|p1a: Whimsicott
|-damage|p1a: Whimsicott|41/100
|move|p2b: Incineroar|Knock Off|p1b: Calyrex
|-supereffective|p1b: Calyrex
|-damage|p1b: Calyrex|0 fnt
|-enditem|p1b: Calyrex|Life Orb|[from] move: Knock Off|[of] p2b: Incineroar
|faint|p1b: Calyrex
|
|upkeep
|j|+llefface
|j| ShirtlessRayRizzo
|
|t:|1750747801
|switch|p1b: Iron Hands|Iron Hands, L50|100/100
|turn|2
|inactive|that1willow has 30 seconds left.
|inactive|that1willow has 20 seconds left.
|
|t:|1750747836
|switch|p2b: Sinistcha|Sinistcha, L50|100/100
|move|p1b: Iron Hands|Fake Out|p2a: Terapagos
|-activate|p2a: Terapagos|ability: Tera Shell
|-resisted|p2a: Terapagos
|-damage|p2a: Terapagos|95/100
|move|p1a: Whimsicott|Light Screen|p1a: Whimsicott
|-sidestart|p1: that1willow|move: Light Screen
|cant|p2a: Terapagos|flinch
|
|upkeep
|turn|3
|l|+llefface
|inactive|that1willow has 30 seconds left.
|inactive|that1willow has 20 seconds left.
|
|t:|1750747872
|switch|p2b: Incineroar|Incineroar, L50, M, shiny|73/100
|-ability|p2b: Incineroar|Intimidate|boost
|-unboost|p1a: Whimsicott|atk|1
|-unboost|p1b: Iron Hands|atk|1
|move|p1a: Whimsicott|Moonblast|p2b: Incineroar
|-damage|p2b: Incineroar|48/100
|-unboost|p2b: Incineroar|spa|1
|move|p1b: Iron Hands|Low Kick|p2a: Terapagos
|-supereffective|p2a: Terapagos
|-damage|p2a: Terapagos|75/100
|move|p2a: Terapagos|Tera Starstorm|p1a: Whimsicott
|-damage|p1a: Whimsicott|0 fnt
|faint|p1a: Whimsicott
|
|upkeep
|
|t:|1750747883
|switch|p1a: Farigiraf|Farigiraf, L50, F|100/100
|turn|4
|
|t:|1750747896
|move|p1a: Farigiraf|Foul Play|p2a: Terapagos
|-damage|p2a: Terapagos|62/100
|move|p1b: Iron Hands|Low Kick|p2a: Terapagos
|-supereffective|p2a: Terapagos
|-damage|p2a: Terapagos|43/100
|move|p2a: Terapagos|Calm Mind|p2a: Terapagos
|-boost|p2a: Terapagos|spa|1
|-boost|p2a: Terapagos|spd|1
|move|p2b: Incineroar|Parting Shot|p1b: Iron Hands
|-unboost|p1b: Iron Hands|atk|1
|-unboost|p1b: Iron Hands|spa|1
|
|t:|1750747899
|switch|p2b: Sinistcha|Sinistcha, L50|100/100|[from] Parting Shot
|-heal|p2a: Terapagos|68/100|[from] ability: Hospitality|[of] p2b: Sinistcha
|
|-sideend|p1: that1willow|move: Tailwind
|upkeep
|turn|5
|
|t:|1750747909
|switch|p2b: Incineroar|Incineroar, L50, M, shiny|48/100
|-ability|p2b: Incineroar|Intimidate|boost
|-unboost|p1a: Farigiraf|atk|1
|-unboost|p1b: Iron Hands|atk|1
|move|p2a: Terapagos|Calm Mind|p2a: Terapagos
|-boost|p2a: Terapagos|spa|1
|-boost|p2a: Terapagos|spd|1
|move|p1a: Farigiraf|Psychic|p2b: Incineroar
|-immune|p2b: Incineroar
|move|p1b: Iron Hands|Wild Charge|p2b: Incineroar
|-damage|p2b: Incineroar|32/100
|-damage|p1b: Iron Hands|84/100|[from] item: Rocky Helmet|[of] p2b: Incineroar
|-damage|p1b: Iron Hands|81/100|[from] Recoil
|
|upkeep
|turn|6
|c|☆that1willow|Your a dick yk that?
|c|☆21Kieran|idk man
|c|☆that1willow|Gg thi
|inactive|that1willow has 30 seconds left.
|c|☆that1willow|Tho*
|c|☆21Kieran|i think its called playing the game
|c|☆21Kieran|also gg
|inactive|that1willow has 20 seconds left.
|inactive|that1willow has 15 seconds left.
|inactive|that1willow has 10 seconds left.
|c|☆that1willow|You coulda won already your prolonging it just for fun
|-message|that1willow forfeited.
|
|win|21Kieran
|n|☆that1willow|that1willow
|n|☆21Kieran|21kieran
|n| ShirtlessRayRizzo|shirtlessrayrizzo
