|j|☆sceptileROCK
|j|☆Dillbangaaa
|t:|1750826837
|gametype|doubles
|player|p1|sceptileROCK|pokemonbreeder-gen4|1255
|player|p2|Dillbangaaa|swimmerf-gen4dp|1167
|teamsize|p1|6
|teamsize|p2|6
|gen|9
|tier|[Gen 9] VGC 2025 Reg I
|rated|
|rule|Species Clause: Limit one of each Pokémon
|rule|Item Clause: Limit 1 of each item
|clearpoke
|poke|p1|Koraidon, L50|
|poke|p1|Calyrex-Shadow, L50|
|poke|p1|Rillaboom, L50, M|
|poke|p1|Chi-Yu, L50|
|poke|p1|Amoonguss, L50, F|
|poke|p1|Hariyama, L50, F|
|poke|p2|Koraidon, L50|
|poke|p2|Lunala, L50|
|poke|p2|Flutter Mane, L50|
|poke|p2|Chi-Yu, L50|
|poke|p2|Brute Bonnet, L50|
|poke|p2|Ursaluna, L50, F|
|teampreview|4
|
|t:|1750826876
|start
|switch|p1a: Koraidon|Koraidon, L50|100/100
|switch|p1b: Hariyama|Hariyama, L50, F, shiny|100/100
|switch|p2a: Lunala|Lunala, L50|100/100
|switch|p2b: Chi-Yu|Chi-Yu, L50|100/100
|-ability|p2b: Chi-Yu|Beads of Ruin
|-weather|SunnyDay|[from] ability: Orichalcum Pulse|[of] p1a: Koraidon
|-activate|p1a: Koraidon|Orichalcum Pulse|[source]
|turn|1
|inactive|Battle timer is ON: inactive players will automatically lose when time's up. (requested by Dillbangaaa)
|
|t:|1750826915
|switch|p2b: Ursaluna|Ursaluna, L50, F, shiny|100/100
|move|p1b: Hariyama|Fake Out|p2b: Ursaluna
|-damage|p2b: Ursaluna|91/100
|move|p1a: Koraidon|Flame Charge|p2a: Lunala
|-damage|p2a: Lunala|86/100
|-boost|p1a: Koraidon|spe|1
|move|p2a: Lunala|Trick Room|p2a: Lunala
|-fieldstart|move: Trick Room|[of] p2a: Lunala
|
|-weather|SunnyDay|[upkeep]
|-status|p2b: Ursaluna|brn|[from] item: Flame Orb
|upkeep
|turn|2
|inactive|sceptileROCK has 30 seconds left.
|inactive|Dillbangaaa has 30 seconds left.
|inactive|Dillbangaaa has 20 seconds left.
|
|t:|1750826951
|move|p1a: Koraidon|Protect|p1a: Koraidon
|-singleturn|p1a: Koraidon|Protect
|move|p2b: Ursaluna|Headlong Rush|p1a: Koraidon
|-activate|p1a: Koraidon|move: Protect
|move|p1b: Hariyama|Low Kick|p2b: Ursaluna
|-supereffective|p2b: Ursaluna
|-damage|p2b: Ursaluna|9/100 brn
|move|p2a: Lunala|Moongeist Beam|p1a: Koraidon
|-activate|p1a: Koraidon|move: Protect
|
|-weather|SunnyDay|[upkeep]
|-damage|p2b: Ursaluna|4/100 brn|[from] brn
|upkeep
|turn|3
|inactive|sceptileROCK has 30 seconds left.
|
|t:|1750826979
|switch|p1a: Rillaboom|Rillaboom, L50, M, shiny|100/100
|-fieldstart|move: Grassy Terrain|[from] ability: Grassy Surge|[of] p1a: Rillaboom
|move|p2b: Ursaluna|Headlong Rush|p1a: Rillaboom
|-resisted|p1a: Rillaboom
|-damage|p1a: Rillaboom|55/100
|-unboost|p2b: Ursaluna|def|1
|-unboost|p2b: Ursaluna|spd|1
|move|p1b: Hariyama|Coaching|p1a: Rillaboom
|-boost|p1a: Rillaboom|atk|1
|-boost|p1a: Rillaboom|def|1
|move|p2a: Lunala|Meteor Beam||[still]
|-prepare|p2a: Lunala|Meteor Beam
|-boost|p2a: Lunala|spa|1
|-enditem|p2a: Lunala|Power Herb
|-anim|p2a: Lunala|Meteor Beam|p1a: Rillaboom
|-damage|p1a: Rillaboom|8/100
|
|-weather|SunnyDay|[upkeep]
|-heal|p2b: Ursaluna|9/100 brn|[from] Grassy Terrain
|-heal|p1a: Rillaboom|14/100|[from] Grassy Terrain
|-heal|p2a: Lunala|92/100|[from] Grassy Terrain
|-damage|p2b: Ursaluna|4/100 brn|[from] brn
|upkeep
|turn|4
|inactive|sceptileROCK has 30 seconds left.
|inactive|sceptileROCK has 20 seconds left.
|
|t:|1750827018
|switch|p1b: Chi-Yu|Chi-Yu, L50|100/100
|-ability|p1b: Chi-Yu|Beads of Ruin
|move|p2b: Ursaluna|Protect|p2b: Ursaluna
|-singleturn|p2b: Ursaluna|Protect
|move|p1a: Rillaboom|Fake Out|p2b: Ursaluna
|-activate|p2b: Ursaluna|move: Protect
|move|p2a: Lunala|Moongeist Beam|p1a: Rillaboom
|-damage|p1a: Rillaboom|0 fnt
|faint|p1a: Rillaboom
|
|-weather|SunnyDay|[upkeep]
|-heal|p2b: Ursaluna|9/100 brn|[from] Grassy Terrain
|-heal|p2a: Lunala|98/100|[from] Grassy Terrain
|-damage|p2b: Ursaluna|4/100 brn|[from] brn
|upkeep
|
|t:|1750827036
|switch|p1a: Koraidon|Koraidon, L50|100/100
|-activate|p1a: Koraidon|ability: Orichalcum Pulse
|turn|5
|inactive|Dillbangaaa has 30 seconds left.
|
|t:|1750827065
|move|p1a: Koraidon|Protect|p1a: Koraidon
|-singleturn|p1a: Koraidon|Protect
|move|p2b: Ursaluna|Headlong Rush|p1b: Chi-Yu
|-supereffective|p1b: Chi-Yu
|-damage|p1b: Chi-Yu|0 fnt
|-unboost|p2b: Ursaluna|def|1
|-unboost|p2b: Ursaluna|spd|1
|faint|p1b: Chi-Yu
|move|p2a: Lunala|Moongeist Beam|p1a: Koraidon
|-activate|p1a: Koraidon|move: Protect
|
|-weather|none
|-heal|p2b: Ursaluna|9/100 brn|[from] Grassy Terrain
|-heal|p2a: Lunala|100/100|[from] Grassy Terrain
|-damage|p2b: Ursaluna|4/100 brn|[from] brn
|-fieldend|move: Trick Room
|upkeep
|
|t:|1750827079
|switch|p1b: Hariyama|Hariyama, L50, F, shiny|100/100
|turn|6
|inactive|Dillbangaaa has 30 seconds left.
|
|t:|1750827113
|-terastallize|p1a: Koraidon|Fire
|-terastallize|p2b: Ursaluna|Ghost
|move|p1b: Hariyama|Fake Out|p2b: Ursaluna
|-immune|p2b: Ursaluna
|move|p1a: Koraidon|Flame Charge|p2a: Lunala
|-damage|p2a: Lunala|86/100
|-boost|p1a: Koraidon|spe|1
|move|p2a: Lunala|Moongeist Beam|p1a: Koraidon
|-damage|p1a: Koraidon|27/100
|move|p2b: Ursaluna|Facade|p1a: Koraidon
|-damage|p1a: Koraidon|0 fnt
|faint|p1a: Koraidon
|
|-heal|p2a: Lunala|92/100|[from] Grassy Terrain
|-heal|p2b: Ursaluna|9/100 brn|[from] Grassy Terrain
|-damage|p2b: Ursaluna|4/100 brn|[from] brn
|upkeep
|turn|7
|-message|sceptileROCK forfeited.
|
|win|Dillbangaaa
|raw|sceptileROCK's rating: 1255 &rarr; <strong>1224</strong><br />(-31 for losing)
|raw|Dillbangaaa's rating: 1167 &rarr; <strong>1198</strong><br />(+31 for winning)
|l|☆sceptileROCK
|player|p1|
