|j|☆FreddyFazbear69
|j|☆gozerwijf
|t:|1750855737
|gametype|doubles
|player|p1|FreddyFazbear69|giovanni|1411
|player|p2|gozerwijf|richboy-gen4|1337
|teamsize|p1|6
|teamsize|p2|6
|gen|9
|tier|[Gen 9] VGC 2025 Reg I
|rated|
|rule|Species Clause: Limit one of each Pokémon
|rule|Item Clause: Limit 1 of each item
|clearpoke
|poke|p1|Lunala, L50|
|poke|p1|Koraidon, L50|
|poke|p1|Flutter Mane, L50|
|poke|p1|Indeedee-F, L50, F|
|poke|p1|Ogerpon-Cornerstone, L50, F|
|poke|p1|Chi-Yu, L50|
|poke|p2|Iron Treads, L50|
|poke|p2|Calyrex-Shadow, L50|
|poke|p2|Tyranitar, L50, M|
|poke|p2|Murkrow, L50, M|
|poke|p2|Zacian-*, L50|
|poke|p2|Ursaluna-Bloodmoon, L50, M|
|teampreview|4
|inactive|Battle timer is ON: inactive players will automatically lose when time's up. (requested by gozerwijf)
|
|t:|1750855780
|start
|switch|p1a: Indeedee|Indeedee-F, L50, F|100/100
|switch|p1b: Lunala|Lunala, L50|100/100
|switch|p2a: Zacian|Zacian-Crowned, L50|100/100
|switch|p2b: Murkrow|Murkrow, L50, M|100/100
|-ability|p2a: Zacian|Intrepid Sword|boost
|-boost|p2a: Zacian|atk|1
|-fieldstart|move: Psychic Terrain|[from] ability: Psychic Surge|[of] p1a: Indeedee
|turn|1
|inactive|gozerwijf has 30 seconds left.
|inactive|gozerwijf has 20 seconds left.
|inactive|gozerwijf has 15 seconds left.
|inactive|gozerwijf has 10 seconds left.
|inactive|gozerwijf has 5 seconds left.
|
|t:|1750855835
|move|p2b: Murkrow|Tailwind|p2b: Murkrow
|-sidestart|p2: gozerwijf|move: Tailwind
|move|p2a: Zacian|Behemoth Blade|p1b: Lunala
|-damage|p1b: Lunala|62/100
|move|p1b: Lunala|Meteor Beam||[still]
|-prepare|p1b: Lunala|Meteor Beam
|-boost|p1b: Lunala|spa|1
|-enditem|p1b: Lunala|Power Herb
|-anim|p1b: Lunala|Meteor Beam|p2b: Murkrow
|-supereffective|p2b: Murkrow
|-damage|p2b: Murkrow|0 fnt
|faint|p2b: Murkrow
|move|p1a: Indeedee|Trick Room|p1a: Indeedee
|-fieldstart|move: Trick Room|[of] p1a: Indeedee
|
|upkeep
|inactive|gozerwijf has 30 seconds left.
|inactive|gozerwijf has 20 seconds left.
|inactive|gozerwijf has 15 seconds left.
|inactive|gozerwijf has 10 seconds left.
|inactive|gozerwijf has 5 seconds left.
|
|t:|1750855890
|switch|p2b: Calyrex|Calyrex-Shadow, L50|100/100
|-ability|p2b: Calyrex|As One
|-ability|p2b: Calyrex|Unnerve
|turn|2
|inactive|FreddyFazbear69 has 30 seconds left.
|inactive|gozerwijf has 30 seconds left.
|inactive|gozerwijf has 20 seconds left.
|inactive|gozerwijf has 15 seconds left.
|inactive|gozerwijf has 10 seconds left.
|
|t:|1750855936
|-terastallize|p1b: Lunala|Water
|move|p2b: Calyrex|Protect|p2b: Calyrex
|-singleturn|p2b: Calyrex|Protect
|move|p1a: Indeedee|Follow Me|p1a: Indeedee
|-singleturn|p1a: Indeedee|move: Follow Me
|move|p1b: Lunala|Expanding Force|p2a: Zacian|[spread] p2a
|-activate|p2b: Calyrex|move: Protect
|-resisted|p2a: Zacian
|-damage|p2a: Zacian|54/100
|move|p2a: Zacian|Behemoth Blade|p1a: Indeedee
|-damage|p1a: Indeedee|17/100
|-damage|p2a: Zacian|38/100|[from] item: Rocky Helmet|[of] p1a: Indeedee
|
|upkeep
|turn|3
|
|t:|1750855958
|move|p1a: Indeedee|Psychic|p2a: Zacian
|-resisted|p2a: Zacian
|-damage|p2a: Zacian|18/100
|move|p1b: Lunala|Moongeist Beam|p2b: Calyrex
|-supereffective|p2b: Calyrex
|-damage|p2b: Calyrex|0 fnt
|faint|p2b: Calyrex
|move|p2a: Zacian|Behemoth Blade|p1b: Lunala
|-resisted|p1b: Lunala
|-damage|p1b: Lunala|21/100
|
|upkeep
|
|t:|1750855975
|switch|p2b: Tyranitar|Tyranitar, L50, M|100/100
|-weather|Sandstorm|[from] ability: Sand Stream|[of] p2b: Tyranitar
|turn|4
|inactive|FreddyFazbear69 has 30 seconds left.
|
|t:|1750856002
|move|p2a: Zacian|Protect|p2a: Zacian
|-singleturn|p2a: Zacian|Protect
|move|p1a: Indeedee|Follow Me|p1a: Indeedee
|-singleturn|p1a: Indeedee|move: Follow Me
|move|p1b: Lunala|Expanding Force|p2b: Tyranitar|[spread] 
|-activate|p2a: Zacian|move: Protect
|-immune|p2b: Tyranitar
|move|p2b: Tyranitar|Rock Slide|p1a: Indeedee|[spread] p1a,p1b
|-damage|p1a: Indeedee|0 fnt
|-damage|p1b: Lunala|0 fnt
|faint|p1a: Indeedee
|faint|p1b: Lunala
|
|-weather|Sandstorm|[upkeep]
|-sideend|p2: gozerwijf|move: Tailwind
|upkeep
|
|t:|1750856019
|switch|p1a: Chi-Yu|Chi-Yu, L50|100/100
|switch|p1b: Koraidon|Koraidon, L50|100/100
|-weather|SunnyDay|[from] ability: Orichalcum Pulse|[of] p1b: Koraidon
|-activate|p1b: Koraidon|Orichalcum Pulse|[source]
|-ability|p1a: Chi-Yu|Beads of Ruin
|turn|5
|inactive|FreddyFazbear69 has 30 seconds left.
|inactive|FreddyFazbear69 has 20 seconds left.
|
|t:|1750856054
|-terastallize|p2b: Tyranitar|Fire
|move|p2b: Tyranitar|Rock Slide|p1a: Chi-Yu|[spread] p1a,p1b
|-supereffective|p1a: Chi-Yu
|-resisted|p1b: Koraidon
|-damage|p1a: Chi-Yu|0 fnt
|-damage|p1b: Koraidon|86/100
|faint|p1a: Chi-Yu
|move|p1b: Koraidon|Flame Charge|p2a: Zacian
|-supereffective|p2a: Zacian
|-damage|p2a: Zacian|0 fnt
|-boost|p1b: Koraidon|spe|1
|faint|p2a: Zacian
|-damage|p1b: Koraidon|76/100|[from] item: Life Orb
|
|-weather|SunnyDay|[upkeep]
|-fieldend|move: Trick Room
|-fieldend|move: Psychic Terrain
|upkeep
|turn|6
|
|t:|1750856069
|move|p1b: Koraidon|Close Combat|p2b: Tyranitar
|-damage|p2b: Tyranitar|0 fnt
|-unboost|p1b: Koraidon|def|1
|-unboost|p1b: Koraidon|spd|1
|faint|p2b: Tyranitar
|-damage|p1b: Koraidon|67/100|[from] item: Life Orb
|
|win|FreddyFazbear69
|raw|FreddyFazbear69's rating: 1411 &rarr; <strong>1427</strong><br />(+16 for winning)
|raw|gozerwijf's rating: 1337 &rarr; <strong>1321</strong><br />(-16 for losing)
|c|☆gozerwijf|gg
|l|☆gozerwijf
|player|p2|
|l|☆FreddyFazbear69
|player|p1|
