|j|☆Dipic
|j|☆jaffro1738
|t:|1750772551
|gametype|doubles
|player|p1|Dipic|worker|1381
|player|p2|jaffro1738|266|1356
|teamsize|p1|6
|teamsize|p2|6
|gen|9
|tier|[Gen 9] VGC 2025 Reg I
|rated|
|rule|Species Clause: Limit one of each Pokémon
|rule|Item Clause: Limit 1 of each item
|clearpoke
|poke|p1|Kyogre, L50|
|poke|p1|Zacian-*, L50|
|poke|p1|Rillaboom, L50, M|
|poke|p1|Urshifu-*, L50, M|
|poke|p1|Tornadus, L50, M|
|poke|p1|Scraggy, L50, F|
|poke|p2|Calyrex-Ice, L50|
|poke|p2|Regidrago, L50|
|poke|p2|Dusclops, L50, F|
|poke|p2|Oranguru, L50, M|
|poke|p2|Terapagos, L50, M|
|poke|p2|Bombirdier, L50, F|
|teampreview|4
jaffro1738 rejected open team sheets.
|inactive|Battle timer is ON: inactive players will automatically lose when time's up. (requested by Dipic)
|
|t:|1750772594
|start
|switch|p1a: Scraggy|Scraggy, L50, F|100/100
|switch|p1b: Zacian|Zacian-Crowned, L50|100/100
|switch|p2a: Terapagos|Terapagos, L50, M|100/100
|switch|p2b: Bombirdier|Bombirdier, L50, F|100/100
|-activate|p2a: Terapagos|ability: Tera Shift
|detailschange|p2a: Terapagos|Terapagos-Terastal, L50, M
|-heal|p2a: Terapagos|100/100|[silent]
|-ability|p1b: Zacian|Intrepid Sword|boost
|-boost|p1b: Zacian|atk|1
|-ability|p1a: Scraggy|Intimidate|boost
|-unboost|p2a: Terapagos|atk|1
|-unboost|p2b: Bombirdier|atk|1
|turn|1
|inactive|jaffro1738 has 30 seconds left.
|
|t:|1750772621
|move|p2b: Bombirdier|Parting Shot|p1b: Zacian
|-unboost|p1b: Zacian|atk|1
|-unboost|p1b: Zacian|spa|1
|
|t:|1750772624
|switch|p2b: Oranguru|Oranguru, L50, M|100/100|[from] Parting Shot
|move|p1b: Zacian|Play Rough|p2b: Oranguru
|-damage|p2b: Oranguru|56/100
|move|p2a: Terapagos|Scorching Sands|p1b: Zacian
|-supereffective|p1b: Zacian
|-crit|p1b: Zacian
|-damage|p1b: Zacian|50/100
|move|p1a: Scraggy|Endeavor|p2a: Terapagos
|-damage|p2a: Terapagos|62/100
|
|-heal|p2a: Terapagos|68/100|[from] item: Leftovers
|upkeep
|turn|2
|
|t:|1750772647
|move|p1b: Zacian|Sacred Sword|p2a: Terapagos
|-supereffective|p2a: Terapagos
|-damage|p2a: Terapagos|17/100
|move|p2a: Terapagos|Scorching Sands|p1b: Zacian
|-supereffective|p1b: Zacian
|-damage|p1b: Zacian|17/100
|move|p1a: Scraggy|Foul Play|p2b: Oranguru
|-supereffective|p2b: Oranguru
|-damage|p2b: Oranguru|22/100
|move|p2b: Oranguru|Trick Room|p2b: Oranguru
|-fieldstart|move: Trick Room|[of] p2b: Oranguru
|
|-heal|p2a: Terapagos|23/100|[from] item: Leftovers
|upkeep
|turn|3
|inactive|jaffro1738 has 30 seconds left.
|
|t:|1750772677
|move|p1a: Scraggy|Encore|p2b: Oranguru
|-start|p2b: Oranguru|Encore
|-enditem|p2b: Oranguru|Mental Herb
|-end|p2b: Oranguru|Encore
|move|p2b: Oranguru|Instruct|p2a: Terapagos
|-singleturn|p2a: Terapagos|move: Instruct|[of] p2b: Oranguru
|move|p2a: Terapagos|Scorching Sands|p1b: Zacian
|-supereffective|p1b: Zacian
|-damage|p1b: Zacian|0 fnt
|faint|p1b: Zacian
|move|p2a: Terapagos|Scorching Sands|p1a: Scraggy
|-damage|p1a: Scraggy|69/100
|-status|p1a: Scraggy|brn
|
|-heal|p2a: Terapagos|29/100|[from] item: Leftovers
|-damage|p1a: Scraggy|64/100 brn|[from] brn
|upkeep
|
|t:|1750772693
|switch|p1b: Kyogre|Kyogre, L50|100/100
|-weather|RainDance|[from] ability: Drizzle|[of] p1b: Kyogre
|turn|4
|
|t:|1750772707
|move|p1a: Scraggy|Foul Play|p2a: Terapagos
|-crit|p2a: Terapagos
|-damage|p2a: Terapagos|12/100
|move|p2b: Oranguru|Instruct|p2a: Terapagos
|-singleturn|p2a: Terapagos|move: Instruct|[of] p2b: Oranguru
|move|p2a: Terapagos|Scorching Sands|p1a: Scraggy
|-damage|p1a: Scraggy|29/100 brn
|move|p2a: Terapagos|Energy Ball|p1b: Kyogre
|-supereffective|p1b: Kyogre
|-damage|p1b: Kyogre|68/100
|move|p1b: Kyogre|Water Spout|p2b: Oranguru|[spread] p2a,p2b
|-damage|p2a: Terapagos|0 fnt
|-damage|p2b: Oranguru|0 fnt
|faint|p2a: Terapagos
|faint|p2b: Oranguru
|
|-weather|RainDance|[upkeep]
|-damage|p1a: Scraggy|24/100 brn|[from] brn
|upkeep
|
|t:|1750772717
|switch|p2b: Bombirdier|Bombirdier, L50, F|100/100
|switch|p2a: Calyrex|Calyrex-Ice, L50|100/100
|-ability|p2a: Calyrex|As One
|-ability|p2a: Calyrex|Unnerve
|turn|5
|
|t:|1750772741
|move|p1a: Scraggy|Endeavor|p2a: Calyrex
|-damage|p2a: Calyrex|15/100
|move|p2a: Calyrex|Glacial Lance|p1a: Scraggy|[spread] p1a,p1b
|-resisted|p1b: Kyogre
|-damage|p1a: Scraggy|0 fnt
|-damage|p1b: Kyogre|41/100
|faint|p1a: Scraggy
|-ability|p2a: Calyrex|Chilling Neigh|boost
|-boost|p2a: Calyrex|atk|1
|move|p1b: Kyogre|Water Spout|p2b: Bombirdier|[spread] p2a,p2b
|-damage|p2a: Calyrex|0 fnt
|-damage|p2b: Bombirdier|34/100
|faint|p2a: Calyrex
|move|p2b: Bombirdier|Rock Slide|p1b: Kyogre
|-damage|p1b: Kyogre|6/100
|
|-weather|RainDance|[upkeep]
|upkeep
|-message|jaffro1738 forfeited.
|
|win|Dipic
|raw|Dipic's rating: 1381 &rarr; <strong>1400</strong><br />(+19 for winning)
|raw|jaffro1738's rating: 1356 &rarr; <strong>1337</strong><br />(-19 for losing)
|l|☆jaffro1738
|player|p2|
|l|☆Dipic
|player|p1|
