|j|☆blastoiseian
|j|☆RoboticRacer14a
|t:|1750795900
|gametype|doubles
|player|p1|blastoiseian|falkner|1202
|player|p2|RoboticRacer14a|1|1313
|teamsize|p1|6
|teamsize|p2|6
|gen|9
|tier|[Gen 9] VGC 2025 Reg I
|rated|
|rule|Species Clause: Limit one of each Pokémon
|rule|Item Clause: Limit 1 of each item
|clearpoke
|poke|p1|Miraidon, L50|
|poke|p1|Kyogre, L50|
|poke|p1|Iron Hands, L50|
|poke|p1|Weavile, L50, F|
|poke|p1|Gardevoir, L50, F|
|poke|p1|Ogerpon-Hearthflame, L50, F|
|poke|p2|Zamazenta-*, L50|
|poke|p2|Calyrex-Shadow, L50|
|poke|p2|Rillaboom, L50, F|
|poke|p2|Raging Bolt, L50|
|poke|p2|Ogerpon-Hearthflame, L50, F|
|poke|p2|Farigiraf, L50, F|
|teampreview|4
|inactive|Battle timer is ON: inactive players will automatically lose when time's up. (requested by RoboticRacer14a)
|inactive|blastoiseian has 60 seconds left.
|inactive|RoboticRacer14a has 60 seconds left.
|
|t:|1750795948
|start
|switch|p1a: Miraidon|Miraidon, L50|100/100
|switch|p1b: Weavile|Weavile, L50, F|100/100
|switch|p2a: Calyrex|Calyrex-Shadow, L50|100/100
|switch|p2b: Rillaboom|Rillaboom, L50, F|100/100
|-ability|p2a: Calyrex|As One
|-ability|p2a: Calyrex|Unnerve
|-fieldstart|move: Electric Terrain|[from] ability: Hadron Engine|[of] p1a: Miraidon
|-ability|p1b: Weavile|Pressure
|-fieldstart|move: Grassy Terrain|[from] ability: Grassy Surge|[of] p2b: Rillaboom
|turn|1
|inactive|RoboticRacer14a has 30 seconds left.
|
|t:|1750795974
|-terastallize|p1a: Miraidon|Electric
|move|p1b: Weavile|Fake Out|p2b: Rillaboom
|-damage|p2b: Rillaboom|88/100
|cant|p2b: Rillaboom|flinch
|move|p2a: Calyrex|Astral Barrage|p1a: Miraidon|[spread] p1a,p1b
|-resisted|p1b: Weavile
|-damage|p1a: Miraidon|40/100
|-damage|p1b: Weavile|58/100
|-damage|p2a: Calyrex|91/100|[from] item: Life Orb
|move|p1a: Miraidon|Electro Drift|p2a: Calyrex
|-damage|p2a: Calyrex|0 fnt
|faint|p2a: Calyrex
|
|-heal|p1a: Miraidon|46/100|[from] Grassy Terrain
|-heal|p1b: Weavile|64/100|[from] Grassy Terrain
|-heal|p2b: Rillaboom|94/100|[from] Grassy Terrain
|upkeep
|
|t:|1750795994
|switch|p2a: Zamazenta|Zamazenta-Crowned, L50|100/100
|-ability|p2a: Zamazenta|Dauntless Shield|boost
|-boost|p2a: Zamazenta|def|1
|turn|2
|inactive|RoboticRacer14a has 30 seconds left.
|inactive|RoboticRacer14a has 20 seconds left.
|
|t:|1750796031
|switch|p1a: Gardevoir|Gardevoir, L50, F|100/100
|move|p1b: Weavile|Triple Axel|p2b: Rillaboom
|-supereffective|p2b: Rillaboom
|-damage|p2b: Rillaboom|79/100
|-supereffective|p2b: Rillaboom
|-damage|p2b: Rillaboom|44/100
|-supereffective|p2b: Rillaboom
|-crit|p2b: Rillaboom
|-damage|p2b: Rillaboom|0 fnt
|faint|p2b: Rillaboom
|-hitcount|p2: Rillaboom|3
|move|p2a: Zamazenta|Body Press|p1b: Weavile
|-supereffective|p1b: Weavile
|-damage|p1b: Weavile|0 fnt
|faint|p1b: Weavile
|
|upkeep
|
|t:|1750796050
|switch|p1b: Kyogre|Kyogre, L50|100/100
|switch|p2b: Raging Bolt|Raging Bolt, L50|100/100
|-weather|RainDance|[from] ability: Drizzle|[of] p1b: Kyogre
|-enditem|p2b: Raging Bolt|Booster Energy
|-activate|p2b: Raging Bolt|ability: Protosynthesis|[fromitem]
|-start|p2b: Raging Bolt|protosynthesisspa
|turn|3
|
|t:|1750796065
|-terastallize|p2b: Raging Bolt|Electric
|move|p2b: Raging Bolt|Thunderclap|p1b: Kyogre
|-supereffective|p1b: Kyogre
|-damage|p1b: Kyogre|8/100
|move|p2a: Zamazenta|Behemoth Bash|p1a: Gardevoir
|-supereffective|p1a: Gardevoir
|-damage|p1a: Gardevoir|4/100
|-enditem|p1a: Gardevoir|Sitrus Berry|[eat]
|-heal|p1a: Gardevoir|29/100|[from] item: Sitrus Berry
|move|p1b: Kyogre|Origin Pulse|p2a: Zamazenta|[spread] p2a,p2b
|-damage|p2a: Zamazenta|46/100
|-damage|p2b: Raging Bolt|40/100
|move|p1a: Gardevoir|Moonblast|p2b: Raging Bolt
|-damage|p2b: Raging Bolt|3/100
|
|-weather|RainDance|[upkeep]
|-heal|p2a: Zamazenta|52/100|[from] Grassy Terrain
|-heal|p1b: Kyogre|14/100|[from] Grassy Terrain
|-heal|p1a: Gardevoir|35/100|[from] Grassy Terrain
|-heal|p2b: Raging Bolt|9/100|[from] Grassy Terrain
|upkeep
|turn|4
|
|t:|1750796090
|move|p2b: Raging Bolt|Thunderclap|p1a: Gardevoir
|-damage|p1a: Gardevoir|0 fnt
|faint|p1a: Gardevoir
|move|p2a: Zamazenta|Body Press|p1b: Kyogre
|-damage|p1b: Kyogre|0 fnt
|faint|p1b: Kyogre
|
|-weather|RainDance|[upkeep]
|-heal|p2a: Zamazenta|58/100|[from] Grassy Terrain
|-heal|p2b: Raging Bolt|15/100|[from] Grassy Terrain
|upkeep
|
|t:|1750796102
|switch|p1b: Miraidon|Miraidon, L50, tera:Electric|46/100
|-fieldstart|move: Electric Terrain|[from] ability: Hadron Engine|[of] p1b: Miraidon
|turn|5
|
|t:|1750796117
|move|p1b: Miraidon|Discharge|p2a: Zamazenta|[spread] p2a,p2b
|-resisted|p2b: Raging Bolt
|-damage|p2a: Zamazenta|0 fnt
|-damage|p2b: Raging Bolt|0 fnt
|faint|p2a: Zamazenta
|faint|p2b: Raging Bolt
|-end|p2b: Raging Bolt|Protosynthesis|[silent]
|
|win|blastoiseian
|raw|blastoiseian's rating: 1202 &rarr; <strong>1235</strong><br />(+33 for winning)
|raw|RoboticRacer14a's rating: 1313 &rarr; <strong>1287</strong><br />(-26 for losing)
|l|☆RoboticRacer14a
|player|p2|
|l|☆blastoiseian
|player|p1|
