|j|☆UnbanShedinja
|j|☆KingAutrey
|t:|1750875903
|gametype|doubles
|player|p1|UnbanShedinja|pokekid|1069
|player|p2|KingAutrey|medium|1127
|teamsize|p1|6
|teamsize|p2|6
|gen|9
|tier|[Gen 9] VGC 2025 Reg I
|rated|
|rule|Species Clause: Limit one of each Pokémon
|rule|Item Clause: Limit 1 of each item
|clearpoke
|poke|p1|Terapagos, L50, M|
|poke|p1|Zamazenta-*, L50|
|poke|p1|Smeargle, L50, F|
|poke|p1|Muk-Alola, L50, F|
|poke|p1|Polteageist, L50|
|poke|p1|Iron Hands, L50|
|poke|p2|Calyrex-Shadow, L50|
|poke|p2|Kyogre, L50|
|poke|p2|Incineroar, L50, F|
|poke|p2|Archaludon, L50, F|
|poke|p2|Amoonguss, L50, M|
|poke|p2|Landorus, L50, M|
|teampreview|4
KingAutrey has agreed to open team sheets.
|
|t:|1750875961
|start
|switch|p1a: Zamazenta|Zamazenta-Crowned, L50|100/100
|switch|p1b: Smeargle|Smeargle, L50, F|100/100
|switch|p2a: Calyrex|Calyrex-Shadow, L50|100/100
|switch|p2b: Amoonguss|Amoonguss, L50, M|100/100
|-ability|p2a: Calyrex|As One
|-ability|p2a: Calyrex|Unnerve
|-ability|p1a: Zamazenta|Dauntless Shield|boost
|-boost|p1a: Zamazenta|def|1
|turn|1
|inactive|Battle timer is ON: inactive players will automatically lose when time's up. (requested by KingAutrey)
|
|t:|1750876055
|move|p2b: Amoonguss|Rage Powder|p2b: Amoonguss
|-singleturn|p2b: Amoonguss|move: Rage Powder
|move|p2a: Calyrex|Psychic|p1a: Zamazenta
|-damage|p1a: Zamazenta|63/100
|-unboost|p1a: Zamazenta|spd|1
|move|p1a: Zamazenta|Body Press|p2b: Amoonguss
|-resisted|p2b: Amoonguss
|-damage|p2b: Amoonguss|73/100
|move|p1b: Smeargle|Spore|p2b: Amoonguss
|-immune|p2b: Amoonguss
|
|-heal|p2b: Amoonguss|79/100|[from] item: Leftovers
|-ability|p1b: Smeargle|Moody|boost
|-boost|p1b: Smeargle|spd|2
|-unboost|p1b: Smeargle|spe|1
|upkeep
|turn|2
|
|t:|1750876080
|move|p1a: Zamazenta|Protect|p1a: Zamazenta
|-singleturn|p1a: Zamazenta|Protect
|move|p1b: Smeargle|Follow Me|p1b: Smeargle
|-singleturn|p1b: Smeargle|move: Follow Me
|move|p2b: Amoonguss|Rage Powder|p2b: Amoonguss
|-singleturn|p2b: Amoonguss|move: Rage Powder
|move|p2a: Calyrex|Psychic|p1b: Smeargle
|-damage|p1b: Smeargle|41/100
|
|-heal|p2b: Amoonguss|85/100|[from] item: Leftovers
|-ability|p1b: Smeargle|Moody|boost
|-boost|p1b: Smeargle|spa|2
|-unboost|p1b: Smeargle|spe|1
|upkeep
|turn|3
|
|t:|1750876103
|switch|p1a: Muk|Muk-Alola, L50, F|100/100
|move|p2a: Calyrex|Psychic|p1b: Smeargle
|-crit|p1b: Smeargle
|-damage|p1b: Smeargle|0 fnt
|faint|p1b: Smeargle
|-ability|p1a: Muk|Moody|[from] ability: Power of Alchemy|[of] p1b: Smeargle
|-ability|p2a: Calyrex|Grim Neigh|boost
|-boost|p2a: Calyrex|spa|1
|move|p2b: Amoonguss|Spore|p1a: Muk
|-status|p1a: Muk|slp|[from] move: Spore
|
|-heal|p2b: Amoonguss|91/100|[from] item: Leftovers
|-ability|p1a: Muk|Moody|boost
|-boost|p1a: Muk|spa|2
|-unboost|p1a: Muk|spd|1
|upkeep
|
|t:|1750876115
|switch|p1b: Polteageist|Polteageist, L50|100/100
|turn|4
|
|t:|1750876135
|move|p1b: Polteageist|Endure|p1b: Polteageist
|-singleturn|p1b: Polteageist|move: Endure
|move|p2b: Amoonguss|Protect|p2b: Amoonguss
|-singleturn|p2b: Amoonguss|Protect
|move|p2a: Calyrex|Astral Barrage|p1b: Polteageist|[spread] p1a,p1b
|-resisted|p1a: Muk
|-supereffective|p1b: Polteageist
|-damage|p1a: Muk|60/100 slp
|-activate|p1b: Polteageist|move: Endure
|-damage|p1b: Polteageist|1/100
|-enditem|p1b: Polteageist|Weakness Policy
|-boost|p1b: Polteageist|atk|2|[from] item: Weakness Policy
|-boost|p1b: Polteageist|spa|2|[from] item: Weakness Policy
|cant|p1a: Muk|slp
|
|-heal|p1a: Muk|66/100 slp|[from] item: Leftovers
|-heal|p2b: Amoonguss|97/100|[from] item: Leftovers
|-ability|p1a: Muk|Moody|boost
|-boost|p1a: Muk|atk|2
|-unboost|p1a: Muk|spa|1
|upkeep
|turn|5
|inactive|UnbanShedinja has 30 seconds left.
|inactive|KingAutrey has 30 seconds left.
|
|t:|1750876161
|switch|p2b: Landorus|Landorus, L50, M|100/100
|-terastallize|p1b: Polteageist|Normal
|move|p2a: Calyrex|Astral Barrage|p1b: Polteageist|[spread] p1a
|-immune|p1b: Polteageist
|-resisted|p1a: Muk
|-damage|p1a: Muk|31/100 slp
|move|p1b: Polteageist|Shadow Ball|p2b: Landorus
|-damage|p2b: Landorus|0 fnt
|faint|p2b: Landorus
|-curestatus|p1a: Muk|slp|[msg]
|move|p1a: Muk|Minimize|p1a: Muk
|-boost|p1a: Muk|evasion|2
|
|-heal|p1a: Muk|37/100|[from] item: Leftovers
|-ability|p1a: Muk|Moody|boost
|-boost|p1a: Muk|spd|2
|-unboost|p1a: Muk|spa|1
|upkeep
|
|t:|1750876181
|switch|p2b: Kyogre|Kyogre, L50|100/100
|-weather|RainDance|[from] ability: Drizzle|[of] p2b: Kyogre
|turn|6
|
|t:|1750876192
|move|p1b: Polteageist|Endure|p1b: Polteageist
|-singleturn|p1b: Polteageist|move: Endure
|move|p2a: Calyrex|Astral Barrage|p1b: Polteageist|[spread] 
|-immune|p1b: Polteageist
|-miss|p2a: Calyrex|p1a: Muk
|move|p2b: Kyogre|Water Spout|p1a: Muk|[spread] p1b
|-miss|p2b: Kyogre|p1a: Muk
|-activate|p1b: Polteageist|move: Endure
|-damage|p1b: Polteageist|1/100
|move|p1a: Muk|Minimize|p1a: Muk
|-boost|p1a: Muk|evasion|2
|
|-weather|RainDance|[upkeep]
|-heal|p1a: Muk|43/100|[from] item: Leftovers
|-ability|p1a: Muk|Moody|boost
|-boost|p1a: Muk|def|2
|-unboost|p1a: Muk|spd|1
|upkeep
|turn|7
|
|t:|1750876213
|move|p2a: Calyrex|Psychic|p1b: Polteageist
|-damage|p1b: Polteageist|0 fnt
|faint|p1b: Polteageist
|-ability|p2a: Calyrex|Grim Neigh|boost
|-boost|p2a: Calyrex|spa|1
|move|p2b: Kyogre|Water Spout|p1a: Muk|[miss]
|-miss|p2b: Kyogre|p1a: Muk
|move|p1a: Muk|Knock Off|p2a: Calyrex
|-supereffective|p2a: Calyrex
|-enditem|p2a: Calyrex|Focus Sash
|-damage|p2a: Calyrex|1/100
|
|-weather|RainDance|[upkeep]
|-heal|p1a: Muk|49/100|[from] item: Leftovers
|-ability|p1a: Muk|Moody|boost
|-boost|p1a: Muk|spa|2
|-unboost|p1a: Muk|spe|1
|upkeep
|
|t:|1750876231
|switch|p1b: Zamazenta|Zamazenta-Crowned, L50|63/100
|turn|8
|
|t:|1750876244
|move|p1b: Zamazenta|Wide Guard|p1b: Zamazenta
|-singleturn|p1b: Zamazenta|Wide Guard
|move|p2a: Calyrex|Psychic|p1b: Zamazenta
|-damage|p1b: Zamazenta|0 fnt
|faint|p1b: Zamazenta
|-ability|p2a: Calyrex|Grim Neigh|boost
|-boost|p2a: Calyrex|spa|1
|move|p2b: Kyogre|Water Spout|p1a: Muk
|-activate|p1a: Muk|move: Wide Guard
|move|p1a: Muk|Toxic|p2b: Kyogre
|-status|p2b: Kyogre|tox
|
|-weather|RainDance|[upkeep]
|-heal|p1a: Muk|55/100|[from] item: Leftovers
|-damage|p2b: Kyogre|95/100 tox|[from] psn
|-ability|p1a: Muk|Moody|boost
|-boost|p1a: Muk|spe|2
|-unboost|p1a: Muk|spd|1
|upkeep
|turn|9
|
|t:|1750876265
|switch|p2b: Amoonguss|Amoonguss, L50, M|100/100
|move|p2a: Calyrex|Astral Barrage|p1a: Muk|[miss]
|-miss|p2a: Calyrex|p1a: Muk
|move|p1a: Muk|Minimize|p1a: Muk
|-boost|p1a: Muk|evasion|2
|
|-weather|RainDance|[upkeep]
|-heal|p1a: Muk|61/100|[from] item: Leftovers
|-ability|p1a: Muk|Moody|boost
|-boost|p1a: Muk|atk|2
|-unboost|p1a: Muk|spd|1
|upkeep
|turn|10
|
|t:|1750876285
|move|p2a: Calyrex|Psychic|p1a: Muk
|-immune|p1a: Muk
|move|p1a: Muk|Knock Off|p2a: Calyrex
|-supereffective|p2a: Calyrex
|-crit|p2a: Calyrex
|-damage|p2a: Calyrex|0 fnt
|faint|p2a: Calyrex
|move|p2b: Amoonguss|Spore|p1a: Muk|[miss]
|-miss|p2b: Amoonguss|p1a: Muk
|
|-weather|none
|-heal|p1a: Muk|67/100|[from] item: Leftovers
|-ability|p1a: Muk|Moody|boost
|-boost|p1a: Muk|def|2
|-unboost|p1a: Muk|spd|1
|upkeep
|
|t:|1750876297
|switch|p2a: Kyogre|Kyogre, L50|95/100 tox
|-weather|RainDance|[from] ability: Drizzle|[of] p2a: Kyogre
|turn|11
|
|t:|1750876314
|move|p2b: Amoonguss|Rage Powder|p2b: Amoonguss
|-singleturn|p2b: Amoonguss|move: Rage Powder
|move|p2a: Kyogre|Water Spout|p1a: Muk|[miss]
|-miss|p2a: Kyogre|p1a: Muk
|move|p1a: Muk|Knock Off|p2b: Amoonguss
|-damage|p2b: Amoonguss|0 fnt
|-enditem|p2b: Amoonguss|Leftovers|[from] move: Knock Off|[of] p1a: Muk
|faint|p2b: Amoonguss
|
|-weather|RainDance|[upkeep]
|-heal|p1a: Muk|74/100|[from] item: Leftovers
|-damage|p2a: Kyogre|89/100 tox|[from] psn
|-ability|p1a: Muk|Moody|boost
|-boost|p1a: Muk|atk|2
|-unboost|p1a: Muk|spe|1
|upkeep
|turn|12
|
|t:|1750876334
|move|p1a: Muk|Protect|p1a: Muk
|-singleturn|p1a: Muk|Protect
|move|p2a: Kyogre|Water Spout|p1a: Muk
|-activate|p1a: Muk|move: Protect
|
|-weather|RainDance|[upkeep]
|-heal|p1a: Muk|80/100|[from] item: Leftovers
|-damage|p2a: Kyogre|78/100 tox|[from] psn
|-ability|p1a: Muk|Moody|boost
|-boost|p1a: Muk|def|2
|-unboost|p1a: Muk|atk|1
|upkeep
|turn|13
|
|t:|1750876350
|move|p2a: Kyogre|Water Spout|p1a: Muk|[miss]
|-miss|p2a: Kyogre|p1a: Muk
|move|p1a: Muk|Knock Off|p2a: Kyogre
|-damage|p2a: Kyogre|0 fnt
|-enditem|p2a: Kyogre|Mystic Water|[from] move: Knock Off|[of] p1a: Muk
|faint|p2a: Kyogre
|
|win|UnbanShedinja
|raw|UnbanShedinja's rating: 1069 &rarr; <strong>1104</strong><br />(+35 for winning)
|raw|KingAutrey's rating: 1127 &rarr; <strong>1098</strong><br />(-29 for losing)
|l|☆KingAutrey
|player|p2|
|l|☆UnbanShedinja
|player|p1|
