|j|☆natsuki aoya
|j|☆mastaWelch9000
|t:|1750730538
|gametype|doubles
|player|p1|natsuki aoya|erika|1328
|player|p2|mastaWelch9000|102|1236
|teamsize|p1|6
|teamsize|p2|6
|gen|9
|tier|[Gen 9] VGC 2025 Reg I
|rated|
|rule|Species Clause: Limit one of each Pokémon
|rule|Item Clause: Limit 1 of each item
|clearpoke
|poke|p1|Calyrex-Ice, L50|
|poke|p1|Kyogre, L50|
|poke|p1|Whimsicott, L50, F|
|poke|p1|Tsareena, L50, F|
|poke|p1|Raging Bolt, L50|
|poke|p1|Swampert, L50, M|
|poke|p2|Calyrex-Ice, L50|
|poke|p2|Farigiraf, L50, M|
|poke|p2|Urshifu-*, L50, M|
|poke|p2|Miraidon, L50|
|poke|p2|Incineroar, L50, M|
|poke|p2|Landorus, L50, M|
|teampreview|4
mastaWelch9000 has agreed to open team sheets.
|inactive|Battle timer is ON: inactive players will automatically lose when time's up. (requested by mastaWelch9000)
|inactive|natsuki aoya has 60 seconds left.
|inactive|mastaWelch9000 has 60 seconds left.
|inactive|mastaWelch9000 has 30 seconds left.
|
|t:|1750730608
|start
|switch|p1a: Whimsicott|Whimsicott, L50, F|100/100
|switch|p1b: Swampert|Swampert, L50, M|100/100
|switch|p2a: Incineroar|Incineroar, L50, M|100/100
|switch|p2b: Miraidon|Miraidon, L50|100/100
|-fieldstart|move: Electric Terrain|[from] ability: Hadron Engine|[of] p2b: Miraidon
|-ability|p2a: Incineroar|Intimidate|boost
|-unboost|p1a: Whimsicott|atk|1
|-unboost|p1b: Swampert|atk|1
|turn|1
|inactive|mastaWelch9000 has 30 seconds left.
|
|t:|1750730642
|move|p2a: Incineroar|Fake Out|p1a: Whimsicott
|-damage|p1a: Whimsicott|89/100
|move|p2b: Miraidon|Volt Switch|p1a: Whimsicott
|-resisted|p1a: Whimsicott
|-damage|p1a: Whimsicott|40/100
|inactive|mastaWelch9000 has 30 seconds left.
|inactive|mastaWelch9000 has 20 seconds left.
|
|t:|1750730677
|switch|p2b: Urshifu|Urshifu-Rapid-Strike, L50, M|100/100|[from] Volt Switch
|move|p1b: Swampert|High Horsepower|p2b: Urshifu
|-damage|p2b: Urshifu|64/100
|cant|p1a: Whimsicott|flinch
|
|upkeep
|turn|2
|inactive|mastaWelch9000 has 30 seconds left.
|inactive|mastaWelch9000 has 20 seconds left.
|inactive|mastaWelch9000 has 15 seconds left.
|inactive|mastaWelch9000 has 10 seconds left.
|inactive|mastaWelch9000 has 5 seconds left.
|
|t:|1750730728
|move|p2b: Urshifu|Close Combat|p1b: Swampert
|-damage|p1b: Swampert|38/100
|-unboost|p2b: Urshifu|def|1
|-unboost|p2b: Urshifu|spd|1
|move|p2a: Incineroar|Flare Blitz|p1a: Whimsicott
|-supereffective|p1a: Whimsicott
|-damage|p1a: Whimsicott|0 fnt
|faint|p1a: Whimsicott
|-damage|p2a: Incineroar|90/100|[from] Recoil
|move|p1b: Swampert|High Horsepower|p2a: Incineroar
|-supereffective|p2a: Incineroar
|-damage|p2a: Incineroar|27/100
|
|upkeep
|
|t:|1750730742
|switch|p1a: Calyrex|Calyrex-Ice, L50|100/100
|-ability|p1a: Calyrex|As One
|-ability|p1a: Calyrex|Unnerve
|turn|3
|
|t:|1750730762
|switch|p1b: Kyogre|Kyogre, L50|100/100
|-weather|RainDance|[from] ability: Drizzle|[of] p1b: Kyogre
|move|p2b: Urshifu|Close Combat|p1b: Kyogre
|-damage|p1b: Kyogre|48/100
|-unboost|p2b: Urshifu|def|1
|-unboost|p2b: Urshifu|spd|1
|move|p2a: Incineroar|Flare Blitz|p1a: Calyrex
|-supereffective|p1a: Calyrex
|-damage|p1a: Calyrex|74/100
|-damage|p2a: Incineroar|18/100|[from] Recoil
|move|p1a: Calyrex|Trick Room|p1a: Calyrex
|-fieldstart|move: Trick Room|[of] p1a: Calyrex
|
|-weather|RainDance|[upkeep]
|upkeep
|turn|4
|inactive|natsuki aoya has 30 seconds left.
|inactive|mastaWelch9000 has 30 seconds left.
|inactive|natsuki aoya has 20 seconds left.
|inactive|mastaWelch9000 has 20 seconds left.
|inactive|natsuki aoya has 15 seconds left.
|
|t:|1750730802
|switch|p2a: Landorus|Landorus, L50, M|100/100
|-terastallize|p1b: Kyogre|Water
|move|p1a: Calyrex|Glacial Lance|p2a: Landorus|[spread] p2a,p2b
|-supereffective|p2a: Landorus
|-resisted|p2b: Urshifu
|-damage|p2a: Landorus|0 fnt
|-damage|p2b: Urshifu|0 fnt
|faint|p2a: Landorus
|faint|p2b: Urshifu
|-ability|p1a: Calyrex|Chilling Neigh|boost
|-boost|p1a: Calyrex|atk|2
|move|p1b: Kyogre|Tera Blast|p2: Landorus|[notarget]
|-fail|p1b: Kyogre
|
|-weather|RainDance|[upkeep]
|upkeep
|
|t:|1750730821
|switch|p2b: Incineroar|Incineroar, L50, M|18/100
|switch|p2a: Miraidon|Miraidon, L50|100/100
|-ability|p2b: Incineroar|Intimidate|boost
|-unboost|p1a: Calyrex|atk|1
|-unboost|p1b: Kyogre|atk|1
|-activate|p2a: Miraidon|ability: Hadron Engine
|turn|5
|inactive|mastaWelch9000 has 30 seconds left.
|inactive|mastaWelch9000 has 20 seconds left.
|
|t:|1750730859
|move|p1a: Calyrex|Protect|p1a: Calyrex
|-singleturn|p1a: Calyrex|Protect
|move|p2b: Incineroar|Fake Out|p1a: Calyrex
|-activate|p1a: Calyrex|move: Protect
|move|p1b: Kyogre|Tera Blast|p2b: Incineroar|[anim] Tera Blast Water
|-supereffective|p2b: Incineroar
|-damage|p2b: Incineroar|0 fnt
|faint|p2b: Incineroar
|move|p2a: Miraidon|Electro Drift|p1a: Calyrex
|-activate|p1a: Calyrex|move: Protect
|
|-weather|RainDance|[upkeep]
|-fieldend|move: Electric Terrain
|upkeep
|turn|6
|inactive|mastaWelch9000 has 30 seconds left.
|
|t:|1750730884
|move|p1a: Calyrex|Glacial Lance|p2a: Miraidon
|-supereffective|p2a: Miraidon
|-damage|p2a: Miraidon|0 fnt
|faint|p2a: Miraidon
|
|win|natsuki aoya
|raw|natsuki aoya's rating: 1328 &rarr; <strong>1343</strong><br />(+15 for winning)
|raw|mastaWelch9000's rating: 1236 &rarr; <strong>1217</strong><br />(-19 for losing)
