|j|☆Noreb
|j|☆gmklsdgjmoigjemge
|t:|1750820576
|gametype|doubles
|player|p1|Noreb|miku-psychic|1095
|player|p2|gmklsdgjmoigjemge|1|1000
|teamsize|p1|6
|teamsize|p2|6
|gen|9
|tier|[Gen 9] VGC 2025 Reg I
|rated|
|rule|Species Clause: Limit one of each Pokémon
|rule|Item Clause: Limit 1 of each item
|clearpoke
|poke|p1|Miraidon, L50|
|poke|p1|Lunala, L50|
|poke|p1|Whimsicott, L50, M|
|poke|p1|Iron Hands, L50|
|poke|p1|Urshifu-*, L50, M|
|poke|p1|Incineroar, L50, M|
|poke|p2|Kyogre, L50|
|poke|p2|Zacian-*, L50|
|poke|p2|Urshifu-*, L50, M|
|poke|p2|Incineroar, L50, F|
|poke|p2|Tornadus, L50, M|
|poke|p2|Amoonguss, L50, M|
|teampreview|4
|inactive|Battle timer is ON: inactive players will automatically lose when time's up. (requested by Noreb)
|inactive|Noreb has 60 seconds left.
|inactive|gmklsdgjmoigjemge has 60 seconds left.
|inactive|gmklsdgjmoigjemge has 30 seconds left.
Noreb has agreed to open team sheets.
|
|t:|1750820645
|start
|switch|p1a: Lunala|Lunala, L50|100/100
|switch|p1b: Incineroar|Incineroar, L50, M, shiny|100/100
|switch|p2a: Zacian|Zacian-Crowned, L50|100/100
|switch|p2b: Tornadus|Tornadus, L50, M|100/100
|-ability|p2a: Zacian|Intrepid Sword|boost
|-boost|p2a: Zacian|atk|1
|-ability|p1b: Incineroar|Intimidate|boost
|-unboost|p2a: Zacian|atk|1
|-unboost|p2b: Tornadus|atk|1
|turn|1
|inactive|Noreb has 30 seconds left.
|inactive|gmklsdgjmoigjemge has 30 seconds left.
|inactive|gmklsdgjmoigjemge has 20 seconds left.
|
|t:|1750820684
|switch|p2b: Kyogre|Kyogre, L50, shiny|100/100
|-weather|RainDance|[from] ability: Drizzle|[of] p2b: Kyogre
|move|p2a: Zacian|Protect|p2a: Zacian
|-singleturn|p2a: Zacian|Protect
|move|p1b: Incineroar|Will-O-Wisp|p2a: Zacian
|-activate|p2a: Zacian|move: Protect
|move|p1a: Lunala|Trick Room|p1a: Lunala
|-fieldstart|move: Trick Room|[of] p1a: Lunala
|
|-weather|RainDance|[upkeep]
|upkeep
|turn|2
|inactive|Noreb has 30 seconds left.
|inactive|gmklsdgjmoigjemge has 30 seconds left.
|
|t:|1750820716
|move|p1b: Incineroar|Will-O-Wisp|p2a: Zacian
|-status|p2a: Zacian|brn
|move|p2b: Kyogre|Origin Pulse|p1a: Lunala|[spread] p1a
|-miss|p2b: Kyogre|p1b: Incineroar
|-damage|p1a: Lunala|66/100
|move|p1a: Lunala|Moongeist Beam|p2b: Kyogre
|-damage|p2b: Kyogre|63/100
|move|p2a: Zacian|Play Rough|p1b: Incineroar
|-damage|p1b: Incineroar|84/100
|-damage|p2a: Zacian|84/100 brn|[from] item: Rocky Helmet|[of] p1b: Incineroar
|
|-weather|RainDance|[upkeep]
|-damage|p2a: Zacian|78/100 brn|[from] brn
|upkeep
|turn|3
|inactive|Noreb has 30 seconds left.
|inactive|gmklsdgjmoigjemge has 30 seconds left.
|
|t:|1750820743
|switch|p2a: Amoonguss|Amoonguss, L50, M|100/100
|move|p1b: Incineroar|Parting Shot|p2b: Kyogre
|-unboost|p2b: Kyogre|atk|1
|-unboost|p2b: Kyogre|spa|1
|
|t:|1750820752
|switch|p1b: Urshifu|Urshifu-Rapid-Strike, L50, M|100/100|[from] Parting Shot
|move|p2b: Kyogre|Origin Pulse|p1b: Urshifu|[spread] p1a,p1b
|-resisted|p1b: Urshifu
|-damage|p1a: Lunala|21/100
|-damage|p1b: Urshifu|60/100
|move|p1a: Lunala|Moongeist Beam|p2b: Kyogre
|-damage|p2b: Kyogre|25/100
|
|-weather|RainDance|[upkeep]
|upkeep
|turn|4
|
|t:|1750820770
|switch|p1a: Discharger|Miraidon, L50|100/100
|-fieldstart|move: Electric Terrain|[from] ability: Hadron Engine|[of] p1a: Discharger
|move|p2a: Amoonguss|Rage Powder|p2a: Amoonguss
|-singleturn|p2a: Amoonguss|move: Rage Powder
|move|p2b: Kyogre|Origin Pulse|p1a: Discharger|[spread] p1a,p1b
|-resisted|p1a: Discharger
|-resisted|p1b: Urshifu
|-damage|p1a: Discharger|73/100
|-damage|p1b: Urshifu|19/100
|move|p1b: Urshifu|Surging Strikes|p2a: Amoonguss
|-resisted|p2a: Amoonguss
|-crit|p2a: Amoonguss
|-damage|p2a: Amoonguss|83/100
|-damage|p1b: Urshifu|2/100|[from] item: Rocky Helmet|[of] p2a: Amoonguss
|-resisted|p2a: Amoonguss
|-crit|p2a: Amoonguss
|-damage|p2a: Amoonguss|66/100
|-damage|p1b: Urshifu|0 fnt|[from] item: Rocky Helmet|[of] p2a: Amoonguss
|faint|p1b: Urshifu
|-hitcount|p2a: Amoonguss|2
|
|-weather|RainDance|[upkeep]
|upkeep
|
|t:|1750820792
|switch|p1b: Incineroar|Incineroar, L50, M, shiny|84/100
|-ability|p1b: Incineroar|Intimidate|boost
|-unboost|p2a: Amoonguss|atk|1
|-unboost|p2b: Kyogre|atk|1
|turn|5
|
|t:|1750820805
|move|p2a: Amoonguss|Protect|p2a: Amoonguss
|-singleturn|p2a: Amoonguss|Protect
|move|p2b: Kyogre|Protect|p2b: Kyogre
|-singleturn|p2b: Kyogre|Protect
|move|p1b: Incineroar|Fake Out|p2a: Amoonguss
|-activate|p2a: Amoonguss|move: Protect
|move|p1a: Discharger|Volt Switch|p2a: Amoonguss
|-activate|p2a: Amoonguss|move: Protect
|
|-weather|none
|-fieldend|move: Trick Room
|upkeep
|turn|6
|inactive|gmklsdgjmoigjemge has 30 seconds left.
|inactive|gmklsdgjmoigjemge has 20 seconds left.
|
|t:|1750820841
|switch|p2a: Tornadus|Tornadus, L50, M|100/100
|move|p1a: Discharger|Volt Switch|p2a: Tornadus
|-supereffective|p2a: Tornadus
|-damage|p2a: Tornadus|0 fnt
|faint|p2a: Tornadus
|
|t:|1750820851
|switch|p1a: Lunala|Lunala, L50|21/100|[from] Volt Switch
|-enditem|p1a: Lunala|Electric Seed
|-boost|p1a: Lunala|def|1|[from] item: Electric Seed
|move|p2b: Kyogre|Origin Pulse|p1a: Lunala|[spread] p1b
|-miss|p2b: Kyogre|p1a: Lunala
|-supereffective|p1b: Incineroar
|-damage|p1b: Incineroar|14/100
|move|p1b: Incineroar|Knock Off|p2b: Kyogre
|-damage|p2b: Kyogre|0 fnt
|-enditem|p2b: Kyogre|Mystic Water|[from] move: Knock Off|[of] p1b: Incineroar
|faint|p2b: Kyogre
|
|upkeep
|
|t:|1750820864
|switch|p2a: Amoonguss|Amoonguss, L50, M|99/100
|switch|p2b: Zacian|Zacian-Crowned, L50|78/100 brn
|turn|7
|inactive|gmklsdgjmoigjemge has 30 seconds left.
|
|t:|1750820891
|move|p2b: Zacian|Play Rough|p1a: Lunala
|-damage|p1a: Lunala|6/100
|move|p1a: Lunala|Psychic|p2a: Amoonguss
|-supereffective|p2a: Amoonguss
|-damage|p2a: Amoonguss|0 fnt
|faint|p2a: Amoonguss
|move|p1b: Incineroar|Parting Shot|p2b: Zacian
|-unboost|p2b: Zacian|atk|1
|-unboost|p2b: Zacian|spa|1
|
|t:|1750820901
|switch|p1b: Discharger|Miraidon, L50|73/100|[from] Parting Shot
|-activate|p1b: Discharger|ability: Hadron Engine
|
|-damage|p2b: Zacian|72/100 brn|[from] brn
|upkeep
|turn|8
|-message|gmklsdgjmoigjemge forfeited.
|
|win|Noreb
|raw|Noreb's rating: 1095 &rarr; <strong>1114</strong><br />(+19 for winning)
|raw|gmklsdgjmoigjemge's rating: 1000 &rarr; <strong>1000</strong><br />(+0 for losing)
|l|☆gmklsdgjmoigjemge
|player|p2|
