|j|☆Yugi wit da hoodie
|j|☆peter_polenta
|t:|1750806300
|gametype|doubles
|player|p1|Yugi wit da hoodie|265|1480
|player|p2|peter_polenta|169|1499
|teamsize|p1|6
|teamsize|p2|6
|gen|9
|tier|[Gen 9] VGC 2025 Reg I
|rated|
|rule|Species Clause: Limit one of each Pokémon
|rule|Item Clause: Limit 1 of each item
|clearpoke
|poke|p1|Terapagos, L50, M|
|poke|p1|Ogerpon-Cornerstone, L50, F|
|poke|p1|Regidrago, L50|
|poke|p1|Tinkaton, L50, F|
|poke|p1|Hitmontop, L50, M|
|poke|p1|Salazzle, L50, F|
|poke|p2|Calyrex-Ice, L50|
|poke|p2|Miraidon, L50|
|poke|p2|Grimmsnarl, L50, M|
|poke|p2|Urshifu-*, L50, M|
|poke|p2|Incineroar, L50, F|
|poke|p2|Landorus, L50, M|
|teampreview|4
|inactive|Battle timer is ON: inactive players will automatically lose when time's up. (requested by peter_polenta)
|
|t:|1750806347
|start
|switch|p1a: Smaug|Regidrago, L50|100/100
|switch|p1b: Hitmontop|Hitmontop, L50, M|100/100
|switch|p2a: Grimmsnarl|Grimmsnarl, L50, M|100/100
|switch|p2b: Miraidon|Miraidon, L50|100/100
|-fieldstart|move: Electric Terrain|[from] ability: Hadron Engine|[of] p2b: Miraidon
|-ability|p1b: Hitmontop|Intimidate|boost
|-unboost|p2a: Grimmsnarl|atk|1
|-unboost|p2b: Miraidon|atk|1
|turn|1
|
|t:|1750806369
|-terastallize|p2b: Miraidon|Fairy
|move|p1b: Hitmontop|Fake Out|p2b: Miraidon
|-damage|p2b: Miraidon|91/100
|move|p2a: Grimmsnarl|Light Screen|p2a: Grimmsnarl
|-sidestart|p2: peter_polenta|move: Light Screen
|cant|p2b: Miraidon|flinch
|move|p1a: Smaug|Dragon Energy|p2a: Grimmsnarl|[spread] 
|-immune|p2a: Grimmsnarl
|-immune|p2b: Miraidon
|
|upkeep
|turn|2
|inactive|Yugi wit da hoodie has 30 seconds left.
|inactive|peter_polenta has 30 seconds left.
|
|t:|1750806396
|switch|p1a: Randall|Salazzle, L50, F, shiny|100/100
|switch|p1b: Crush|Terapagos, L50, M|100/100
|-activate|p1b: Crush|ability: Tera Shift
|detailschange|p1b: Crush|Terapagos-Terastal, L50, M
|-heal|p1b: Crush|100/100|[silent]
|move|p2a: Grimmsnarl|Thunder Wave|p1a: Randall
|-status|p1a: Randall|par
|move|p2b: Miraidon|Electro Drift|p1b: Crush
|-activate|p1b: Crush|ability: Tera Shell
|-resisted|p1b: Crush
|-damage|p1b: Crush|46/100
|
|-heal|p1b: Crush|52/100|[from] item: Leftovers
|upkeep
|turn|3
|
|t:|1750806419
|cant|p1a: Randall|par
|move|p2a: Grimmsnarl|Thunder Wave|p1b: Crush
|-status|p1b: Crush|par
|move|p2b: Miraidon|Electro Drift|p1a: Randall
|-enditem|p1a: Randall|Focus Sash
|-damage|p1a: Randall|1/100 par
|move|p1b: Crush|Calm Mind|p1b: Crush
|-boost|p1b: Crush|spa|1
|-boost|p1b: Crush|spd|1
|
|-heal|p1b: Crush|58/100 par|[from] item: Leftovers
|upkeep
|turn|4
|inactive|Yugi wit da hoodie has 30 seconds left.
|inactive|Yugi wit da hoodie has 20 seconds left.
|
|t:|1750806457
|switch|p2b: Urshifu|Urshifu-Rapid-Strike, L50, M|100/100
|-terastallize|p1b: Crush|Stellar
|detailschange|p1b: Crush|Terapagos-Stellar, L50, M, tera:Stellar
|-heal|p1b: Crush|69/100 par|[silent]
|-ability|p1b: Crush|Teraform Zero
|-fieldend|move: Electric Terrain
|move|p1a: Randall|Endeavor|p2a: Grimmsnarl
|-damage|p2a: Grimmsnarl|1/100
|move|p2a: Grimmsnarl|Spirit Break|p1a: Randall
|-resisted|p1a: Randall
|-damage|p1a: Randall|0 fnt
|faint|p1a: Randall
|move|p1b: Crush|Tera Starstorm|p2a: Grimmsnarl|[spread] p2a,p2b
|-damage|p2a: Grimmsnarl|0 fnt
|-damage|p2b: Urshifu|59/100
|faint|p2a: Grimmsnarl
|
|-heal|p1b: Crush|75/100 par|[from] item: Leftovers
|upkeep
|
|t:|1750806482
|switch|p1a: Hitmontop|Hitmontop, L50, M|100/100
|switch|p2a: Miraidon|Miraidon, L50, tera:Fairy|91/100
|-fieldstart|move: Electric Terrain|[from] ability: Hadron Engine|[of] p2a: Miraidon
|-ability|p1a: Hitmontop|Intimidate|boost
|-unboost|p2a: Miraidon|atk|1
|-unboost|p2b: Urshifu|atk|1
|turn|5
|inactive|Yugi wit da hoodie has 30 seconds left.
|inactive|peter_polenta has 30 seconds left.
|
|t:|1750806516
|move|p1a: Hitmontop|Fake Out|p2a: Miraidon
|-damage|p2a: Miraidon|82/100
|cant|p2a: Miraidon|flinch
|move|p2b: Urshifu|Close Combat|p1b: Crush
|-supereffective|p1b: Crush
|-damage|p1b: Crush|0 fnt
|-unboost|p2b: Urshifu|def|1
|-unboost|p2b: Urshifu|spd|1
|faint|p1b: Crush
|detailschange|p1: Crush|Terapagos, L50, M|[silent]
|
|upkeep
|
|t:|1750806525
|switch|p1b: Smaug|Regidrago, L50|100/100
|turn|6
|-message|Yugi wit da hoodie forfeited.
|
|win|peter_polenta
|raw|Yugi wit da hoodie's rating: 1480 &rarr; <strong>1461</strong><br />(-19 for losing)
|raw|peter_polenta's rating: 1499 &rarr; <strong>1518</strong><br />(+19 for winning)
|l|☆peter_polenta
|player|p2|
|l|☆Yugi wit da hoodie
|player|p1|
