|j|☆goldenaibo105
|j|☆SryI'mBusyAtWork
|t:|1750721045
|gametype|doubles
|player|p1|goldenaibo105|101|1388
|player|p2|SryI'mBusyAtWork|kieran|1498
|teamsize|p1|6
|teamsize|p2|6
|gen|9
|tier|[Gen 9] VGC 2025 Reg I
|rated|
|rule|Species Clause: Limit one of each Pokémon
|rule|Item Clause: Limit 1 of each item
|clearpoke
|poke|p1|Calyrex-Ice, L50|
|poke|p1|Koraidon, L50|
|poke|p1|Farigiraf, L50, M|
|poke|p1|Incineroar, L50, M|
|poke|p1|Amoonguss, L50, F|
|poke|p1|Urshifu-*, L50, F|
|poke|p2|Tornadus, L50, M|
|poke|p2|Calyrex-Shadow, L50|
|poke|p2|Incineroar, L50, F|
|poke|p2|Clefairy, L50, F|
|poke|p2|Grimmsnarl, L50, M|
|poke|p2|Zamazenta-*, L50|
|teampreview|4
|inactive|Battle timer is ON: inactive players will automatically lose when time's up. (requested by SryI'mBusyAtWork)
|inactive|goldenaibo105 has 60 seconds left.
|
|t:|1750721096
|start
|switch|p1a: Incineroar|Incineroar, L50, M|100/100
|switch|p1b: Koraidon|Koraidon, L50|100/100
|switch|p2a: Grimmsnarl|Grimmsnarl, L50, M|100/100
|switch|p2b: Incineroar|Incineroar, L50, F|100/100
|-weather|SunnyDay|[from] ability: Orichalcum Pulse|[of] p1b: Koraidon
|-activate|p1b: Koraidon|Orichalcum Pulse|[source]
|-ability|p1a: Incineroar|Intimidate|boost
|-unboost|p2a: Grimmsnarl|atk|1
|-unboost|p2b: Incineroar|atk|1
|-ability|p2b: Incineroar|Intimidate|boost
|-unboost|p1a: Incineroar|atk|1
|-unboost|p1b: Koraidon|atk|1
|turn|1
|inactive|SryI'mBusyAtWork has 30 seconds left.
|inactive|SryI'mBusyAtWork has 20 seconds left.
|
|t:|1750721132
|switch|p1a: Farigiraf|Farigiraf, L50, M|100/100
|move|p2b: Incineroar|Fake Out||[still]
|cant|p1a: Farigiraf|ability: Armor Tail|Fake Out|[of] p2b: Incineroar
|move|p2a: Grimmsnarl|Reflect|p2a: Grimmsnarl
|-sidestart|p2: SryI'mBusyAtWork|Reflect
|move|p1b: Koraidon|Flare Blitz|p2a: Grimmsnarl
|-damage|p2a: Grimmsnarl|43/100
|-damage|p1b: Koraidon|79/100|[from] Recoil
|-damage|p1b: Koraidon|69/100|[from] item: Life Orb
|
|-weather|SunnyDay|[upkeep]
|upkeep
|turn|2
|inactive|goldenaibo105 has 30 seconds left.
|inactive|goldenaibo105 has 20 seconds left.
|inactive|SryI'mBusyAtWork has 30 seconds left.
|inactive|goldenaibo105 has 15 seconds left.
|inactive|goldenaibo105 has 10 seconds left.
|inactive|goldenaibo105 has 5 seconds left.
|
|t:|1750721187
|move|p2a: Grimmsnarl|Light Screen|p2a: Grimmsnarl
|-sidestart|p2: SryI'mBusyAtWork|move: Light Screen
|move|p1b: Koraidon|Close Combat|p2b: Incineroar
|-supereffective|p2b: Incineroar
|-damage|p2b: Incineroar|22/100
|-unboost|p1b: Koraidon|def|1
|-unboost|p1b: Koraidon|spd|1
|-damage|p1b: Koraidon|60/100|[from] item: Life Orb
|move|p2b: Incineroar|Knock Off|p1a: Farigiraf
|-supereffective|p1a: Farigiraf
|-damage|p1a: Farigiraf|63/100
|-enditem|p1a: Farigiraf|Focus Sash|[from] move: Knock Off|[of] p2b: Incineroar
|move|p1a: Farigiraf|Trick Room|p1a: Farigiraf
|-fieldstart|move: Trick Room|[of] p1a: Farigiraf
|
|-weather|SunnyDay|[upkeep]
|upkeep
|turn|3
|inactive|SryI'mBusyAtWork has 30 seconds left.
|inactive|SryI'mBusyAtWork has 20 seconds left.
|
|t:|1750721222
|switch|p2a: Zamazenta|Zamazenta-Crowned, L50|100/100
|-ability|p2a: Zamazenta|Dauntless Shield|boost
|-boost|p2a: Zamazenta|def|1
|switch|p1b: Incineroar|Incineroar, L50, M|100/100
|-ability|p1b: Incineroar|Intimidate|boost
|-unboost|p2a: Zamazenta|atk|1
|-unboost|p2b: Incineroar|atk|1
|move|p1a: Farigiraf|Protect|p1a: Farigiraf
|-singleturn|p1a: Farigiraf|Protect
|move|p2b: Incineroar|Parting Shot|p1b: Incineroar
|-unboost|p1b: Incineroar|atk|1
|-unboost|p1b: Incineroar|spa|1
|
|t:|1750721238
|switch|p2b: Grimmsnarl|Grimmsnarl, L50, M|43/100|[from] Parting Shot
|
|-weather|SunnyDay|[upkeep]
|upkeep
|turn|4
|
|t:|1750721251
|switch|p2b: Incineroar|Incineroar, L50, F|22/100
|-ability|p2b: Incineroar|Intimidate|boost
|-unboost|p1a: Farigiraf|atk|1
|-unboost|p1b: Incineroar|atk|1
|move|p1a: Farigiraf|Helping Hand|p1b: Incineroar
|-singleturn|p1b: Incineroar|Helping Hand|[of] p1a: Farigiraf
|move|p1b: Incineroar|Flare Blitz|p2a: Zamazenta
|-supereffective|p2a: Zamazenta
|-damage|p2a: Zamazenta|69/100
|-damage|p1b: Incineroar|91/100|[from] Recoil
|move|p2a: Zamazenta|Body Press|p1b: Incineroar
|-supereffective|p1b: Incineroar
|-damage|p1b: Incineroar|0 fnt
|faint|p1b: Incineroar
|
|-weather|SunnyDay|[upkeep]
|upkeep
|
|t:|1750721255
|switch|p1b: Calyrex|Calyrex-Ice, L50|100/100
|-ability|p1b: Calyrex|As One
|-ability|p1b: Calyrex|Unnerve
|turn|5
|inactive|SryI'mBusyAtWork has 30 seconds left.
|
|t:|1750721289
|-terastallize|p1b: Calyrex|Water
|move|p1b: Calyrex|Leech Seed|p2a: Zamazenta
|-start|p2a: Zamazenta|move: Leech Seed
|move|p2b: Incineroar|Knock Off|p1b: Calyrex
|-damage|p1b: Calyrex|80/100
|-enditem|p1b: Calyrex|Clear Amulet|[from] move: Knock Off|[of] p2b: Incineroar
|move|p1a: Farigiraf|Psychic|p2a: Zamazenta
|-damage|p2a: Zamazenta|53/100
|move|p2a: Zamazenta|Body Press|p1a: Farigiraf
|-damage|p1a: Farigiraf|4/100
|
|-weather|none
|-damage|p2a: Zamazenta|40/100|[from] Leech Seed|[of] p1b: Calyrex
|-heal|p1b: Calyrex|92/100|[silent]
|upkeep
|turn|6
|
|t:|1750721308
|switch|p2a: Grimmsnarl|Grimmsnarl, L50, M|43/100
|move|p1a: Farigiraf|Helping Hand|p1b: Calyrex
|-singleturn|p1b: Calyrex|Helping Hand|[of] p1a: Farigiraf
|move|p1b: Calyrex|Glacial Lance|p2b: Incineroar|[spread] p2a,p2b
|-resisted|p2b: Incineroar
|-damage|p2a: Grimmsnarl|0 fnt
|-damage|p2b: Incineroar|3/100
|faint|p2a: Grimmsnarl
|-ability|p1b: Calyrex|Chilling Neigh|boost
|-boost|p1b: Calyrex|atk|1
|move|p2b: Incineroar|Parting Shot|p1b: Calyrex
|-unboost|p1b: Calyrex|atk|1
|-unboost|p1b: Calyrex|spa|1
|
|t:|1750721326
|switch|p2b: Calyrex|Calyrex-Shadow, L50|100/100|[from] Parting Shot
|-ability|p2b: Calyrex|As One
|-ability|p2b: Calyrex|Unnerve
|
|-fieldend|move: Trick Room
|upkeep
|
|t:|1750721337
|switch|p2a: Incineroar|Incineroar, L50, F|3/100
|-ability|p2a: Incineroar|Intimidate|boost
|-unboost|p1a: Farigiraf|atk|1
|-unboost|p1b: Calyrex|atk|1
|turn|7
|
|t:|1750721348
|-terastallize|p2b: Calyrex|Ghost
|move|p1a: Farigiraf|Helping Hand|p1b: Calyrex
|-singleturn|p1b: Calyrex|Helping Hand|[of] p1a: Farigiraf
|move|p2b: Calyrex|Astral Barrage|p1a: Farigiraf|[spread] p1b
|-immune|p1a: Farigiraf
|-damage|p1b: Calyrex|16/100
|move|p2a: Incineroar|Taunt|p1a: Farigiraf
|-start|p1a: Farigiraf|move: Taunt
|move|p1b: Calyrex|Glacial Lance|p2b: Calyrex|[spread] p2a,p2b
|-resisted|p2a: Incineroar
|-damage|p2a: Incineroar|0 fnt
|-damage|p2b: Calyrex|54/100
|faint|p2a: Incineroar
|-ability|p1b: Calyrex|Chilling Neigh|boost
|-boost|p1b: Calyrex|atk|1
|
|upkeep
|
|t:|1750721362
|switch|p2a: Zamazenta|Zamazenta-Crowned, L50|40/100
|turn|8
|
|t:|1750721375
|move|p1b: Calyrex|Protect|p1b: Calyrex
|-singleturn|p1b: Calyrex|Protect
|move|p2b: Calyrex|Astral Barrage|p1b: Calyrex|[spread] 
|-activate|p1b: Calyrex|move: Protect
|-immune|p1a: Farigiraf
|move|p2a: Zamazenta|Body Press|p1a: Farigiraf
|-damage|p1a: Farigiraf|0 fnt
|faint|p1a: Farigiraf
|
|-sideend|p2: SryI'mBusyAtWork|Reflect
|upkeep
|
|t:|1750721383
|switch|p1a: Koraidon|Koraidon, L50|60/100
|-weather|SunnyDay|[from] ability: Orichalcum Pulse|[of] p1a: Koraidon
|-activate|p1a: Koraidon|Orichalcum Pulse|[source]
|turn|9
|
|t:|1750721394
|move|p2a: Zamazenta|Helping Hand|p2b: Calyrex
|-singleturn|p2b: Calyrex|Helping Hand|[of] p2a: Zamazenta
|move|p2b: Calyrex|Astral Barrage|p1a: Koraidon|[spread] p1a,p1b
|-damage|p1a: Koraidon|0 fnt
|-damage|p1b: Calyrex|0 fnt
|faint|p1a: Koraidon
|faint|p1b: Calyrex
|
|win|SryI'mBusyAtWork
|raw|goldenaibo105's rating: 1388 &rarr; <strong>1374</strong><br />(-14 for losing)
|raw|SryI&apos;mBusyAtWork's rating: 1498 &rarr; <strong>1512</strong><br />(+14 for winning)
