|j|☆stoobidasian
|j|☆GoofyRonald756
|t:|1750744655
|gametype|doubles
|player|p1|stoobidasian|palmer|1304
|player|p2|GoofyRonald756|barry|1327
|teamsize|p1|6
|teamsize|p2|6
|gen|9
|tier|[Gen 9] VGC 2025 Reg I
|rated|
|rule|Species Clause: Limit one of each Pokémon
|rule|Item Clause: Limit 1 of each item
|clearpoke
|poke|p1|Koraidon, L50|
|poke|p1|Flutter Mane, L50|
|poke|p1|Chi-Yu, L50|
|poke|p1|Tornadus, L50, M|
|poke|p1|Indeedee-F, L50, F|
|poke|p1|Calyrex-Shadow, L50|
|poke|p2|Miraidon, L50|
|poke|p2|Lunala, L50|
|poke|p2|Sylveon, L50, F|
|poke|p2|Incineroar, L50, M|
|poke|p2|Iron Hands, L50|
|poke|p2|Urshifu-*, L50, M|
|teampreview|4
|inactive|Battle timer is ON: inactive players will automatically lose when time's up. (requested by stoobidasian)
|inactive|stoobidasian has 60 seconds left.
|
|t:|1750744705
|start
|switch|p1a: Indeedee|Indeedee-F, L50, F|100/100
|switch|p1b: Koraidon|Koraidon, L50|100/100
|switch|p2a: Lunala|Lunala, L50|100/100
|switch|p2b: Sylveon|Sylveon, L50, F|100/100
|-weather|SunnyDay|[from] ability: Orichalcum Pulse|[of] p1b: Koraidon
|-activate|p1b: Koraidon|Orichalcum Pulse|[source]
|-fieldstart|move: Psychic Terrain|[from] ability: Psychic Surge|[of] p1a: Indeedee
|turn|1
|
|t:|1750744714
|switch|p2b: Iron Hands|Iron Hands, L50|100/100
|move|p1b: Koraidon|Protect|p1b: Koraidon
|-singleturn|p1b: Koraidon|Protect
|move|p1a: Indeedee|Imprison|p1a: Indeedee
|-start|p1a: Indeedee|move: Imprison
|cant|p2a: Lunala|move: Imprison|Trick Room
|
|-weather|SunnyDay|[upkeep]
|upkeep
|turn|2
|
|t:|1750744729
|-terastallize|p1b: Koraidon|Fire
|move|p1a: Indeedee|Helping Hand|p1b: Koraidon
|-singleturn|p1b: Koraidon|Helping Hand|[of] p1a: Indeedee
|move|p1b: Koraidon|Flare Blitz|p2b: Iron Hands
|-damage|p2b: Iron Hands|0 fnt
|faint|p2b: Iron Hands
|-end|p2b: Iron Hands|Quark Drive|[silent]
|-damage|p1b: Koraidon|56/100|[from] Recoil
|-damage|p1b: Koraidon|46/100|[from] item: Life Orb
|move|p2a: Lunala|Moongeist Beam|p1b: Koraidon
|-damage|p1b: Koraidon|0 fnt
|faint|p1b: Koraidon
|
|-weather|SunnyDay|[upkeep]
|upkeep
|
|t:|1750744738
|switch|p1b: Flutter Mane|Flutter Mane, L50|100/100
|switch|p2b: Miraidon|Miraidon, L50|100/100
|-fieldstart|move: Electric Terrain|[from] ability: Hadron Engine|[of] p2b: Miraidon
|-enditem|p2a: Lunala|Electric Seed
|-boost|p2a: Lunala|def|1|[from] item: Electric Seed
|-activate|p1b: Flutter Mane|ability: Protosynthesis
|-start|p1b: Flutter Mane|protosynthesisspe
|turn|3
|
|t:|1750744753
|move|p1a: Indeedee|Follow Me|p1a: Indeedee
|-singleturn|p1a: Indeedee|move: Follow Me
|move|p1b: Flutter Mane|Shadow Ball|p2a: Lunala
|-supereffective|p2a: Lunala
|-damage|p2a: Lunala|34/100
|-unboost|p2a: Lunala|spd|1
|move|p2b: Miraidon|Dazzling Gleam|p1a: Indeedee|[spread] p1a,p1b
|-damage|p1a: Indeedee|58/100
|-damage|p1b: Flutter Mane|49/100
|move|p2a: Lunala|Moongeist Beam|p1a: Indeedee
|-immune|p1a: Indeedee
|
|-weather|SunnyDay|[upkeep]
|upkeep
|turn|4
|
|t:|1750744775
|-terastallize|p2b: Miraidon|Fairy
|move|p1a: Indeedee|Helping Hand|p1b: Flutter Mane
|-singleturn|p1b: Flutter Mane|Helping Hand|[of] p1a: Indeedee
|move|p1b: Flutter Mane|Moonblast|p2b: Miraidon
|-damage|p2b: Miraidon|26/100
|move|p2b: Miraidon|Dazzling Gleam|p1b: Flutter Mane|[spread] p1a,p1b
|-damage|p1a: Indeedee|0 fnt
|-damage|p1b: Flutter Mane|0 fnt
|faint|p1a: Indeedee
|faint|p1b: Flutter Mane
|-end|p1b: Flutter Mane|Protosynthesis|[silent]
|move|p2a: Lunala|Moonblast|p1: Indeedee|[notarget]
|-fail|p2a: Lunala
|
|-weather|SunnyDay|[upkeep]
|upkeep
|
|t:|1750744778
|switch|p1b: Calyrex|Calyrex-Shadow, L50|100/100
|-ability|p1b: Calyrex|As One
|-ability|p1b: Calyrex|Unnerve
|turn|5
|
|t:|1750744782
|move|p2a: Lunala|Wide Guard|p2a: Lunala
|-singleturn|p2a: Lunala|Wide Guard
|move|p1b: Calyrex|Shadow Ball|p2b: Miraidon
|-damage|p2b: Miraidon|0 fnt
|faint|p2b: Miraidon
|-ability|p1b: Calyrex|Grim Neigh|boost
|-boost|p1b: Calyrex|spa|1
|
|-weather|none
|upkeep
|
|t:|1750744784
|switch|p2b: Sylveon|Sylveon, L50, F|100/100
|turn|6
|
|t:|1750744792
|move|p2a: Lunala|Wide Guard|p2a: Lunala
|-singleturn|p2a: Lunala|Wide Guard
|move|p1b: Calyrex|Shadow Ball|p2a: Lunala
|-supereffective|p2a: Lunala
|-damage|p2a: Lunala|0 fnt
|faint|p2a: Lunala
|-ability|p1b: Calyrex|Grim Neigh|boost
|-boost|p1b: Calyrex|spa|1
|move|p2b: Sylveon|Hyper Voice|p1b: Calyrex
|-damage|p1b: Calyrex|39/100
|
|upkeep
|turn|7
|
|t:|1750744798
|move|p1b: Calyrex|Shadow Ball|p2b: Sylveon
|-damage|p2b: Sylveon|0 fnt
|faint|p2b: Sylveon
|
|win|stoobidasian
|raw|stoobidasian's rating: 1304 &rarr; <strong>1325</strong><br />(+21 for winning)
|raw|GoofyRonald756's rating: 1327 &rarr; <strong>1306</strong><br />(-21 for losing)
|l|☆stoobidasian
|player|p1|
|l|☆GoofyRonald756
|player|p2|
