|j|☆demitribien
|j|☆Gustakolovrat
|t:|1750777319
|gametype|doubles
|player|p1|demitribien|170|1161
|player|p2|Gustakolovrat|bruno|1067
|teamsize|p1|6
|teamsize|p2|6
|gen|9
|tier|[Gen 9] VGC 2025 Reg I
|rated|
|rule|Species Clause: Limit one of each Pokémon
|rule|Item Clause: Limit 1 of each item
|clearpoke
|poke|p1|Zacian-*, L50|
|poke|p1|Lunala, L50|
|poke|p1|Whimsicott, L50, M|
|poke|p1|Indeedee-F, L50, F|
|poke|p1|Raging Bolt, L50|
|poke|p1|Incineroar, L50, F|
|poke|p2|Kyogre, L50|
|poke|p2|Barraskewda, L50, F|
|poke|p2|Swampert, L50, F|
|poke|p2|Rotom-Wash, L50|
|poke|p2|Archaludon, L50, M|
|poke|p2|Miraidon, L50|
|teampreview|4
|inactive|Battle timer is ON: inactive players will automatically lose when time's up. (requested by demitribien)
|
|t:|1750777377
|start
|switch|p1a: Raging Bolt|Raging Bolt, L50|100/100
|switch|p1b: Whimsicott|Whimsicott, L50, M|100/100
|switch|p2a: Kyogre|Kyogre, L50|100/100
|switch|p2b: Barraskewda|Barraskewda, L50, F|100/100
|-weather|RainDance|[from] ability: Drizzle|[of] p2a: Kyogre
|-enditem|p1a: Raging Bolt|Booster Energy
|-activate|p1a: Raging Bolt|ability: Protosynthesis|[fromitem]
|-start|p1a: Raging Bolt|protosynthesisspa
|turn|1
|inactive|demitribien has 30 seconds left.
|
|t:|1750777404
|move|p1b: Whimsicott|Tailwind|p1b: Whimsicott
|-sidestart|p1: demitribien|move: Tailwind
|move|p1a: Raging Bolt|Thunderclap|p2b: Barraskewda
|-supereffective|p2b: Barraskewda
|-damage|p2b: Barraskewda|0 fnt
|faint|p2b: Barraskewda
|move|p2a: Kyogre|Calm Mind|p2a: Kyogre
|-boost|p2a: Kyogre|spa|1
|-boost|p2a: Kyogre|spd|1
|
|-weather|RainDance|[upkeep]
|upkeep
|
|t:|1750777417
|switch|p2b: Swampert|Swampert, L50, F|100/100
|turn|2
|
|t:|1750777431
|-terastallize|p2a: Kyogre|Ground
|move|p1b: Whimsicott|Encore|p2a: Kyogre
|-start|p2a: Kyogre|Encore
|move|p1a: Raging Bolt|Calm Mind|p1a: Raging Bolt
|-boost|p1a: Raging Bolt|spa|1
|-boost|p1a: Raging Bolt|spd|1
|move|p2a: Kyogre|Calm Mind|p2a: Kyogre
|-boost|p2a: Kyogre|spa|1
|-boost|p2a: Kyogre|spd|1
|move|p2b: Swampert|Earthquake|p1b: Whimsicott|[spread] p2a,p1a,p1b
|-supereffective|p1a: Raging Bolt
|-resisted|p1b: Whimsicott
|-damage|p2a: Kyogre|56/100
|-damage|p1a: Raging Bolt|30/100
|-damage|p1b: Whimsicott|84/100
|
|-weather|RainDance|[upkeep]
|upkeep
|turn|3
|inactive|Gustakolovrat has 30 seconds left.
|inactive|demitribien has 30 seconds left.
|
|t:|1750777465
|switch|p2a: Miraidon|Miraidon, L50|100/100
|-fieldstart|move: Electric Terrain|[from] ability: Hadron Engine|[of] p2a: Miraidon
|move|p1b: Whimsicott|Moonblast|p2b: Swampert
|-damage|p2b: Swampert|74/100
|move|p1a: Raging Bolt|Draco Meteor|p2b: Swampert|[miss]
|-miss|p1a: Raging Bolt|p2b: Swampert
|move|p2b: Swampert|Earthquake|p1a: Raging Bolt|[spread] p2a,p1a,p1b
|-supereffective|p2a: Miraidon
|-supereffective|p1a: Raging Bolt
|-resisted|p1b: Whimsicott
|-damage|p2a: Miraidon|29/100
|-damage|p1a: Raging Bolt|0 fnt
|-damage|p1b: Whimsicott|68/100
|faint|p1a: Raging Bolt
|-end|p1a: Raging Bolt|Protosynthesis|[silent]
|
|-weather|RainDance|[upkeep]
|upkeep
|
|t:|1750777480
|switch|p1a: Zacian|Zacian-Crowned, L50|100/100
|-ability|p1a: Zacian|Intrepid Sword|boost
|-boost|p1a: Zacian|atk|1
|turn|4
|
|t:|1750777498
|-terastallize|p1a: Zacian|Stellar
|move|p1a: Zacian|Sacred Sword|p2b: Swampert
|-damage|p2b: Swampert|12/100
|move|p1b: Whimsicott|Moonblast|p2a: Miraidon
|-supereffective|p2a: Miraidon
|-damage|p2a: Miraidon|0 fnt
|faint|p2a: Miraidon
|move|p2b: Swampert|Ice Punch|p1b: Whimsicott
|-supereffective|p1b: Whimsicott
|-damage|p1b: Whimsicott|20/100
|
|-weather|RainDance|[upkeep]
|-sideend|p1: demitribien|move: Tailwind
|upkeep
|
|t:|1750777512
|switch|p2a: Kyogre|Kyogre, L50, tera:Ground|56/100
|turn|5
|
|t:|1750777522
|move|p1a: Zacian|Protect|p1a: Zacian
|-singleturn|p1a: Zacian|Protect
|move|p2a: Kyogre|Origin Pulse|p1b: Whimsicott|[spread] p1b
|-activate|p1a: Zacian|move: Protect
|-resisted|p1b: Whimsicott
|-damage|p1b: Whimsicott|0 fnt
|faint|p1b: Whimsicott
|move|p2b: Swampert|Ice Punch|p1a: Zacian
|-activate|p1a: Zacian|move: Protect
|
|-weather|none
|upkeep
|
|t:|1750777532
|switch|p1b: Lunala|Lunala, L50|100/100
|turn|6
|
|t:|1750777548
|move|p1b: Lunala|Wide Guard|p1b: Lunala
|-singleturn|p1b: Lunala|Wide Guard
|move|p1a: Zacian|Moonblast|p2b: Swampert
|-damage|p2b: Swampert|0 fnt
|faint|p2b: Swampert
|move|p2a: Kyogre|Origin Pulse|p1a: Zacian|[spread] 
|-activate|p1a: Zacian|move: Wide Guard
|-activate|p1b: Lunala|move: Wide Guard
|
|upkeep
|turn|7
|
|t:|1750777561
|move|p1a: Zacian|Sacred Sword|p2a: Kyogre
|-damage|p2a: Kyogre|0 fnt
|-damage|p1a: Zacian|84/100|[from] item: Rocky Helmet|[of] p2a: Kyogre
|faint|p2a: Kyogre
|
|win|demitribien
|raw|demitribien's rating: 1161 &rarr; <strong>1179</strong><br />(+18 for winning)
|raw|Gustakolovrat's rating: 1067 &rarr; <strong>1052</strong><br />(-15 for losing)
|l|☆demitribien
|player|p1|
|l|☆Gustakolovrat
|player|p2|
