|j|☆tus4
|j|☆i_epix
|t:|1750709116
|gametype|doubles
|player|p1|tus4|101|1319
|player|p2|i_epix|pokekid|1358
|teamsize|p1|6
|teamsize|p2|6
|gen|9
|tier|[Gen 9] VGC 2025 Reg I
|rated|
|rule|Species Clause: Limit one of each Pokémon
|rule|Item Clause: Limit 1 of each item
|clearpoke
|poke|p1|Iron Hands, L50|
|poke|p1|Flutter Mane, L50|
|poke|p1|Gastrodon-East, L50, M|
|poke|p1|Mienshao, L50, F|
|poke|p1|Incineroar, L50, M|
|poke|p1|Calyrex-Shadow, L50|
|poke|p2|Iron Boulder, L50|
|poke|p2|Miraidon, L50|
|poke|p2|Ho-Oh, L50|
|poke|p2|Whimsicott, L50, M|
|poke|p2|Urshifu-*, L50, F|
|poke|p2|Ogerpon-Wellspring, L50, F|
|teampreview|4
|inactive|Battle timer is ON: inactive players will automatically lose when time's up. (requested by i_epix)
i_epix has agreed to open team sheets.
|inactive|i_epix has 60 seconds left.
|
|t:|1750709150
|start
|switch|p1a: Mienshao|Mienshao, L50, F|100/100
|switch|p1b: Calyrex|Calyrex-Shadow, L50|100/100
|switch|p2a: Whimsicott|Whimsicott, L50, M|100/100
|switch|p2b: Miraidon|Miraidon, L50|100/100
|-ability|p1b: Calyrex|As One
|-ability|p1b: Calyrex|Unnerve
|-fieldstart|move: Electric Terrain|[from] ability: Hadron Engine|[of] p2b: Miraidon
|turn|1
|
|t:|1750709170
|switch|p2b: Urshifu|Urshifu, L50, F|100/100
|move|p1a: Mienshao|Fake Out|p2b: Urshifu
|-damage|p2b: Urshifu|87/100
|move|p2a: Whimsicott|Tailwind|p2a: Whimsicott
|-sidestart|p2: i_epix|move: Tailwind
|move|p1b: Calyrex|Draining Kiss|p2b: Urshifu
|-supereffective|p2b: Urshifu
|-damage|p2b: Urshifu|0 fnt
|faint|p2b: Urshifu
|-ability|p1b: Calyrex|Grim Neigh|boost
|-boost|p1b: Calyrex|spa|1
|
|upkeep
|
|t:|1750709178
|switch|p2b: Miraidon|Miraidon, L50|100/100
|-activate|p2b: Miraidon|ability: Hadron Engine
|turn|2
|
|t:|1750709183
|switch|p1a: Incineroar|Incineroar, L50, M|100/100
|-ability|p1a: Incineroar|Intimidate|boost
|-unboost|p2a: Whimsicott|atk|1
|-unboost|p2b: Miraidon|atk|1
|move|p2a: Whimsicott|Helping Hand|p2b: Miraidon
|-singleturn|p2b: Miraidon|Helping Hand|[of] p2a: Whimsicott
|move|p1b: Calyrex|Protect|p1b: Calyrex
|-singleturn|p1b: Calyrex|Protect
|move|p2b: Miraidon|Snarl|p1a: Incineroar|[spread] p1a
|-activate|p1b: Calyrex|move: Protect
|-resisted|p1a: Incineroar
|-damage|p1a: Incineroar|88/100
|-unboost|p1a: Incineroar|spa|1
|
|upkeep
|turn|3
|
|t:|1750709204
|switch|p2b: Ho-Oh|Ho-Oh, L50|100/100
|-terastallize|p1b: Calyrex|Fairy
|move|p2a: Whimsicott|Encore|p1b: Calyrex
|-start|p1b: Calyrex|Encore
|move|p1b: Calyrex|Protect||[still]
|-fail|p1b: Calyrex
|move|p1a: Incineroar|Flare Blitz|p2a: Whimsicott
|-supereffective|p2a: Whimsicott
|-damage|p2a: Whimsicott|0 fnt
|faint|p2a: Whimsicott
|-damage|p1a: Incineroar|62/100|[from] Recoil
|
|upkeep
|
|t:|1750709213
|switch|p2a: Miraidon|Miraidon, L50|100/100
|-activate|p2a: Miraidon|ability: Hadron Engine
|turn|4
|
|t:|1750709229
|switch|p1b: Flutter Mane|Flutter Mane, L50|100/100
|-enditem|p1b: Flutter Mane|Booster Energy
|-activate|p1b: Flutter Mane|ability: Protosynthesis|[fromitem]
|-start|p1b: Flutter Mane|protosynthesisspe
|move|p2a: Miraidon|Electro Drift|p1a: Incineroar
|-damage|p1a: Incineroar|0 fnt
|faint|p1a: Incineroar
|move|p2b: Ho-Oh|Brave Bird|p1b: Flutter Mane
|-damage|p1b: Flutter Mane|0 fnt
|faint|p1b: Flutter Mane
|-end|p1b: Flutter Mane|Protosynthesis|[silent]
|-damage|p2b: Ho-Oh|78/100|[from] Recoil
|
|-heal|p2b: Ho-Oh|84/100|[from] item: Leftovers
|-sideend|p2: i_epix|move: Tailwind
|upkeep
|
|t:|1750709240
|switch|p1b: Calyrex|Calyrex-Shadow, L50, tera:Fairy|100/100
|switch|p1a: Mienshao|Mienshao, L50, F|100/100
|-ability|p1b: Calyrex|As One
|-ability|p1b: Calyrex|Unnerve
|turn|5
|
|t:|1750709254
|-terastallize|p2a: Miraidon|Electric
|move|p1a: Mienshao|Fake Out|p2a: Miraidon
|-damage|p2a: Miraidon|88/100
|move|p1b: Calyrex|Nasty Plot|p1b: Calyrex
|-boost|p1b: Calyrex|spa|2
|cant|p2a: Miraidon|flinch
|move|p2b: Ho-Oh|Brave Bird|p1a: Mienshao
|-supereffective|p1a: Mienshao
|-enditem|p1a: Mienshao|Focus Sash
|-damage|p1a: Mienshao|1/100
|-damage|p2b: Ho-Oh|61/100|[from] Recoil
|
|-heal|p2b: Ho-Oh|67/100|[from] item: Leftovers
|-fieldend|move: Electric Terrain
|upkeep
|turn|6
|
|t:|1750709272
|move|p2b: Ho-Oh|Protect|p2b: Ho-Oh
|-singleturn|p2b: Ho-Oh|Protect
|move|p1b: Calyrex|Astral Barrage|p2a: Miraidon|[spread] p2a
|-activate|p2b: Ho-Oh|move: Protect
|-crit|p2a: Miraidon
|-damage|p2a: Miraidon|12/100
|move|p1a: Mienshao|Close Combat|p2b: Ho-Oh
|-activate|p2b: Ho-Oh|move: Protect
|move|p2a: Miraidon|Electro Drift|p1b: Calyrex
|-damage|p1b: Calyrex|33/100
|
|-heal|p2b: Ho-Oh|73/100|[from] item: Leftovers
|upkeep
|turn|7
|
|t:|1750709290
|move|p1b: Calyrex|Astral Barrage|p2b: Ho-Oh|[spread] p2a,p2b
|-damage|p2a: Miraidon|0 fnt
|-damage|p2b: Ho-Oh|11/100
|faint|p2a: Miraidon
|-ability|p1b: Calyrex|Grim Neigh|boost
|-boost|p1b: Calyrex|spa|1
|move|p1a: Mienshao|Close Combat|p2b: Ho-Oh
|-resisted|p2b: Ho-Oh
|-damage|p2b: Ho-Oh|0 fnt
|-unboost|p1a: Mienshao|def|1
|-unboost|p1a: Mienshao|spd|1
|faint|p2b: Ho-Oh
|
|win|tus4
|raw|tus4's rating: 1319 &rarr; <strong>1341</strong><br />(+22 for winning)
|raw|i_epix's rating: 1358 &rarr; <strong>1336</strong><br />(-22 for losing)
|l|☆i_epix
|player|p2|
|l|☆tus4
|player|p1|
