|j|☆PiousAugustus13
|j|☆suc vat vk
|t:|1750773362
|gametype|doubles
|player|p1|PiousAugustus13|swimmerf|1463
|player|p2|suc vat vk|kimonogirl|1491
|teamsize|p1|6
|teamsize|p2|6
|gen|9
|tier|[Gen 9] VGC 2025 Reg I
|rated|
|rule|Species Clause: Limit one of each Pokémon
|rule|Item Clause: Limit 1 of each item
|clearpoke
|poke|p1|Ho-Oh, L50|
|poke|p1|Eternatus, L50|
|poke|p1|Quagsire, L50, M|
|poke|p1|Grimmsnarl, L50, M|
|poke|p1|Ting-Lu, L50|
|poke|p1|Rhydon, L50, F|
|poke|p2|Incineroar, L50, M|
|poke|p2|Amoonguss, L50, F|
|poke|p2|Urshifu-*, L50, M|
|poke|p2|Zacian-*, L50|
|poke|p2|Miraidon, L50|
|poke|p2|Whimsicott, L50, M|
|teampreview|4
|inactive|Battle timer is ON: inactive players will automatically lose when time's up. (requested by suc vat vk)
|
|t:|1750773401
|start
|switch|p1a: Eternatus|Eternatus, L50|100/100
|switch|p1b: Grimmsnarl|Grimmsnarl, L50, M|100/100
|switch|p2a: Whimsicott|Whimsicott, L50, M, shiny|100/100
|switch|p2b: Urshifu|Urshifu-Rapid-Strike, L50, M|100/100
|-ability|p1a: Eternatus|Pressure
|turn|1
|
|t:|1750773414
|move|p2a: Whimsicott|Tailwind|p2a: Whimsicott
|-sidestart|p2: suc vat vk|move: Tailwind
|move|p1b: Grimmsnarl|Reflect|p1b: Grimmsnarl
|-sidestart|p1: PiousAugustus13|Reflect
|move|p2b: Urshifu|Surging Strikes|p1b: Grimmsnarl
|-crit|p1b: Grimmsnarl
|-damage|p1b: Grimmsnarl|72/100
|-crit|p1b: Grimmsnarl
|-damage|p1b: Grimmsnarl|42/100
|-crit|p1b: Grimmsnarl
|-damage|p1b: Grimmsnarl|15/100
|-hitcount|p1b: Grimmsnarl|3
|move|p1a: Eternatus|Cosmic Power|p1a: Eternatus
|-boost|p1a: Eternatus|def|1
|-boost|p1a: Eternatus|spd|1
|
|upkeep
|turn|2
|inactive|suc vat vk has 30 seconds left.
|inactive|suc vat vk has 20 seconds left.
|
|t:|1750773452
|move|p2a: Whimsicott|Encore|p1a: Eternatus
|-start|p1a: Eternatus|Encore
|move|p1b: Grimmsnarl|Light Screen|p1b: Grimmsnarl
|-sidestart|p1: PiousAugustus13|move: Light Screen
|move|p2b: Urshifu|Surging Strikes|p1b: Grimmsnarl
|-crit|p1b: Grimmsnarl
|-damage|p1b: Grimmsnarl|0 fnt
|faint|p1b: Grimmsnarl
|-hitcount|p1: Grimmsnarl|1
|move|p1a: Eternatus|Cosmic Power|p1a: Eternatus
|-boost|p1a: Eternatus|def|1
|-boost|p1a: Eternatus|spd|1
|
|upkeep
|
|t:|1750773464
|switch|p1b: Ho-Oh|Ho-Oh, L50|100/100
|turn|3
|
|t:|1750773480
|-terastallize|p1b: Ho-Oh|Grass
|move|p2a: Whimsicott|Light Screen|p2a: Whimsicott
|-sidestart|p2: suc vat vk|move: Light Screen
|move|p2b: Urshifu|Surging Strikes|p1b: Ho-Oh
|-resisted|p1b: Ho-Oh
|-crit|p1b: Ho-Oh
|-damage|p1b: Ho-Oh|89/100
|-damage|p2b: Urshifu|84/100|[from] item: Rocky Helmet|[of] p1b: Ho-Oh
|-resisted|p1b: Ho-Oh
|-crit|p1b: Ho-Oh
|-damage|p1b: Ho-Oh|78/100
|-damage|p2b: Urshifu|67/100|[from] item: Rocky Helmet|[of] p1b: Ho-Oh
|-resisted|p1b: Ho-Oh
|-crit|p1b: Ho-Oh
|-damage|p1b: Ho-Oh|67/100
|-damage|p2b: Urshifu|51/100|[from] item: Rocky Helmet|[of] p1b: Ho-Oh
|-hitcount|p1b: Ho-Oh|3
|move|p1a: Eternatus|Cosmic Power|p1a: Eternatus
|-boost|p1a: Eternatus|def|1
|-boost|p1a: Eternatus|spd|1
|move|p1b: Ho-Oh|Sacred Fire|p2b: Urshifu
|-resisted|p2b: Urshifu
|-damage|p2b: Urshifu|29/100
|-status|p2b: Urshifu|brn
|
|-damage|p2b: Urshifu|23/100 brn|[from] brn
|upkeep
|turn|4
|inactive|PiousAugustus13 has 30 seconds left.
|inactive|suc vat vk has 30 seconds left.
|inactive|suc vat vk has 20 seconds left.
|
|t:|1750773516
|move|p2a: Whimsicott|Moonblast|p1b: Ho-Oh
|-damage|p1b: Ho-Oh|57/100
|move|p2b: Urshifu|Surging Strikes|p1b: Ho-Oh
|-resisted|p1b: Ho-Oh
|-crit|p1b: Ho-Oh
|-damage|p1b: Ho-Oh|52/100
|-damage|p2b: Urshifu|6/100 brn|[from] item: Rocky Helmet|[of] p1b: Ho-Oh
|-resisted|p1b: Ho-Oh
|-crit|p1b: Ho-Oh
|-damage|p1b: Ho-Oh|47/100
|-damage|p2b: Urshifu|0 fnt|[from] item: Rocky Helmet|[of] p1b: Ho-Oh
|faint|p2b: Urshifu
|-hitcount|p1b: Ho-Oh|2
|move|p1a: Eternatus|Cosmic Power|p1a: Eternatus
|-boost|p1a: Eternatus|def|1
|-boost|p1a: Eternatus|spd|1
|move|p1b: Ho-Oh|Sacred Fire|p2a: Whimsicott
|-supereffective|p2a: Whimsicott
|-damage|p2a: Whimsicott|0 fnt
|faint|p2a: Whimsicott
|
|-end|p1a: Eternatus|Encore
|-sideend|p2: suc vat vk|move: Tailwind
|upkeep
|
|t:|1750773520
|switch|p2a: Miraidon|Miraidon, L50|100/100
|switch|p2b: Zacian|Zacian-Crowned, L50, shiny|100/100
|-ability|p2b: Zacian|Intrepid Sword|boost
|-boost|p2b: Zacian|atk|1
|-fieldstart|move: Electric Terrain|[from] ability: Hadron Engine|[of] p2a: Miraidon
|turn|5
|inactive|PiousAugustus13 has 30 seconds left.
|inactive|PiousAugustus13 has 20 seconds left.
|
|t:|1750773559
|-terastallize|p2b: Zacian|Ground
|move|p1b: Ho-Oh|Protect|p1b: Ho-Oh
|-singleturn|p1b: Ho-Oh|Protect
|move|p2b: Zacian|Tera Blast|p1a: Eternatus|[anim] Tera Blast Ground
|-supereffective|p1a: Eternatus
|-damage|p1a: Eternatus|78/100
|move|p2a: Miraidon|Draco Meteor|p1a: Eternatus
|-supereffective|p1a: Eternatus
|-damage|p1a: Eternatus|37/100
|-unboost|p2a: Miraidon|spa|2
|move|p1a: Eternatus|Fire Spin|p2b: Zacian
|-damage|p2b: Zacian|93/100
|-activate|p2b: Zacian|move: Fire Spin|[of] p1a: Eternatus
|
|-damage|p2b: Zacian|81/100|[from] move: Fire Spin|[partiallytrapped]
|upkeep
|turn|6
|
|t:|1750773580
|move|p2b: Zacian|Behemoth Blade|p1b: Ho-Oh
|-damage|p1b: Ho-Oh|2/100
|-damage|p2b: Zacian|65/100|[from] item: Rocky Helmet|[of] p1b: Ho-Oh
|move|p2a: Miraidon|Draco Meteor|p1a: Eternatus
|-supereffective|p1a: Eternatus
|-damage|p1a: Eternatus|16/100
|-unboost|p2a: Miraidon|spa|2
|move|p1a: Eternatus|Recover|p1a: Eternatus
|-heal|p1a: Eternatus|66/100
|move|p1b: Ho-Oh|Life Dew|p1b: Ho-Oh|[spread] p1a,p1b
|-heal|p1a: Eternatus|91/100
|-heal|p1b: Ho-Oh|27/100
|
|-damage|p2b: Zacian|53/100|[from] move: Fire Spin|[partiallytrapped]
|upkeep
|turn|7
|inactive|suc vat vk has 30 seconds left.
|
|t:|1750773610
|move|p2b: Zacian|Behemoth Blade|p1b: Ho-Oh
|-damage|p1b: Ho-Oh|0 fnt
|-damage|p2b: Zacian|37/100|[from] item: Rocky Helmet|[of] p1b: Ho-Oh
|faint|p1b: Ho-Oh
|move|p2a: Miraidon|Draco Meteor|p1a: Eternatus
|-supereffective|p1a: Eternatus
|-damage|p1a: Eternatus|79/100
|-unboost|p2a: Miraidon|spa|2
|move|p1a: Eternatus|Fire Spin|p2a: Miraidon
|-resisted|p2a: Miraidon
|-damage|p2a: Miraidon|97/100
|-activate|p2a: Miraidon|move: Fire Spin|[of] p1a: Eternatus
|
|-damage|p2b: Zacian|25/100|[from] move: Fire Spin|[partiallytrapped]
|-damage|p2a: Miraidon|85/100|[from] move: Fire Spin|[partiallytrapped]
|-sideend|p2: suc vat vk|move: Light Screen
|upkeep
|
|t:|1750773626
|switch|p1b: Quagsire|Quagsire, L50, M|100/100
|turn|8
|
|t:|1750773643
|move|p2b: Zacian|Protect|p2b: Zacian
|-singleturn|p2b: Zacian|Protect
|move|p2a: Miraidon|Draco Meteor|p1b: Quagsire
|-damage|p1b: Quagsire|69/100
|move|p1a: Eternatus|Fire Spin|p2b: Zacian
|-activate|p2b: Zacian|move: Protect
|move|p1b: Quagsire|Toxic|p2a: Miraidon
|-status|p2a: Miraidon|tox
|
|-heal|p1b: Quagsire|75/100|[from] item: Leftovers
|-damage|p2a: Miraidon|79/100 tox|[from] psn
|-damage|p2b: Zacian|13/100|[from] move: Fire Spin|[partiallytrapped]
|-damage|p2a: Miraidon|67/100 tox|[from] move: Fire Spin|[partiallytrapped]
|-sideend|p1: PiousAugustus13|Reflect
|upkeep
|turn|9
|inactive|PiousAugustus13 has 30 seconds left.
|
|t:|1750773669
|move|p2b: Zacian|Behemoth Blade|p1b: Quagsire
|-resisted|p1b: Quagsire
|-crit|p1b: Quagsire
|-damage|p1b: Quagsire|27/100
|move|p2a: Miraidon|Draco Meteor|p1a: Eternatus
|-supereffective|p1a: Eternatus
|-damage|p1a: Eternatus|69/100
|move|p1a: Eternatus|Fire Spin|p2b: Zacian
|-damage|p2b: Zacian|2/100
|move|p1b: Quagsire|Earth Power|p2a: Miraidon
|-supereffective|p2a: Miraidon
|-damage|p2a: Miraidon|26/100 tox
|
|-heal|p1b: Quagsire|33/100|[from] item: Leftovers
|-damage|p2a: Miraidon|15/100 tox|[from] psn
|-end|p2b: Zacian|Fire Spin|[partiallytrapped]
|-damage|p2a: Miraidon|3/100 tox|[from] move: Fire Spin|[partiallytrapped]
|-sideend|p1: PiousAugustus13|move: Light Screen
|-fieldend|move: Electric Terrain
|upkeep
|turn|10
|-message|suc vat vk forfeited.
|
|win|PiousAugustus13
|raw|PiousAugustus13's rating: 1463 &rarr; <strong>1485</strong><br />(+22 for winning)
|raw|suc vat vk's rating: 1491 &rarr; <strong>1469</strong><br />(-22 for losing)
|l|☆suc vat vk
|player|p2|
|l|☆PiousAugustus13
|player|p1|
