|j|☆queen_lel
|j|☆Jaker0125
|t:|1750860575
|gametype|doubles
|player|p1|queen_lel|169|1369
|player|p2|Jaker0125|red|1328
|teamsize|p1|6
|teamsize|p2|6
|gen|9
|tier|[Gen 9] VGC 2025 Reg I
|rated|
|rule|Species Clause: Limit one of each Pokémon
|rule|Item Clause: Limit 1 of each item
|clearpoke
|poke|p1|Zamazenta-*, L50|
|poke|p1|Volcarona, L50, M|
|poke|p1|Calyrex-Shadow, L50|
|poke|p1|Ogerpon-Wellspring, L50, F|
|poke|p1|Rillaboom, L50, M|
|poke|p1|Iron Hands, L50|
|poke|p2|Calyrex-Ice, L50|
|poke|p2|Kyogre, L50|
|poke|p2|Blastoise, L50, M|
|poke|p2|Amoonguss, L50, M|
|poke|p2|Flutter Mane, L50|
|poke|p2|Kingdra, L50, M|
|teampreview|4
|inactive|Battle timer is ON: inactive players will automatically lose when time's up. (requested by Jaker0125)
|inactive|queen_lel also wants the timer to be on.
|inactive|Jaker0125 has 60 seconds left.
|
|t:|1750860632
|start
|switch|p1a: Calyrex|Calyrex-Shadow, L50|100/100
|switch|p1b: Iron Hands|Iron Hands, L50|100/100
|switch|p2a: Kyogre|Kyogre, L50|100/100
|switch|p2b: Flutter Mane|Flutter Mane, L50|100/100
|-ability|p1a: Calyrex|As One
|-ability|p1a: Calyrex|Unnerve
|-weather|RainDance|[from] ability: Drizzle|[of] p2a: Kyogre
|turn|1
|inactive|queen_lel has 30 seconds left.
|
|t:|1750860662
|-terastallize|p1a: Calyrex|Ground
|-terastallize|p2b: Flutter Mane|Normal
|move|p2a: Kyogre|Protect|p2a: Kyogre
|-singleturn|p2a: Kyogre|Protect
|move|p1b: Iron Hands|Fake Out|p2a: Kyogre
|-activate|p2a: Kyogre|move: Protect
|move|p1a: Calyrex|Astral Barrage|p2a: Kyogre|[spread] 
|-activate|p2a: Kyogre|move: Protect
|-immune|p2b: Flutter Mane
|move|p2b: Flutter Mane|Icy Wind|p1b: Iron Hands|[spread] p1b
|-miss|p2b: Flutter Mane|p1a: Calyrex
|-damage|p1b: Iron Hands|86/100
|-unboost|p1b: Iron Hands|spe|1
|
|-weather|RainDance|[upkeep]
|-heal|p1b: Iron Hands|92/100|[from] item: Leftovers
|upkeep
|turn|2
|inactive|queen_lel has 30 seconds left.
|inactive|Jaker0125 has 30 seconds left.
|inactive|queen_lel has 20 seconds left.
|inactive|Jaker0125 has 20 seconds left.
|inactive|queen_lel has 15 seconds left.
|inactive|Jaker0125 has 15 seconds left.
|inactive|Jaker0125 has 10 seconds left.
|inactive|Jaker0125 has 5 seconds left.
|
|t:|1750860716
|move|p1a: Calyrex|Astral Barrage|p2b: Flutter Mane|[spread] p2a
|-immune|p2b: Flutter Mane
|-damage|p2a: Kyogre|41/100
|move|p2b: Flutter Mane|Moonblast|p1a: Calyrex
|-damage|p1a: Calyrex|46/100
|-unboost|p1a: Calyrex|spa|1
|move|p2a: Kyogre|Origin Pulse|p1b: Iron Hands|[spread] p1a,p1b
|-supereffective|p1a: Calyrex
|-damage|p1a: Calyrex|0 fnt
|-damage|p1b: Iron Hands|11/100
|faint|p1a: Calyrex
|move|p1b: Iron Hands|Wild Charge|p2a: Kyogre
|-supereffective|p2a: Kyogre
|-damage|p2a: Kyogre|0 fnt
|faint|p2a: Kyogre
|-damage|p1b: Iron Hands|4/100|[from] Recoil
|
|-weather|RainDance|[upkeep]
|-heal|p1b: Iron Hands|10/100|[from] item: Leftovers
|upkeep
|inactive|queen_lel has 30 seconds left.
|
|t:|1750860742
|switch|p1a: Zamazenta|Zamazenta-Crowned, L50|100/100
|switch|p2a: Kingdra|Kingdra, L50, M|100/100
|-ability|p1a: Zamazenta|Dauntless Shield|boost
|-boost|p1a: Zamazenta|def|1
|turn|3
|inactive|Jaker0125 has 30 seconds left.
|inactive|Jaker0125 has 20 seconds left.
|inactive|Jaker0125 has 15 seconds left.
|inactive|Jaker0125 has 10 seconds left.
|inactive|Jaker0125 has 5 seconds left.
|
|t:|1750860797
|-end|p1b: Iron Hands|Quark Drive|[silent]
|switch|p1b: Ogerpon|Ogerpon-Wellspring, L50, F|100/100
|move|p2a: Kingdra|Weather Ball|p1a: Zamazenta
|-damage|p1a: Zamazenta|26/100
|-damage|p2a: Kingdra|91/100|[from] item: Life Orb
|move|p2b: Flutter Mane|Moonblast|p1a: Zamazenta
|-damage|p1a: Zamazenta|0 fnt
|faint|p1a: Zamazenta
|
|-weather|RainDance|[upkeep]
|upkeep
|
|t:|1750860801
|switch|p1a: Iron Hands|Iron Hands, L50|10/100
|turn|4
|inactive|Jaker0125 has 30 seconds left.
|
|t:|1750860831
|move|p1a: Iron Hands|Fake Out|p2b: Flutter Mane
|-damage|p2b: Flutter Mane|65/100
|move|p2a: Kingdra|Muddy Water|p1b: Ogerpon|[spread] p1a
|-immune|p1b: Ogerpon|[from] ability: Water Absorb
|-damage|p1a: Iron Hands|0 fnt
|faint|p1a: Iron Hands
|-end|p1a: Iron Hands|Quark Drive|[silent]
|-damage|p2a: Kingdra|81/100|[from] item: Life Orb
|cant|p2b: Flutter Mane|flinch
|move|p1b: Ogerpon|Ivy Cudgel|p2b: Flutter Mane|[anim] Ivy Cudgel Water
|-damage|p2b: Flutter Mane|0 fnt
|faint|p2b: Flutter Mane
|-end|p2b: Flutter Mane|Protosynthesis|[silent]
|
|-weather|RainDance|[upkeep]
|upkeep
|
|t:|1750860844
|switch|p2b: Calyrex|Calyrex-Ice, L50|100/100
|-ability|p2b: Calyrex|As One
|-ability|p2b: Calyrex|Unnerve
|turn|5
|
|t:|1750860853
|move|p2a: Kingdra|Draco Meteor|p1b: Ogerpon
|-damage|p1b: Ogerpon|23/100
|-unboost|p2a: Kingdra|spa|2
|-damage|p2a: Kingdra|71/100|[from] item: Life Orb
|move|p1b: Ogerpon|Ivy Cudgel|p2b: Calyrex|[anim] Ivy Cudgel Water
|-damage|p2b: Calyrex|62/100
|move|p2b: Calyrex|Trick Room|p2b: Calyrex
|-fieldstart|move: Trick Room|[of] p2b: Calyrex
|
|-weather|none
|-heal|p2b: Calyrex|68/100|[from] item: Leftovers
|upkeep
|turn|6
|inactive|queen_lel has 30 seconds left.
|inactive|queen_lel has 20 seconds left.
|-message|queen_lel forfeited.
|
|win|Jaker0125
|raw|queen_lel's rating: 1352 &rarr; <strong>1331</strong><br />(-21 for losing)
|raw|Jaker0125's rating: 1328 &rarr; <strong>1349</strong><br />(+21 for winning)
|l|☆queen_lel
|player|p1|
|l|☆Jaker0125
|player|p2|
