|j|☆Testingstuffuser4
|j|☆MalteseShark
|t:|1750768331
|gametype|doubles
|player|p1|Testingstuffuser4|101|1391
|player|p2|MalteseShark|169|1472
|teamsize|p1|6
|teamsize|p2|6
|gen|9
|tier|[Gen 9] VGC 2025 Reg I
|rated|
|rule|Species Clause: Limit one of each Pokémon
|rule|Item Clause: Limit 1 of each item
|clearpoke
|poke|p1|Koraidon, L50|
|poke|p1|Amoonguss, L50, F|
|poke|p1|Incineroar, L50, F|
|poke|p1|Gothitelle, L50, M|
|poke|p1|Scream Tail, L50|
|poke|p1|Calyrex-Shadow, L50|
|poke|p2|Miraidon, L50|
|poke|p2|Calyrex-Ice, L50|
|poke|p2|Amoonguss, L50, F|
|poke|p2|Flutter Mane, L50|
|poke|p2|Garchomp, L50, M|
|poke|p2|Ogerpon-Wellspring, L50, F|
|teampreview|4
|inactive|Battle timer is ON: inactive players will automatically lose when time's up. (requested by Testingstuffuser4)
|inactive|MalteseShark has 60 seconds left.
|inactive|MalteseShark has 30 seconds left.
|inactive|MalteseShark has 20 seconds left.
|inactive|MalteseShark has 15 seconds left.
|
|t:|1750768427
|start
|switch|p1a: Calyrex|Calyrex-Shadow, L50|100/100
|switch|p1b: Amoonguss|Amoonguss, L50, F|100/100
|switch|p2a: Flutter Mane|Flutter Mane, L50|100/100
|switch|p2b: Ogerpon|Ogerpon-Wellspring, L50, F|100/100
|-ability|p1a: Calyrex|As One
|-ability|p1a: Calyrex|Unnerve
|turn|1
|inactive|MalteseShark has 30 seconds left.
|inactive|MalteseShark has 20 seconds left.
|
|t:|1750768463
|-end|p2a: Flutter Mane|Protosynthesis|[silent]
|switch|p2a: Garchomp|Garchomp, L50, M|100/100
|move|p2b: Ogerpon|Follow Me|p2b: Ogerpon
|-singleturn|p2b: Ogerpon|move: Follow Me
|move|p1b: Amoonguss|Rage Powder|p1b: Amoonguss
|-singleturn|p1b: Amoonguss|move: Rage Powder
|move|p1a: Calyrex|Astral Barrage|p2b: Ogerpon|[spread] p2a,p2b
|-damage|p2a: Garchomp|55/100
|-damage|p2b: Ogerpon|49/100
|
|upkeep
|turn|2
|inactive|MalteseShark has 30 seconds left.
|
|t:|1750768491
|-terastallize|p1a: Calyrex|Ghost
|move|p2b: Ogerpon|Spiky Shield|p2b: Ogerpon
|-singleturn|p2b: Ogerpon|move: Protect
|move|p1b: Amoonguss|Rage Powder|p1b: Amoonguss
|-singleturn|p1b: Amoonguss|move: Rage Powder
|move|p2a: Garchomp|Bulldoze|p1a: Calyrex|[spread] p1a,p1b
|-activate|p2b: Ogerpon|move: Protect
|-crit|p1b: Amoonguss
|-damage|p1a: Calyrex|76/100
|-damage|p1b: Amoonguss|71/100
|-unboost|p1a: Calyrex|spe|1
|-unboost|p1b: Amoonguss|spe|1
|move|p1a: Calyrex|Astral Barrage|p2a: Garchomp|[spread] p2a
|-activate|p2b: Ogerpon|move: Protect
|-damage|p2a: Garchomp|0 fnt
|faint|p2a: Garchomp
|-ability|p1a: Calyrex|Grim Neigh|boost
|-boost|p1a: Calyrex|spa|1
|
|upkeep
|
|t:|1750768513
|switch|p2a: Flutter Mane|Flutter Mane, L50|100/100
|turn|3
|
|t:|1750768532
|switch|p1a: Incineroar|Incineroar, L50, F|100/100
|-ability|p1a: Incineroar|Intimidate|boost
|-unboost|p2a: Flutter Mane|atk|1
|-unboost|p2b: Ogerpon|atk|1
|-terastallize|p2a: Flutter Mane|Fairy
|move|p2b: Ogerpon|Follow Me|p2b: Ogerpon
|-singleturn|p2b: Ogerpon|move: Follow Me
|move|p2a: Flutter Mane|Dazzling Gleam|p1a: Incineroar|[spread] p1a,p1b
|-resisted|p1b: Amoonguss
|-damage|p1a: Incineroar|50/100
|-damage|p1b: Amoonguss|50/100
|move|p1b: Amoonguss|Sludge Bomb|p2b: Ogerpon
|-supereffective|p2b: Ogerpon
|-damage|p2b: Ogerpon|3/100
|-status|p2b: Ogerpon|psn
|
|-damage|p2b: Ogerpon|0 fnt|[from] psn
|faint|p2b: Ogerpon
|upkeep
|
|t:|1750768550
|switch|p2b: Calyrex|Calyrex-Ice, L50|100/100
|-ability|p2b: Calyrex|As One
|-ability|p2b: Calyrex|Unnerve
|turn|4
|
|t:|1750768559
|move|p2b: Calyrex|Protect|p2b: Calyrex
|-singleturn|p2b: Calyrex|Protect
|move|p1a: Incineroar|Fake Out|p2b: Calyrex
|-activate|p2b: Calyrex|move: Protect
|move|p2a: Flutter Mane|Dazzling Gleam|p1a: Incineroar|[spread] p1a,p1b
|-resisted|p1b: Amoonguss
|-damage|p1a: Incineroar|1/100
|-damage|p1b: Amoonguss|27/100
|move|p1b: Amoonguss|Sludge Bomb|p2a: Flutter Mane
|-supereffective|p2a: Flutter Mane
|-crit|p2a: Flutter Mane
|-damage|p2a: Flutter Mane|9/100
|-status|p2a: Flutter Mane|psn
|
|-damage|p2a: Flutter Mane|0 fnt|[from] psn
|faint|p2a: Flutter Mane
|-end|p2a: Flutter Mane|Protosynthesis|[silent]
|upkeep
|turn|5
|
|t:|1750768576
|move|p1b: Amoonguss|Protect|p1b: Amoonguss
|-singleturn|p1b: Amoonguss|Protect
|move|p1a: Incineroar|Flare Blitz|p2b: Calyrex
|-supereffective|p2b: Calyrex
|-damage|p2b: Calyrex|45/100
|-damage|p1a: Incineroar|0 fnt|[from] Recoil
|faint|p1a: Incineroar
|move|p2b: Calyrex|Glacial Lance|p1b: Amoonguss
|-activate|p1b: Amoonguss|move: Protect
|
|upkeep
|
|t:|1750768584
|switch|p1a: Calyrex|Calyrex-Shadow, L50, tera:Ghost|76/100
|-ability|p1a: Calyrex|As One
|-ability|p1a: Calyrex|Unnerve
|turn|6
|-message|MalteseShark forfeited.
|
|win|Testingstuffuser4
|raw|Testingstuffuser4's rating: 1391 &rarr; <strong>1416</strong><br />(+25 for winning)
|raw|MalteseShark's rating: 1472 &rarr; <strong>1447</strong><br />(-25 for losing)
|l|☆MalteseShark
|player|p2|
|l|☆Testingstuffuser4
|player|p1|
