|j|☆I Danno
|j|☆roy'tjeb
|t:|1750752606
|gametype|doubles
|player|p1|I Danno|2|1148
|player|p2|roy'tjeb|1|1206
|teamsize|p1|6
|teamsize|p2|6
|gen|9
|tier|[Gen 9] VGC 2025 Reg I
|rated|
|rule|Species Clause: Limit one of each Pokémon
|rule|Item Clause: Limit 1 of each item
|clearpoke
|poke|p1|Arcanine-Hisui, L50, F|
|poke|p1|Rillaboom, L50, F|
|poke|p1|Groudon, L50|
|poke|p1|Flutter Mane, L50|
|poke|p1|Roaring Moon, L50|
|poke|p1|Lunala, L50|
|poke|p2|Calyrex-Shadow, L50|
|poke|p2|Bruxish, L50, M|
|poke|p2|Indeedee-F, L50, F|
|poke|p2|Tornadus, L50, M|
|poke|p2|Zamazenta-*, L50|
|poke|p2|Ursaluna-Bloodmoon, L50, M|
|teampreview|4
|
|t:|1750752637
|start
|switch|p1a: Groudon|Groudon, L50|100/100
|switch|p1b: Roaring Moon|Roaring Moon, L50|100/100
|switch|p2a: Calyrex|Calyrex-Shadow, L50|100/100
|switch|p2b: Indeedee|Indeedee-F, L50, F|100/100
|-ability|p2a: Calyrex|As One
|-ability|p2a: Calyrex|Unnerve
|-weather|SunnyDay|[from] ability: Drought|[of] p1a: Groudon
|-activate|p1b: Roaring Moon|ability: Protosynthesis
|-start|p1b: Roaring Moon|protosynthesisatk
|-fieldstart|move: Psychic Terrain|[from] ability: Psychic Surge|[of] p2b: Indeedee
|turn|1
|inactive|Battle timer is ON: inactive players will automatically lose when time's up. (requested by I Danno)
|
|t:|1750752703
|move|p2b: Indeedee|Follow Me|p2b: Indeedee
|-singleturn|p2b: Indeedee|move: Follow Me
|move|p2a: Calyrex|Astral Barrage|p1b: Roaring Moon|[spread] p1a,p1b
|-resisted|p1b: Roaring Moon
|-damage|p1a: Groudon|66/100
|-damage|p1b: Roaring Moon|75/100
|move|p1b: Roaring Moon|Tailwind|p1b: Roaring Moon
|-sidestart|p1: I Danno|move: Tailwind
|move|p1a: Groudon|Crunch|p2b: Indeedee
|-supereffective|p2b: Indeedee
|-damage|p2b: Indeedee|7/100
|-damage|p1a: Groudon|49/100|[from] item: Rocky Helmet|[of] p2b: Indeedee
|
|-weather|SunnyDay|[upkeep]
|upkeep
|turn|2
|inactive|roy'tjeb has 30 seconds left.
|
|t:|1750752736
|switch|p2a: Ursaluna|Ursaluna-Bloodmoon, L50, M|100/100
|move|p1b: Roaring Moon|Taunt|p2b: Indeedee
|-start|p2b: Indeedee|move: Taunt
|move|p1a: Groudon|Crunch|p2a: Ursaluna
|-damage|p2a: Ursaluna|76/100
|cant|p2b: Indeedee|move: Taunt|Trick Room
|
|-weather|SunnyDay|[upkeep]
|upkeep
|turn|3
|
|t:|1750752761
|switch|p2b: Zamazenta|Zamazenta-Crowned, L50|100/100
|-ability|p2b: Zamazenta|Dauntless Shield|boost
|-boost|p2b: Zamazenta|def|1
|-terastallize|p2a: Ursaluna|Fairy
|move|p1b: Roaring Moon|U-turn|p2a: Ursaluna
|-resisted|p2a: Ursaluna
|-damage|p2a: Ursaluna|65/100
|
|t:|1750752776
|-end|p1b: Roaring Moon|Protosynthesis|[silent]
|switch|p1b: Arcanine|Arcanine-Hisui, L50, F|100/100|[from] U-turn
|move|p1a: Groudon|Brick Break|p2a: Ursaluna
|-resisted|p2a: Ursaluna
|-damage|p2a: Ursaluna|52/100
|move|p2a: Ursaluna|Moonblast|p1b: Arcanine
|-resisted|p1b: Arcanine
|-damage|p1b: Arcanine|75/100
|
|-weather|SunnyDay|[upkeep]
|upkeep
|turn|4
|inactive|I Danno has 30 seconds left.
|inactive|roy'tjeb has 30 seconds left.
|inactive|roy'tjeb has 20 seconds left.
|inactive|roy'tjeb has 15 seconds left.
|
|t:|1750752819
|move|p1b: Arcanine|Flare Blitz|p2b: Zamazenta
|-supereffective|p2b: Zamazenta
|-damage|p2b: Zamazenta|0 fnt
|faint|p2b: Zamazenta
|-damage|p1b: Arcanine|66/100|[from] item: Life Orb
|move|p1a: Groudon|Brick Break|p2a: Ursaluna
|-resisted|p2a: Ursaluna
|-damage|p2a: Ursaluna|42/100
|move|p2a: Ursaluna|Moonblast|p1a: Groudon
|-damage|p1a: Groudon|23/100
|
|-weather|SunnyDay|[upkeep]
|-sideend|p1: I Danno|move: Tailwind
|upkeep
|
|t:|1750752830
|switch|p2b: Calyrex|Calyrex-Shadow, L50|100/100
|-ability|p2b: Calyrex|As One
|-ability|p2b: Calyrex|Unnerve
|turn|5
|inactive|I Danno has 30 seconds left.
|
|t:|1750752861
|switch|p2a: Indeedee|Indeedee-F, L50, F|7/100
|move|p2b: Calyrex|Expanding Force|p1a: Groudon|[spread] p1a,p1b
|-damage|p1a: Groudon|0 fnt
|-damage|p1b: Arcanine|0 fnt
|faint|p1a: Groudon
|faint|p1b: Arcanine
|-ability|p2b: Calyrex|Grim Neigh|boost
|-boost|p2b: Calyrex|spa|2
|
|-weather|none
|-fieldend|move: Psychic Terrain
|upkeep
|
|t:|1750752871
|switch|p1b: Roaring Moon|Roaring Moon, L50|75/100
|switch|p1a: Flutter Mane|Flutter Mane, L50|100/100
|-enditem|p1b: Roaring Moon|Booster Energy
|-activate|p1b: Roaring Moon|ability: Protosynthesis|[fromitem]
|-start|p1b: Roaring Moon|protosynthesisatk
|turn|6
|
|t:|1750752894
|-terastallize|p1a: Flutter Mane|Stellar
|move|p2a: Indeedee|Follow Me|p2a: Indeedee
|-singleturn|p2a: Indeedee|move: Follow Me
|move|p2b: Calyrex|Astral Barrage|p1b: Roaring Moon|[spread] p1a,p1b
|-supereffective|p1a: Flutter Mane
|-resisted|p1b: Roaring Moon
|-damage|p1a: Flutter Mane|0 fnt
|-damage|p1b: Roaring Moon|20/100
|faint|p1a: Flutter Mane
|-end|p1a: Flutter Mane|Protosynthesis|[silent]
|-ability|p2b: Calyrex|Grim Neigh|boost
|-boost|p2b: Calyrex|spa|1
|move|p1b: Roaring Moon|Tailwind|p1b: Roaring Moon
|-sidestart|p1: I Danno|move: Tailwind
|
|upkeep
|turn|7
|
|t:|1750752913
|move|p2a: Indeedee|Follow Me|p2a: Indeedee
|-singleturn|p2a: Indeedee|move: Follow Me
|move|p1b: Roaring Moon|Acrobatics|p2a: Indeedee
|-damage|p2a: Indeedee|0 fnt
|-damage|p1b: Roaring Moon|3/100|[from] item: Rocky Helmet|[of] p2a: Indeedee
|faint|p2a: Indeedee
|move|p2b: Calyrex|Astral Barrage|p1b: Roaring Moon
|-resisted|p1b: Roaring Moon
|-damage|p1b: Roaring Moon|0 fnt
|faint|p1b: Roaring Moon
|-end|p1b: Roaring Moon|Protosynthesis|[silent]
|
|win|roy'tjeb
|raw|I Danno's rating: 1148 &rarr; <strong>1127</strong><br />(-21 for losing)
|raw|roy&apos;tjeb's rating: 1206 &rarr; <strong>1227</strong><br />(+21 for winning)
|l|☆I Danno
|player|p1|
|l|☆roy'tjeb
|player|p2|
