|j|☆HeadHunt3rZ
|j|☆Ao_Blue_Poison
|t:|1750839155
|gametype|doubles
|player|p1|HeadHunt3rZ|acetrainer-gen4dp|1266
|player|p2|Ao_Blue_Poison|iono|1167
|teamsize|p1|6
|teamsize|p2|6
|gen|9
|tier|[Gen 9] VGC 2025 Reg I
|rated|
|rule|Species Clause: Limit one of each Pokémon
|rule|Item Clause: Limit 1 of each item
|clearpoke
|poke|p1|Kyogre, L50|
|poke|p1|Volcarona, L50, M|
|poke|p1|Rillaboom, L50, M|
|poke|p1|Whimsicott, L50, F|
|poke|p1|Chien-Pao, L50|
|poke|p1|Giratina-Origin, L50|
|poke|p2|Necrozma-Dawn-Wings, L50|
|poke|p2|Whimsicott, L50, M|
|poke|p2|Miraidon, L50|
|poke|p2|Rhyperior, L50, F|
|poke|p2|Chi-Yu, L50|
|poke|p2|Quaquaval, L50, F|
|teampreview|4
|inactive|Battle timer is ON: inactive players will automatically lose when time's up. (requested by Ao_Blue_Poison)
|inactive|HeadHunt3rZ also wants the timer to be on.
|inactive|HeadHunt3rZ has 60 seconds left.
|inactive|Ao_Blue_Poison has 60 seconds left.
|
|t:|1750839194
|start
|switch|p1a: Whimsicott|Whimsicott, L50, F|100/100
|switch|p1b: Rillaboom|Rillaboom, L50, M|100/100
|switch|p2a: Emerald|Chi-Yu, L50|100/100
|switch|p2b: Vanguard|Rhyperior, L50, F, shiny|100/100
|-ability|p2a: Emerald|Beads of Ruin
|-fieldstart|move: Grassy Terrain|[from] ability: Grassy Surge|[of] p1b: Rillaboom
|turn|1
|inactive|HeadHunt3rZ has 30 seconds left.
|inactive|HeadHunt3rZ has 20 seconds left.
|
|t:|1750839230
|-terastallize|p2a: Emerald|Ghost
|move|p1a: Whimsicott|Light Screen|p1a: Whimsicott
|-sidestart|p1: HeadHunt3rZ|move: Light Screen
|move|p2a: Emerald|Flamethrower|p1b: Rillaboom
|-supereffective|p1b: Rillaboom
|-damage|p1b: Rillaboom|47/100
|move|p1b: Rillaboom|Wood Hammer|p2b: Vanguard
|-supereffective|p2b: Vanguard
|-damage|p2b: Vanguard|0 fnt
|faint|p2b: Vanguard
|-damage|p1b: Rillaboom|10/100|[from] Recoil
|
|-heal|p1b: Rillaboom|16/100|[from] Grassy Terrain
|upkeep
|
|t:|1750839240
|switch|p2b: Strife|Miraidon, L50|100/100
|-fieldstart|move: Electric Terrain|[from] ability: Hadron Engine|[of] p2b: Strife
|turn|2
|
|t:|1750839248
|switch|p1b: Giratina|Giratina-Origin, L50|100/100
|move|p1a: Whimsicott|Tailwind|p1a: Whimsicott
|-sidestart|p1: HeadHunt3rZ|move: Tailwind
|move|p2a: Emerald|Flamethrower|p1a: Whimsicott
|-supereffective|p1a: Whimsicott
|-damage|p1a: Whimsicott|2/100
|move|p2b: Strife|Dazzling Gleam|p1b: Giratina|[spread] p1a,p1b
|-supereffective|p1b: Giratina
|-damage|p1a: Whimsicott|0 fnt
|-damage|p1b: Giratina|62/100
|faint|p1a: Whimsicott
|
|upkeep
|
|t:|1750839261
|switch|p1a: Kyogre|Kyogre, L50|100/100
|-weather|RainDance|[from] ability: Drizzle|[of] p1a: Kyogre
|turn|3
|
|t:|1750839269
|switch|p2a: Lapis|Necrozma-Dawn-Wings, L50, shiny|100/100
|-enditem|p2a: Lapis|Electric Seed
|-boost|p2a: Lapis|def|1|[from] item: Electric Seed
|-terastallize|p1b: Giratina|Fire
|move|p1a: Kyogre|Water Spout|p2b: Strife|[spread] p2a,p2b
|-resisted|p2b: Strife
|-damage|p2a: Lapis|9/100
|-damage|p2b: Strife|64/100
|move|p2b: Strife|Volt Switch|p1a: Kyogre
|-supereffective|p1a: Kyogre
|-damage|p1a: Kyogre|45/100
|
|t:|1750839271
|switch|p2b: Emerald|Chi-Yu, L50, tera:Ghost|100/100|[from] Volt Switch
|-ability|p2b: Emerald|Beads of Ruin
|move|p1b: Giratina|Poltergeist|p2b: Emerald
|-activate|p2b: Emerald|move: Poltergeist|Choice Scarf
|-supereffective|p2b: Emerald
|-damage|p2b: Emerald|0 fnt
|faint|p2b: Emerald
|
|-weather|RainDance|[upkeep]
|upkeep
|
|t:|1750839272
|switch|p2b: Strife|Miraidon, L50|64/100
|-activate|p2b: Strife|ability: Hadron Engine
|turn|4
|inactive|HeadHunt3rZ has 30 seconds left.
|
|t:|1750839298
|move|p2a: Lapis|Protect|p2a: Lapis
|-singleturn|p2a: Lapis|Protect
|move|p1b: Giratina|Shadow Sneak|p2a: Lapis
|-activate|p2a: Lapis|move: Protect
|move|p1a: Kyogre|Ice Beam|p2b: Strife
|-supereffective|p2b: Strife
|-damage|p2b: Strife|20/100
|move|p2b: Strife|Electro Drift|p1b: Giratina
|-damage|p1b: Giratina|22/100
|
|-weather|RainDance|[upkeep]
|upkeep
|turn|5
|
|t:|1750839309
|move|p1b: Giratina|Shadow Sneak|p2a: Lapis
|-supereffective|p2a: Lapis
|-damage|p2a: Lapis|0 fnt
|faint|p2a: Lapis
|move|p1a: Kyogre|Ice Beam|p2b: Strife
|-supereffective|p2b: Strife
|-damage|p2b: Strife|0 fnt
|faint|p2b: Strife
|
|win|HeadHunt3rZ
|raw|HeadHunt3rZ's rating: 1266 &rarr; <strong>1284</strong><br />(+18 for winning)
|raw|Ao_Blue_Poison's rating: 1167 &rarr; <strong>1149</strong><br />(-18 for losing)
|l|☆Ao_Blue_Poison
|player|p2|
|l|☆HeadHunt3rZ
|player|p1|
