|j|☆Dark Slub
|j|☆pog poggersen
|t:|1750879802
|gametype|doubles
|player|p1|Dark Slub|miku-flying|1276
|player|p2|pog poggersen|ltsurge|1290
|teamsize|p1|6
|teamsize|p2|6
|gen|9
|tier|[Gen 9] VGC 2025 Reg I
|rated|
|rule|Species Clause: Limit one of each Pokémon
|rule|Item Clause: Limit 1 of each item
|clearpoke
|poke|p1|Calyrex-Shadow, L50|
|poke|p1|Koraidon, L50|
|poke|p1|Amoonguss, L50, M|
|poke|p1|Incineroar, L50, M|
|poke|p1|Raging Bolt, L50|
|poke|p1|Slowbro, L50, M|
|poke|p2|Scream Tail, L50|
|poke|p2|Gothitelle, L50, M|
|poke|p2|Incineroar, L50, M|
|poke|p2|Koraidon, L50|
|poke|p2|Giratina-Origin, L50|
|poke|p2|Scovillain, L50, F|
|teampreview|4
|inactive|Battle timer is ON: inactive players will automatically lose when time's up. (requested by pog poggersen)
|inactive|pog poggersen has 60 seconds left.
|
|t:|1750879841
|start
|switch|p1a: California Rex|Calyrex-Shadow, L50|100/100
|switch|p1b: Incineroar|Incineroar, L50, M|100/100
|switch|p2a: Giratina|Giratina-Origin, L50|100/100
|switch|p2b: Incineroar|Incineroar, L50, M|100/100
|-ability|p1a: California Rex|As One
|-ability|p1a: California Rex|Unnerve
|-ability|p2b: Incineroar|Intimidate|boost
|-unboost|p1a: California Rex|atk|1
|-unboost|p1b: Incineroar|atk|1
|-ability|p1b: Incineroar|Intimidate|boost
|-unboost|p2a: Giratina|atk|1
|-unboost|p2b: Incineroar|atk|1
|turn|1
|inactive|Dark Slub has 30 seconds left.
|
|t:|1750879874
|move|p2b: Incineroar|Fake Out|p1a: California Rex
|-immune|p1a: California Rex
|move|p1a: California Rex|Astral Barrage|p2b: Incineroar|[spread] p2a,p2b
|-supereffective|p2a: Giratina
|-resisted|p2b: Incineroar
|-damage|p2a: Giratina|30/100
|-damage|p2b: Incineroar|79/100
|move|p2a: Giratina|Shadow Force||[still]
|-prepare|p2a: Giratina|Shadow Force
|move|p1b: Incineroar|Parting Shot|p2a: Giratina|[miss]
|-miss|p1b: Incineroar|p2a: Giratina
|
|upkeep
|turn|2
|
|t:|1750879898
|-terastallize|p1a: California Rex|Normal
|move|p1a: California Rex|Encore|p2b: Incineroar
|-start|p2b: Incineroar|Encore
|move|p2a: Giratina|Shadow Force|p1a: California Rex|[from] lockedmove
|-immune|p1a: California Rex
|move|p2b: Incineroar|Fake Out||[still]
|-hint|Fake Out only works on your first turn out.
|-fail|p2b: Incineroar
|move|p1b: Incineroar|Parting Shot|p2a: Giratina
|-unboost|p2a: Giratina|atk|1
|-unboost|p2a: Giratina|spa|1
|
|t:|1750879909
|switch|p1b: Koraidon|Koraidon, L50|100/100|[from] Parting Shot
|-weather|SunnyDay|[from] ability: Orichalcum Pulse|[of] p1b: Koraidon
|-activate|p1b: Koraidon|Orichalcum Pulse|[source]
|
|-weather|SunnyDay|[upkeep]
|upkeep
|turn|3
|
|t:|1750879920
|switch|p2b: Gothitelle|Gothitelle, L50, M|100/100
|move|p1a: California Rex|Astral Barrage|p2b: Gothitelle|[spread] p2a,p2b
|-supereffective|p2a: Giratina
|-supereffective|p2b: Gothitelle
|-damage|p2a: Giratina|0 fnt
|-damage|p2b: Gothitelle|12/100
|faint|p2a: Giratina
|-ability|p1a: California Rex|Grim Neigh|boost
|-boost|p1a: California Rex|spa|1
|move|p1b: Koraidon|Flare Blitz|p2b: Gothitelle
|-damage|p2b: Gothitelle|0 fnt
|faint|p2b: Gothitelle
|-damage|p1b: Koraidon|96/100|[from] Recoil
|-damage|p1b: Koraidon|87/100|[from] item: Life Orb
|
|-weather|SunnyDay|[upkeep]
|upkeep
|
|t:|1750879925
|switch|p2a: Koraidon|Koraidon, L50|100/100
|switch|p2b: Incineroar|Incineroar, L50, M|79/100
|-activate|p2a: Koraidon|ability: Orichalcum Pulse
|-ability|p2b: Incineroar|Intimidate|boost
|-unboost|p1a: California Rex|atk|1
|-unboost|p1b: Koraidon|atk|1
|turn|4
|
|t:|1750879945
|move|p1a: California Rex|Protect|p1a: California Rex
|-singleturn|p1a: California Rex|Protect
|move|p1b: Koraidon|Protect|p1b: Koraidon
|-singleturn|p1b: Koraidon|Protect
|move|p2a: Koraidon|Scale Shot|p1b: Koraidon
|-activate|p1b: Koraidon|move: Protect
|move|p2b: Incineroar|Flare Blitz|p1a: California Rex
|-activate|p1a: California Rex|move: Protect
|
|-weather|SunnyDay|[upkeep]
|upkeep
|turn|5
|
|t:|1750879964
|-terastallize|p2a: Koraidon|Fire
|move|p1a: California Rex|Astral Barrage|p2b: Incineroar|[spread] p2a,p2b
|-resisted|p2b: Incineroar
|-damage|p2a: Koraidon|8/100
|-damage|p2b: Incineroar|49/100
|move|p1b: Koraidon|Close Combat|p2a: Koraidon
|-damage|p2a: Koraidon|0 fnt
|-unboost|p1b: Koraidon|def|1
|-unboost|p1b: Koraidon|spd|1
|faint|p2a: Koraidon
|-damage|p1b: Koraidon|77/100|[from] item: Life Orb
|move|p2b: Incineroar|Flare Blitz|p1a: California Rex
|-damage|p1a: California Rex|22/100
|-damage|p2b: Incineroar|26/100|[from] Recoil
|
|-weather|SunnyDay|[upkeep]
|upkeep
|turn|6
|-message|pog poggersen forfeited.
|
|win|Dark Slub
|raw|Dark Slub's rating: 1276 &rarr; <strong>1302</strong><br />(+26 for winning)
|raw|pog poggersen's rating: 1290 &rarr; <strong>1264</strong><br />(-26 for losing)
|l|☆pog poggersen
|player|p2|
