|j|☆danswer
|j|☆radiomochi
|t:|1750765272
|gametype|doubles
|player|p1|danswer|266|1112
|player|p2|radiomochi|fisherman-gen4|1038
|teamsize|p1|6
|teamsize|p2|6
|gen|9
|tier|[Gen 9] VGC 2025 Reg I
|rated|
|rule|Species Clause: Limit one of each Pokémon
|rule|Item Clause: Limit 1 of each item
|clearpoke
|poke|p1|Incineroar, L50, F|
|poke|p1|Malamar, L50, F|
|poke|p1|Farigiraf, L50, M|
|poke|p1|Amoonguss, L50, F|
|poke|p1|Calyrex-Ice, L50|
|poke|p1|Clefairy, L50, M|
|poke|p2|Terapagos, L50, M|
|poke|p2|Koraidon, L50|
|poke|p2|Ogerpon-Hearthflame, L50, F|
|poke|p2|Roaring Moon, L50|
|poke|p2|Farigiraf, L50, F|
|poke|p2|Rillaboom, L50, M|
|teampreview|4
|inactive|Battle timer is ON: inactive players will automatically lose when time's up. (requested by radiomochi)
|inactive|radiomochi has 60 seconds left.
|
|t:|1750765344
|start
|switch|p1a: Incineroar|Incineroar, L50, F|100/100
|switch|p1b: Malamar|Malamar, L50, F|100/100
|switch|p2a: Koraidon|Koraidon, L50|100/100
|switch|p2b: Roaring Moon|Roaring Moon, L50|100/100
|-weather|SunnyDay|[from] ability: Orichalcum Pulse|[of] p2a: Koraidon
|-activate|p2b: Roaring Moon|ability: Protosynthesis
|-start|p2b: Roaring Moon|protosynthesisspe
|-activate|p2a: Koraidon|Orichalcum Pulse|[source]
|-ability|p1a: Incineroar|Intimidate|boost
|-unboost|p2a: Koraidon|atk|1
|-unboost|p2b: Roaring Moon|atk|1
|turn|1
|inactive|radiomochi has 30 seconds left.
|inactive|radiomochi has 20 seconds left.
|inactive|radiomochi has 15 seconds left.
|
|t:|1750765385
|-end|p2b: Roaring Moon|Protosynthesis|[silent]
|switch|p2b: Farigiraf|Farigiraf, L50, F|100/100
|-terastallize|p1a: Incineroar|Ghost
|move|p1a: Incineroar|Fake Out||[still]
|cant|p2b: Farigiraf|ability: Armor Tail|Fake Out|[of] p1a: Incineroar
|move|p2a: Koraidon|Flame Charge|p1b: Malamar
|-damage|p1b: Malamar|76/100
|-boost|p2a: Koraidon|spe|1
|-damage|p2a: Koraidon|91/100|[from] item: Life Orb
|move|p1b: Malamar|Skill Swap|p1a: Incineroar
|-activate|p1b: Malamar|move: Skill Swap|||[of] p1a: Incineroar
|-ability|p1b: Malamar|Intimidate|boost
|-unboost|p2a: Koraidon|atk|1
|-unboost|p2b: Farigiraf|atk|1
|
|-weather|SunnyDay|[upkeep]
|upkeep
|turn|2
|inactive|radiomochi has 30 seconds left.
|
|t:|1750765418
|switch|p2a: Ogerpon|Ogerpon-Hearthflame, L50, F|100/100
|-ability|p2a: Ogerpon|Mold Breaker
|move|p2b: Farigiraf|Foul Play|p1a: Incineroar
|-supereffective|p1a: Incineroar
|-damage|p1a: Incineroar|57/100
|move|p1a: Incineroar|Close Combat|p2b: Farigiraf
|-damage|p2b: Farigiraf|74/100
|-boost|p1a: Incineroar|def|1
|-boost|p1a: Incineroar|spd|1
|move|p1b: Malamar|Trick Room|p1b: Malamar
|-fieldstart|move: Trick Room|[of] p1b: Malamar
|
|-weather|SunnyDay|[upkeep]
|upkeep
|turn|3
|inactive|danswer has 30 seconds left.
|inactive|radiomochi has 30 seconds left.
|
|t:|1750765446
|-terastallize|p2a: Ogerpon|Fire
|detailschange|p2a: Ogerpon|Ogerpon-Hearthflame-Tera, L50, F, tera:Fire
|-ability|p2a: Ogerpon|Embody Aspect (Hearthflame)|boost
|-boost|p2a: Ogerpon|atk|1
|move|p1a: Incineroar|Close Combat|p2b: Farigiraf
|-damage|p2b: Farigiraf|49/100
|-boost|p1a: Incineroar|def|1
|-boost|p1a: Incineroar|spd|1
|move|p1b: Malamar|Skill Swap|p2b: Farigiraf
|-activate|p1b: Malamar|move: Skill Swap|Armor Tail|Intimidate|[of] p2b: Farigiraf
|-ability|p2b: Farigiraf|Intimidate|boost
|-boost|p1a: Incineroar|atk|1
|-unboost|p1b: Malamar|atk|1
|move|p2b: Farigiraf|Foul Play|p1a: Incineroar
|-supereffective|p1a: Incineroar
|-damage|p1a: Incineroar|25/100
|move|p2a: Ogerpon|Ivy Cudgel|p1b: Malamar|[anim] Ivy Cudgel Fire
|-damage|p1b: Malamar|0 fnt
|faint|p1b: Malamar
|
|-weather|SunnyDay|[upkeep]
|upkeep
|inactive|danswer has 30 seconds left.
|
|t:|1750765475
|switch|p1b: Calyrex|Calyrex-Ice, L50|100/100
|-ability|p1b: Calyrex|As One
|-ability|p1b: Calyrex|Unnerve
|turn|4
|inactive|radiomochi has 30 seconds left.
|
|t:|1750765501
|move|p2a: Ogerpon|Spiky Shield|p2a: Ogerpon
|-singleturn|p2a: Ogerpon|move: Protect
|move|p1a: Incineroar|Power Trip|p2b: Farigiraf
|-supereffective|p2b: Farigiraf
|-damage|p2b: Farigiraf|0 fnt
|faint|p2b: Farigiraf
|move|p1b: Calyrex|Stomping Tantrum|p2a: Ogerpon
|-activate|p2a: Ogerpon|move: Protect
|-damage|p1b: Calyrex|88/100|[from] Spiky Shield|[of] p2a: Ogerpon
|
|-weather|SunnyDay|[upkeep]
|upkeep
|
|t:|1750765519
|switch|p2b: Koraidon|Koraidon, L50|91/100
|-activate|p2b: Koraidon|ability: Orichalcum Pulse
|turn|5
|
|t:|1750765536
|switch|p2a: Roaring Moon|Roaring Moon, L50|100/100
|-activate|p2a: Roaring Moon|ability: Protosynthesis
|-start|p2a: Roaring Moon|protosynthesisspe
|move|p2b: Koraidon|Protect|p2b: Koraidon
|-singleturn|p2b: Koraidon|Protect
|move|p1a: Incineroar|Close Combat|p2a: Roaring Moon
|-supereffective|p2a: Roaring Moon
|-enditem|p2a: Roaring Moon|Focus Sash
|-damage|p2a: Roaring Moon|1/100
|-boost|p1a: Incineroar|def|1
|-boost|p1a: Incineroar|spd|1
|move|p1b: Calyrex|Glacial Lance|p2b: Koraidon|[spread] p2a
|-activate|p2b: Koraidon|move: Protect
|-supereffective|p2a: Roaring Moon
|-damage|p2a: Roaring Moon|0 fnt
|faint|p2a: Roaring Moon
|-end|p2a: Roaring Moon|Protosynthesis|[silent]
|-ability|p1b: Calyrex|Chilling Neigh|boost
|-boost|p1b: Calyrex|atk|1
|
|-weather|none
|upkeep
|
|t:|1750765553
|switch|p2a: Ogerpon|Ogerpon-Hearthflame-Tera, L50, F, tera:Fire|100/100
|-ability|p2a: Ogerpon|Embody Aspect (Hearthflame)|boost
|-boost|p2a: Ogerpon|atk|1
|turn|6
|
|t:|1750765568
|move|p2b: Koraidon|Protect||[still]
|-fail|p2b: Koraidon
|move|p1a: Incineroar|Close Combat|p2a: Ogerpon
|-damage|p2a: Ogerpon|44/100
|-boost|p1a: Incineroar|def|1
|-boost|p1a: Incineroar|spd|1
|move|p1b: Calyrex|Glacial Lance|p2b: Koraidon|[spread] p2a,p2b
|-resisted|p2a: Ogerpon
|-supereffective|p2b: Koraidon
|-damage|p2a: Ogerpon|0 fnt
|-damage|p2b: Koraidon|0 fnt
|faint|p2a: Ogerpon
|detailschange|p2: Ogerpon|Ogerpon-Hearthflame, L50, F|[silent]
|faint|p2b: Koraidon
|
|win|danswer
|raw|danswer's rating: 1112 &rarr; <strong>1132</strong><br />(+20 for winning)
|raw|radiomochi's rating: 1038 &rarr; <strong>1026</strong><br />(-12 for losing)
