|j|☆v4valentin3
|j|☆sunnypp
|t:|1750776309
|gametype|doubles
|player|p1|v4valentin3|swimmerf|1482
|player|p2|sunnypp|arven-s|1550
|teamsize|p1|6
|teamsize|p2|6
|gen|9
|tier|[Gen 9] VGC 2025 Reg I
|rated|
|rule|Species Clause: Limit one of each Pokémon
|rule|Item Clause: Limit 1 of each item
|clearpoke
|poke|p1|Calyrex-Ice, L50|
|poke|p1|Miraidon, L50|
|poke|p1|Sableye, L50, F|
|poke|p1|Volcarona, L50, F|
|poke|p1|Iron Treads, L50|
|poke|p1|Incineroar, L50, F|
|poke|p2|Koraidon, L50|
|poke|p2|Groudon, L50|
|poke|p2|Hariyama, L50, M|
|poke|p2|Chien-Pao, L50|
|poke|p2|Flutter Mane, L50|
|poke|p2|Ogerpon-Cornerstone, L50, F|
|teampreview|4
|inactive|Battle timer is ON: inactive players will automatically lose when time's up. (requested by sunnypp)
|inactive|v4valentin3 also wants the timer to be on.
|inactive|v4valentin3 has 60 seconds left.
|
|t:|1750776359
|start
|switch|p1a: Miraidon|Miraidon, L50|100/100
|switch|p1b: Volcarona|Volcarona, L50, F, shiny|100/100
|switch|p2a: Koraidon|Koraidon, L50|100/100
|switch|p2b: Hariyama|Hariyama, L50, M|100/100
|-weather|SunnyDay|[from] ability: Orichalcum Pulse|[of] p2a: Koraidon
|-activate|p2a: Koraidon|Orichalcum Pulse|[source]
|-fieldstart|move: Electric Terrain|[from] ability: Hadron Engine|[of] p1a: Miraidon
|-enditem|p1b: Volcarona|Electric Seed
|-boost|p1b: Volcarona|def|1|[from] item: Electric Seed
|turn|1
|
|t:|1750776375
|switch|p2b: Groudon|Groudon, L50|100/100
|move|p2a: Koraidon|Protect|p2a: Koraidon
|-singleturn|p2a: Koraidon|Protect
|move|p1a: Miraidon|Volt Switch|p2a: Koraidon
|-activate|p2a: Koraidon|move: Protect
|move|p1b: Volcarona|Quiver Dance|p1b: Volcarona
|-boost|p1b: Volcarona|spa|1
|-boost|p1b: Volcarona|spd|1
|-boost|p1b: Volcarona|spe|1
|
|-weather|SunnyDay|[upkeep]
|upkeep
|turn|2
|
|t:|1750776394
|move|p1b: Volcarona|Fiery Dance|p2a: Koraidon
|-resisted|p2a: Koraidon
|-damage|p2a: Koraidon|65/100
|-boost|p1b: Volcarona|spa|1
|move|p2a: Koraidon|Flare Blitz|p1b: Volcarona
|-damage|p1b: Volcarona|10/100
|-damage|p2a: Koraidon|39/100|[from] Recoil
|move|p1a: Miraidon|Volt Switch|p2a: Koraidon
|-resisted|p2a: Koraidon
|-damage|p2a: Koraidon|10/100
|
|t:|1750776404
|switch|p1a: Sableye|Sableye, L50, F|100/100|[from] Volt Switch
|move|p2b: Groudon|Precipice Blades|p1b: Volcarona|[spread] 
|-miss|p2b: Groudon|p1a: Sableye
|-miss|p2b: Groudon|p1b: Volcarona
|
|-weather|SunnyDay|[upkeep]
|upkeep
|turn|3
|
|t:|1750776426
|-terastallize|p1b: Volcarona|Grass
|move|p2a: Koraidon|Protect|p2a: Koraidon
|-singleturn|p2a: Koraidon|Protect
|move|p1b: Volcarona|Giga Drain|p2b: Groudon
|-supereffective|p2b: Groudon
|-crit|p2b: Groudon
|-damage|p2b: Groudon|0 fnt
|-heal|p1b: Volcarona|73/100|[from] drain|[of] p2b: Groudon
|faint|p2b: Groudon
|move|p1a: Sableye|Foul Play|p2a: Koraidon
|-activate|p2a: Koraidon|move: Protect
|
|-weather|SunnyDay|[upkeep]
|upkeep
|
|t:|1750776440
|switch|p2b: Ogerpon|Ogerpon-Cornerstone, L50, F|100/100
|turn|4
|
|t:|1750776448
|move|p1b: Volcarona|Giga Drain|p2a: Koraidon
|-resisted|p2a: Koraidon
|-damage|p2a: Koraidon|0 fnt
|-heal|p1b: Volcarona|78/100|[from] drain|[of] p2a: Koraidon
|faint|p2a: Koraidon
|move|p2b: Ogerpon|Ivy Cudgel|p1a: Sableye|[anim] Ivy Cudgel Rock
|-crit|p1a: Sableye
|-enditem|p1a: Sableye|Focus Sash
|-damage|p1a: Sableye|1/100
|move|p1a: Sableye|Foul Play|p2b: Ogerpon
|-damage|p2b: Ogerpon|43/100
|
|-weather|SunnyDay|[upkeep]
|upkeep
|
|t:|1750776461
|switch|p2a: Hariyama|Hariyama, L50, M|100/100
|turn|5
|
|t:|1750776467
|move|p2b: Ogerpon|Spiky Shield|p2b: Ogerpon
|-singleturn|p2b: Ogerpon|move: Protect
|move|p1b: Volcarona|Fiery Dance|p2b: Ogerpon
|-activate|p2b: Ogerpon|move: Protect
|move|p1a: Sableye|Foul Play|p2b: Ogerpon
|-activate|p2b: Ogerpon|move: Protect
|-damage|p1a: Sableye|0 fnt|[from] Spiky Shield|[of] p2b: Ogerpon
|faint|p1a: Sableye
|move|p2a: Hariyama|Low Kick|p1b: Volcarona
|-crit|p1b: Volcarona
|-damage|p1b: Volcarona|25/100
|
|-weather|none
|-fieldend|move: Electric Terrain
|upkeep
|
|t:|1750776471
|switch|p1a: Miraidon|Miraidon, L50|100/100
|-fieldstart|move: Electric Terrain|[from] ability: Hadron Engine|[of] p1a: Miraidon
|turn|6
|inactive|sunnypp has 30 seconds left.
|
|t:|1750776503
|-terastallize|p2b: Ogerpon|Rock
|detailschange|p2b: Ogerpon|Ogerpon-Cornerstone-Tera, L50, F, tera:Rock
|-ability|p2b: Ogerpon|Embody Aspect (Cornerstone)|boost
|-boost|p2b: Ogerpon|def|1
|move|p1b: Volcarona|Fiery Dance|p2b: Ogerpon
|-resisted|p2b: Ogerpon
|-damage|p2b: Ogerpon|0 fnt
|-boost|p1b: Volcarona|spa|1
|faint|p2b: Ogerpon
|detailschange|p2: Ogerpon|Ogerpon-Cornerstone, L50, F|[silent]
|move|p1a: Miraidon|Volt Switch|p2a: Hariyama
|-damage|p2a: Hariyama|42/100
|
|t:|1750776511
|switch|p1a: Calyrex|Calyrex-Ice, L50|100/100|[from] Volt Switch
|-ability|p1a: Calyrex|As One
|-ability|p1a: Calyrex|Unnerve
|move|p2a: Hariyama|Low Kick|p1b: Volcarona
|-damage|p1b: Volcarona|1/100
|
|upkeep
|turn|7
|-message|sunnypp forfeited.
|
|win|v4valentin3
|raw|v4valentin3's rating: 1482 &rarr; <strong>1506</strong><br />(+24 for winning)
|raw|sunnypp's rating: 1550 &rarr; <strong>1526</strong><br />(-24 for losing)
|l|☆sunnypp
|player|p2|
|l|☆v4valentin3
|player|p1|
