|j|☆sfghfdsfgg
|j|☆ziabaypah
|t:|1750718892
|gametype|doubles
|player|p1|sfghfdsfgg|266|1161
|player|p2|ziabaypah|265|1149
|teamsize|p1|6
|teamsize|p2|6
|gen|9
|tier|[Gen 9] VGC 2025 Reg I
|rated|
|rule|Species Clause: Limit one of each Pokémon
|rule|Item Clause: Limit 1 of each item
|clearpoke
|poke|p1|Miraidon, L50|
|poke|p1|Wo-Chien, L50|
|poke|p1|Murkrow, L50, M|
|poke|p1|Volcarona, L50, M|
|poke|p1|Sableye, L50, M|
|poke|p1|Kyogre, L50|
|poke|p2|Lunala, L50|
|poke|p2|Zoroark-Hisui, L50, M|
|poke|p2|Zamazenta-*, L50|
|poke|p2|Chien-Pao, L50|
|poke|p2|Whimsicott, L50, F|
|poke|p2|Landorus, L50, M|
|teampreview|4
|inactive|Battle timer is ON: inactive players will automatically lose when time's up. (requested by sfghfdsfgg)
|
|t:|1750718936
|start
|switch|p1a: Wo-Chien|Wo-Chien, L50|100/100
|switch|p1b: Sableye|Sableye, L50, M|100/100
|switch|p2a: Whimsicott|Whimsicott, L50, F, shiny|100/100
|switch|p2b: Landorus|Landorus, L50, M|100/100
|-ability|p1a: Wo-Chien|Tablets of Ruin
|turn|1
|
|t:|1750718956
|move|p2b: Landorus|Protect|p2b: Landorus
|-singleturn|p2b: Landorus|Protect
|move|p1b: Sableye|Fake Out|p2b: Landorus
|-activate|p2b: Landorus|move: Protect
|move|p2a: Whimsicott|Tailwind|p2a: Whimsicott
|-sidestart|p2: ziabaypah|move: Tailwind
|move|p1a: Wo-Chien|Leech Seed|p2b: Landorus
|-activate|p2b: Landorus|move: Protect
|
|upkeep
|turn|2
|inactive|ziabaypah has 30 seconds left.
|inactive|ziabaypah has 20 seconds left.
|
|t:|1750718991
|move|p1b: Sableye|Encore|p2b: Landorus
|-start|p2b: Landorus|Encore
|move|p2a: Whimsicott|Moonblast|p1a: Wo-Chien
|-supereffective|p1a: Wo-Chien
|-damage|p1a: Wo-Chien|56/100
|-unboost|p1a: Wo-Chien|spa|1
|move|p2b: Landorus|Protect||[still]
|-fail|p2b: Landorus
|move|p1a: Wo-Chien|Leech Seed|p2b: Landorus
|-start|p2b: Landorus|move: Leech Seed
|
|-damage|p2b: Landorus|88/100|[from] Leech Seed|[of] p1a: Wo-Chien
|-heal|p1a: Wo-Chien|67/100|[silent]
|upkeep
|turn|3
|inactive|ziabaypah has 30 seconds left.
|
|t:|1750719019
|switch|p2b: Zamazenta|Zamazenta-Crowned, L50, shiny|100/100
|-ability|p2b: Zamazenta|Dauntless Shield|boost
|-boost|p2b: Zamazenta|def|1
|move|p1b: Sableye|Disable|p2a: Whimsicott
|-start|p2a: Whimsicott|Disable|Moonblast
|cant|p2a: Whimsicott|Disable|Moonblast
|move|p1a: Wo-Chien|Pollen Puff|p2a: Whimsicott
|-damage|p2a: Whimsicott|77/100
|
|upkeep
|turn|4
|inactive|ziabaypah has 30 seconds left.
|inactive|ziabaypah has 20 seconds left.
|
|t:|1750719058
|switch|p2a: Landorus|Landorus, L50, M|88/100
|switch|p1a: Volcarona|Volcarona, L50, M|100/100
|move|p1b: Sableye|Encore||[still]
|-fail|p1b: Sableye
|move|p2b: Zamazenta|Body Press|p1a: Volcarona
|-resisted|p1a: Volcarona
|-damage|p1a: Volcarona|66/100
|-status|p2b: Zamazenta|brn|[from] ability: Flame Body|[of] p1a: Volcarona
|
|-damage|p2b: Zamazenta|95/100 brn|[from] brn
|-sideend|p2: ziabaypah|move: Tailwind
|upkeep
|turn|5
|inactive|ziabaypah has 30 seconds left.
|
|t:|1750719091
|switch|p2a: Lunala|Lunala, L50|100/100
|-terastallize|p1a: Volcarona|Fairy
|move|p2b: Zamazenta|Wide Guard|p2b: Zamazenta
|-singleturn|p2b: Zamazenta|Wide Guard
|move|p1b: Sableye|Encore|p2b: Zamazenta
|-start|p2b: Zamazenta|Encore
|move|p1a: Volcarona|Quiver Dance|p1a: Volcarona
|-boost|p1a: Volcarona|spa|1
|-boost|p1a: Volcarona|spd|1
|-boost|p1a: Volcarona|spe|1
|
|-damage|p2b: Zamazenta|89/100 brn|[from] brn
|upkeep
|turn|6
|inactive|ziabaypah has 30 seconds left.
|
|t:|1750719120
|switch|p2b: Whimsicott|Whimsicott, L50, F, shiny|77/100
|move|p1b: Sableye|Disable||[still]
|-fail|p1b: Sableye
|move|p1a: Volcarona|Quiver Dance|p1a: Volcarona
|-boost|p1a: Volcarona|spa|1
|-boost|p1a: Volcarona|spd|1
|-boost|p1a: Volcarona|spe|1
|move|p2a: Lunala|Meteor Beam||[still]
|-prepare|p2a: Lunala|Meteor Beam
|-boost|p2a: Lunala|spa|1
|-enditem|p2a: Lunala|Power Herb
|-anim|p2a: Lunala|Meteor Beam|p1a: Volcarona|[miss]
|-miss|p2a: Lunala|p1a: Volcarona
|
|upkeep
|turn|7
|inactive|ziabaypah has 30 seconds left.
|
|t:|1750719154
|move|p2b: Whimsicott|Tailwind|p2b: Whimsicott
|-sidestart|p2: ziabaypah|move: Tailwind
|move|p1b: Sableye|Encore|p2a: Lunala
|-start|p2a: Lunala|Encore
|move|p2a: Lunala|Meteor Beam||[still]
|-prepare|p2a: Lunala|Meteor Beam
|-boost|p2a: Lunala|spa|1
|move|p1a: Volcarona|Heat Wave|p2a: Lunala|[spread] p2a
|-miss|p1a: Volcarona|p2b: Whimsicott
|-damage|p2a: Lunala|77/100
|
|upkeep
|turn|8
|
|t:|1750719175
|-terastallize|p2b: Whimsicott|Dark
|move|p1b: Sableye|Disable|p2a: Lunala
|-start|p2a: Lunala|Disable|Meteor Beam
|move|p2b: Whimsicott|Moonblast|p1b: Sableye
|-supereffective|p1b: Sableye
|-enditem|p1b: Sableye|Focus Sash
|-damage|p1b: Sableye|1/100
|cant|p2a: Lunala|Disable|Meteor Beam
|move|p1a: Volcarona|Heat Wave|p2a: Lunala|[spread] p2a
|-miss|p1a: Volcarona|p2b: Whimsicott
|-damage|p2a: Lunala|32/100
|
|upkeep
|turn|9
|
|t:|1750719198
|switch|p1b: Kyogre|Kyogre, L50|100/100
|-weather|RainDance|[from] ability: Drizzle|[of] p1b: Kyogre
|move|p2b: Whimsicott|Moonblast|p1b: Kyogre
|-damage|p1b: Kyogre|78/100
|-unboost|p1b: Kyogre|spa|1
|-activate|p2a: Lunala|move: Struggle
|move|p2a: Lunala|Struggle|p1a: Volcarona
|-damage|p1a: Volcarona|54/100
|-damage|p2a: Lunala|7/100|[from] recoil
|move|p1a: Volcarona|Heat Wave|p2b: Whimsicott|[spread] p2a,p2b
|-damage|p2a: Lunala|0 fnt
|-damage|p2b: Whimsicott|25/100
|faint|p2a: Lunala
|
|-weather|RainDance|[upkeep]
|upkeep
|
|t:|1750719217
|switch|p2a: Landorus|Landorus, L50, M|88/100
|turn|10
|
|t:|1750719241
|move|p2b: Whimsicott|Protect|p2b: Whimsicott
|-singleturn|p2b: Whimsicott|Protect
|move|p2a: Landorus|Sandsear Storm|p1a: Volcarona|[spread] p1a,p1b
|-damage|p1a: Volcarona|28/100
|-damage|p1b: Kyogre|31/100
|move|p1a: Volcarona|Giga Drain|p2a: Landorus
|-damage|p2a: Landorus|33/100
|-heal|p1a: Volcarona|54/100|[from] drain|[of] p2a: Landorus
|move|p1b: Kyogre|Water Spout|p2a: Landorus|[spread] p2a
|-activate|p2b: Whimsicott|move: Protect
|-supereffective|p2a: Landorus
|-damage|p2a: Landorus|0 fnt
|faint|p2a: Landorus
|
|-weather|RainDance|[upkeep]
|-sideend|p2: ziabaypah|move: Tailwind
|upkeep
|
|t:|1750719256
|switch|p2a: Zamazenta|Zamazenta-Crowned, L50, shiny|89/100 brn
|turn|11
|
|t:|1750719266
|switch|p1b: Sableye|Sableye, L50, M|1/100
|move|p2b: Whimsicott|Tailwind|p2b: Whimsicott
|-sidestart|p2: ziabaypah|move: Tailwind
|move|p2a: Zamazenta|Behemoth Bash|p1a: Volcarona
|-supereffective|p1a: Volcarona
|-damage|p1a: Volcarona|10/100
|move|p1a: Volcarona|Giga Drain|p2b: Whimsicott
|-damage|p2b: Whimsicott|0 fnt
|-heal|p1a: Volcarona|20/100|[from] drain|[of] p2b: Whimsicott
|faint|p2b: Whimsicott
|
|-weather|RainDance|[upkeep]
|-damage|p2a: Zamazenta|83/100 brn|[from] brn
|upkeep
|turn|12
|c|☆sfghfdsfgg|gg
|inactive|ziabaypah has 30 seconds left.
|
|t:|1750719292
|move|p1b: Sableye|Fake Out|p2a: Zamazenta
|-resisted|p2a: Zamazenta
|-damage|p2a: Zamazenta|80/100 brn
|cant|p2a: Zamazenta|flinch
|move|p1a: Volcarona|Heat Wave|p2a: Zamazenta
|-supereffective|p2a: Zamazenta
|-damage|p2a: Zamazenta|18/100 brn
|
|-weather|RainDance|[upkeep]
|-damage|p2a: Zamazenta|12/100 brn|[from] brn
|upkeep
|turn|13
|c|☆ziabaypah|gg
|
|t:|1750719310
|move|p1b: Sableye|Disable|p2a: Zamazenta
|-start|p2a: Zamazenta|Disable|Behemoth Bash
|move|p2a: Zamazenta|Body Press|p1b: Sableye
|-immune|p1b: Sableye
|move|p1a: Volcarona|Giga Drain|p2a: Zamazenta
|-resisted|p2a: Zamazenta
|-damage|p2a: Zamazenta|0 fnt
|-heal|p1a: Volcarona|25/100|[from] drain|[of] p2a: Zamazenta
|faint|p2a: Zamazenta
|
|win|sfghfdsfgg
|raw|sfghfdsfgg's rating: 1161 &rarr; <strong>1185</strong><br />(+24 for winning)
|raw|ziabaypah's rating: 1149 &rarr; <strong>1125</strong><br />(-24 for losing)
|l|☆ziabaypah
|player|p2|
