|j|☆jorgeta
|j|☆Ludikrik
|t:|1750856191
|gametype|doubles
|player|p1|jorgeta|169|1542
|player|p2|Ludikrik|chili|1603
|teamsize|p1|6
|teamsize|p2|6
|gen|9
|tier|[Gen 9] VGC 2025 Reg I
|rated|
|rule|Species Clause: Limit one of each Pokémon
|rule|Item Clause: Limit 1 of each item
|clearpoke
|poke|p1|Lunala, L50|
|poke|p1|Koraidon, L50|
|poke|p1|Flutter Mane, L50|
|poke|p1|Indeedee-F, L50, F|
|poke|p1|Amoonguss, L50, F|
|poke|p1|Chi-Yu, L50|
|poke|p2|Groudon, L50|
|poke|p2|Lunala, L50|
|poke|p2|Scream Tail, L50|
|poke|p2|Ogerpon-Hearthflame, L50, F|
|poke|p2|Incineroar, L50, M|
|poke|p2|Grimmsnarl, L50, M|
|teampreview|4
Ludikrik has agreed to open team sheets.
|
|t:|1750856241
|start
|switch|p1a: Lunala|Lunala, L50, shiny|100/100
|switch|p1b: Chi-Yu|Chi-Yu, L50|100/100
|switch|p2a: Goudron|Groudon, L50|100/100
|switch|p2b: Très Skillé|Grimmsnarl, L50, M|100/100
|-ability|p1b: Chi-Yu|Beads of Ruin
|-weather|SunnyDay|[from] ability: Drought|[of] p2a: Goudron
|turn|1
|
|t:|1750856270
|move|p2a: Goudron|Protect|p2a: Goudron
|-singleturn|p2a: Goudron|Protect
|move|p2b: Très Skillé|Light Screen|p2b: Très Skillé
|-sidestart|p2: Ludikrik|move: Light Screen
|move|p1b: Chi-Yu|Heat Wave|p2b: Très Skillé|[spread] 
|-activate|p2a: Goudron|move: Protect
|-miss|p1b: Chi-Yu|p2b: Très Skillé
|move|p1a: Lunala|Meteor Beam||[still]
|-prepare|p1a: Lunala|Meteor Beam
|-boost|p1a: Lunala|spa|1
|-enditem|p1a: Lunala|Power Herb
|-anim|p1a: Lunala|Meteor Beam|p2b: Très Skillé
|-damage|p2b: Très Skillé|46/100
|
|-weather|SunnyDay|[upkeep]
|upkeep
|turn|2
|
|t:|1750856288
|move|p2b: Très Skillé|Taunt|p1a: Lunala
|-start|p1a: Lunala|move: Taunt
|move|p1b: Chi-Yu|Heat Wave|p2b: Très Skillé|[spread] p2a,p2b
|-crit|p2b: Très Skillé
|-damage|p2a: Goudron|52/100
|-damage|p2b: Très Skillé|0 fnt
|faint|p2b: Très Skillé
|move|p1a: Lunala|Moongeist Beam|p2a: Goudron
|-damage|p2a: Goudron|0 fnt
|faint|p2a: Goudron
|
|-weather|SunnyDay|[upkeep]
|upkeep
|
|t:|1750856299
|switch|p2a: Scream Tail|Scream Tail, L50|100/100
|switch|p2b: Moom|Lunala, L50|100/100
|-activate|p2a: Scream Tail|ability: Protosynthesis
|-start|p2a: Scream Tail|protosynthesisspe
|turn|3
|
|t:|1750856307
|move|p2a: Scream Tail|Disable|p1a: Lunala
|-start|p1a: Lunala|Disable|Moongeist Beam
|move|p1b: Chi-Yu|Heat Wave|p2a: Scream Tail|[spread] p2a
|-miss|p1b: Chi-Yu|p2b: Moom
|-damage|p2a: Scream Tail|58/100
|move|p2b: Moom|Calm Mind|p2b: Moom
|-boost|p2b: Moom|spa|1
|-boost|p2b: Moom|spd|1
|cant|p1a: Lunala|Disable|Moongeist Beam
|
|-weather|SunnyDay|[upkeep]
|upkeep
|turn|4
|
|t:|1750856324
|switch|p1b: Indeedee|Indeedee-F, L50, F|100/100
|-fieldstart|move: Psychic Terrain|[from] ability: Psychic Surge|[of] p1b: Indeedee
|move|p2a: Scream Tail|Disable||[still]
|-fail|p2a: Scream Tail
|move|p2b: Moom|Calm Mind|p2b: Moom
|-boost|p2b: Moom|spa|1
|-boost|p2b: Moom|spd|1
|move|p1a: Lunala|Expanding Force|p2a: Scream Tail|[spread] p2a,p2b
|-resisted|p2a: Scream Tail
|-resisted|p2b: Moom
|-damage|p2a: Scream Tail|34/100
|-damage|p2b: Moom|96/100
|
|-weather|SunnyDay|[upkeep]
|-heal|p2b: Moom|100/100|[from] item: Leftovers
|-end|p1a: Lunala|move: Taunt
|upkeep
|turn|5
|j| 1212kkekrk
|
|t:|1750856355
|-terastallize|p2a: Scream Tail|Dark
|move|p1b: Indeedee|Follow Me|p1b: Indeedee
|-singleturn|p1b: Indeedee|move: Follow Me
|move|p2a: Scream Tail|Encore|p1b: Indeedee
|-start|p1b: Indeedee|Encore
|move|p2b: Moom|Moonblast|p1b: Indeedee
|-damage|p1b: Indeedee|39/100
|-enditem|p1b: Indeedee|Eject Button
|
|t:|1750856368
|switch|p1b: Koraidon|Koraidon, L50|100/100
|-activate|p1b: Koraidon|ability: Orichalcum Pulse
|move|p1a: Lunala|Expanding Force|p2b: Moom|[spread] p2b
|-immune|p2a: Scream Tail
|-resisted|p2b: Moom
|-damage|p2b: Moom|95/100
|
|-weather|none
|-end|p2a: Scream Tail|Protosynthesis
|-heal|p2b: Moom|100/100|[from] item: Leftovers
|upkeep
|-enditem|p2a: Scream Tail|Booster Energy
|-activate|p2a: Scream Tail|ability: Protosynthesis|[fromitem]
|-start|p2a: Scream Tail|protosynthesisspe
|turn|6
|
|t:|1750856413
|-terastallize|p1b: Koraidon|Fire
|move|p2a: Scream Tail|Protect|p2a: Scream Tail
|-singleturn|p2a: Scream Tail|Protect
|move|p1b: Koraidon|Flame Charge|p2a: Scream Tail
|-activate|p2a: Scream Tail|move: Protect
|move|p1a: Lunala|Expanding Force|p2a: Scream Tail|[spread] p2b
|-activate|p2a: Scream Tail|move: Protect
|-resisted|p2b: Moom
|-damage|p2b: Moom|96/100
|move|p2b: Moom|Moongeist Beam|p1b: Koraidon
|-damage|p1b: Koraidon|0 fnt
|faint|p1b: Koraidon
|
|-heal|p2b: Moom|100/100|[from] item: Leftovers
|-end|p1a: Lunala|Disable
|upkeep
|
|t:|1750856421
|switch|p1b: Chi-Yu|Chi-Yu, L50|100/100
|-ability|p1b: Chi-Yu|Beads of Ruin
|turn|7
|
|t:|1750856448
|move|p2b: Moom|Protect|p2b: Moom
|-singleturn|p2b: Moom|Protect
|move|p2a: Scream Tail|Encore|p1a: Lunala
|-start|p1a: Lunala|Encore
|move|p1b: Chi-Yu|Dark Pulse|p2b: Moom
|-activate|p2b: Moom|move: Protect
|move|p1a: Lunala|Expanding Force|p2b: Moom|[spread] 
|-activate|p2b: Moom|move: Protect
|-immune|p2a: Scream Tail
|
|upkeep
|turn|8
|
|t:|1750856460
|switch|p1a: Indeedee|Indeedee-F, L50, F|39/100
|move|p2a: Scream Tail|Disable|p1b: Chi-Yu
|-start|p1b: Chi-Yu|Disable|Dark Pulse
|cant|p1b: Chi-Yu|Disable|Dark Pulse
|move|p2b: Moom|Moonblast|p1b: Chi-Yu
|-damage|p1b: Chi-Yu|25/100
|
|-sideend|p2: Ludikrik|move: Light Screen
|-fieldend|move: Psychic Terrain
|upkeep
|turn|9
|
|t:|1750856475
|switch|p1b: Lunala|Lunala, L50, shiny|100/100
|move|p1a: Indeedee|Follow Me|p1a: Indeedee
|-singleturn|p1a: Indeedee|move: Follow Me
|move|p2a: Scream Tail|Dazzling Gleam|p1a: Indeedee|[spread] p1a,p1b
|-damage|p1a: Indeedee|25/100
|-damage|p1b: Lunala|96/100
|move|p2b: Moom|Moonblast|p1a: Indeedee
|-damage|p1a: Indeedee|0 fnt
|faint|p1a: Indeedee
|
|upkeep
|
|t:|1750856485
|switch|p1a: Chi-Yu|Chi-Yu, L50|25/100
|-ability|p1a: Chi-Yu|Beads of Ruin
|turn|10
|
|t:|1750856502
|move|p2a: Scream Tail|Protect|p2a: Scream Tail
|-singleturn|p2a: Scream Tail|Protect
|move|p2b: Moom|Protect|p2b: Moom
|-singleturn|p2b: Moom|Protect
|move|p1a: Chi-Yu|Dark Pulse|p2a: Scream Tail
|-activate|p2a: Scream Tail|move: Protect
|move|p1b: Lunala|Moongeist Beam|p2b: Moom
|-activate|p2b: Moom|move: Protect
|
|upkeep
|turn|11
|
|t:|1750856517
|move|p2a: Scream Tail|Disable|p1a: Chi-Yu
|-start|p1a: Chi-Yu|Disable|Dark Pulse
|cant|p1a: Chi-Yu|Disable|Dark Pulse
|move|p2b: Moom|Moongeist Beam|p1b: Lunala
|-supereffective|p1b: Lunala
|-damage|p1b: Lunala|0 fnt
|faint|p1b: Lunala
|
|upkeep
|turn|12
|c|☆jorgeta|gg
|c|☆Ludikrik|gg
|
|t:|1750856532
|move|p2a: Scream Tail|Dazzling Gleam|p1a: Chi-Yu
|-damage|p1a: Chi-Yu|0 fnt
|faint|p1a: Chi-Yu
|
|win|Ludikrik
|raw|jorgeta's rating: 1542 &rarr; <strong>1525</strong><br />(-17 for losing)
|raw|Ludikrik's rating: 1603 &rarr; <strong>1620</strong><br />(+17 for winning)
|l|☆jorgeta
|player|p1|
|l|☆Ludikrik
|player|p2|
|l| 1212kkekrk
