|j|☆TotallyNotAutistic
|j|☆sneaslerbeliever
|t:|1750801053
|gametype|doubles
|player|p1|TotallyNotAutistic|n|1191
|player|p2|sneaslerbeliever|266|1202
|teamsize|p1|6
|teamsize|p2|6
|gen|9
|tier|[Gen 9] VGC 2025 Reg I
|rated|
|rule|Species Clause: Limit one of each Pokémon
|rule|Item Clause: Limit 1 of each item
|clearpoke
|poke|p1|Dialga-Origin, L50|
|poke|p1|Miraidon, L50|
|poke|p1|Farigiraf, L50, F|
|poke|p1|Iron Hands, L50|
|poke|p1|Ursaluna, L50, M|
|poke|p1|Grimmsnarl, L50, M|
|poke|p2|Calyrex-Ice, L50|
|poke|p2|Sceptile, L50, M|
|poke|p2|Delphox, L50, M|
|poke|p2|Empoleon, L50, F|
|poke|p2|Indeedee-F, L50, F|
|poke|p2|Lunala, L50|
|teampreview|4
|
|t:|1750801087
|start
|switch|p1a: Miraidon|Miraidon, L50|100/100
|switch|p1b: Farigiraf|Farigiraf, L50, F|100/100
|switch|p2a: Sceptile|Sceptile, L50, M|100/100
|switch|p2b: Empoleon|Empoleon, L50, F|100/100
|-fieldstart|move: Electric Terrain|[from] ability: Hadron Engine|[of] p1a: Miraidon
|-enditem|p1b: Farigiraf|Electric Seed
|-boost|p1b: Farigiraf|def|1|[from] item: Electric Seed
|turn|1
|
|t:|1750801118
|-terastallize|p2a: Sceptile|Water
|move|p2a: Sceptile|Grass Pledge|p1a: Miraidon
|-waiting|p2a: Sceptile|p2b: Empoleon
|move|p2b: Empoleon|Water Pledge|p1a: Miraidon|[from] move: Grass Pledge
|-combine
|-resisted|p1a: Miraidon
|-damage|p1a: Miraidon|85/100
|-sidestart|p1: TotallyNotAutistic|Grass Pledge
|move|p1a: Miraidon|Volt Switch|p2b: Empoleon
|-supereffective|p2b: Empoleon
|-damage|p2b: Empoleon|0 fnt
|faint|p2b: Empoleon
|
|t:|1750801131
|switch|p1a: Ursaluna|Ursaluna, L50, M|100/100|[from] Volt Switch
|move|p1b: Farigiraf|Trick Room|p1b: Farigiraf
|-fieldstart|move: Trick Room|[of] p1b: Farigiraf
|
|-status|p1a: Ursaluna|brn|[from] item: Flame Orb
|upkeep
|c|☆sneaslerbeliever|That was a slow miraidon holy
|
|t:|1750801147
|switch|p2b: Delphox|Delphox, L50, M|100/100
|turn|2
|c|☆TotallyNotAutistic|thanks
|c|☆TotallyNotAutistic|I take pride in it
|c|☆sneaslerbeliever|I respect it
|
|t:|1750801190
|switch|p1b: Miraidon|Miraidon, L50|85/100
|-activate|p1b: Miraidon|ability: Hadron Engine
|-terastallize|p1a: Ursaluna|Ghost
|move|p1a: Ursaluna|Facade|p2a: Sceptile
|-enditem|p2a: Sceptile|Focus Sash
|-damage|p2a: Sceptile|1/100
|move|p2b: Delphox|Fire Pledge|p1a: Ursaluna
|-waiting|p2b: Delphox|p2a: Sceptile
|move|p2a: Sceptile|Grass Pledge|p1a: Ursaluna|[from] move: Fire Pledge
|-combine
|-damage|p1a: Ursaluna|36/100 brn
|-sidestart|p1: TotallyNotAutistic|Fire Pledge
|
|-damage|p1a: Ursaluna|24/100 brn|[from] Fire Pledge
|-damage|p1b: Miraidon|72/100|[from] Fire Pledge
|-damage|p1a: Ursaluna|18/100 brn|[from] brn
|upkeep
|turn|3
|
|t:|1750801220
|move|p2a: Sceptile|Protect|p2a: Sceptile
|-singleturn|p2a: Sceptile|Protect
|move|p1a: Ursaluna|Facade|p2b: Delphox
|-damage|p2b: Delphox|0 fnt
|faint|p2b: Delphox
|move|p1b: Miraidon|Volt Switch|p2a: Sceptile
|-activate|p2a: Sceptile|move: Protect
|
|-damage|p1a: Ursaluna|6/100 brn|[from] Fire Pledge
|-damage|p1b: Miraidon|60/100|[from] Fire Pledge
|-damage|p1a: Ursaluna|0 fnt|[from] brn
|faint|p1a: Ursaluna
|upkeep
|
|t:|1750801232
|switch|p1a: Grimmsnarl|Grimmsnarl, L50, M|100/100
|switch|p2b: Lunala|Lunala, L50|100/100
|turn|4
|
|t:|1750801252
|move|p1a: Grimmsnarl|Fake Out|p2a: Sceptile
|-damage|p2a: Sceptile|0 fnt
|faint|p2a: Sceptile
|move|p1b: Miraidon|Volt Switch|p2b: Lunala
|-damage|p2b: Lunala|76/100
|
|t:|1750801257
|switch|p1b: Farigiraf|Farigiraf, L50, F|100/100|[from] Volt Switch
|move|p2b: Lunala|Meteor Beam||[still]
|-prepare|p2b: Lunala|Meteor Beam
|-boost|p2b: Lunala|spa|1
|-enditem|p2b: Lunala|Power Herb
|-anim|p2b: Lunala|Meteor Beam|p1a: Grimmsnarl
|-damage|p1a: Grimmsnarl|49/100
|
|-damage|p1b: Farigiraf|88/100|[from] Fire Pledge
|-damage|p1a: Grimmsnarl|36/100|[from] Fire Pledge
|-sideend|p1: TotallyNotAutistic|Grass Pledge
|upkeep
|turn|5
|
|t:|1750801277
|move|p1b: Farigiraf|Helping Hand|p1a: Grimmsnarl
|-singleturn|p1a: Grimmsnarl|Helping Hand|[of] p1b: Farigiraf
|move|p1a: Grimmsnarl|Foul Play|p2b: Lunala
|-supereffective|p2b: Lunala
|-damage|p2b: Lunala|0 fnt
|faint|p2b: Lunala
|
|win|TotallyNotAutistic
|raw|TotallyNotAutistic's rating: 1191 &rarr; <strong>1217</strong><br />(+26 for winning)
|raw|sneaslerbeliever's rating: 1202 &rarr; <strong>1176</strong><br />(-26 for losing)
|c|☆TotallyNotAutistic|ggs wp
|c|☆TotallyNotAutistic|first time seeing a pledge strat
|c|☆TotallyNotAutistic|interesting choosing delphox insstead of incin
