|j|☆juacox300
|j|☆Scythedancer
|t:|1750862861
|gametype|doubles
|player|p1|juacox300|unknown|1635
|player|p2|Scythedancer|janitor|1576
|teamsize|p1|6
|teamsize|p2|6
|gen|9
|tier|[Gen 9] VGC 2025 Reg I
|rated|
|rule|Species Clause: Limit one of each Pokémon
|rule|Item Clause: Limit 1 of each item
|clearpoke
|poke|p1|Miraidon, L50|
|poke|p1|Iron Hands, L50|
|poke|p1|Calyrex-Ice, L50|
|poke|p1|Incineroar, L50, M|
|poke|p1|Chi-Yu, L50|
|poke|p1|Alcremie-Salted-Cream, L50, F|
|poke|p2|Kyogre, L50|
|poke|p2|Incineroar, L50, M|
|poke|p2|Wo-Chien, L50|
|poke|p2|Sableye, L50, M|
|poke|p2|Maushold, L50|
|poke|p2|Calyrex-Shadow, L50|
|teampreview|4
|
|t:|1750862908
|start
|switch|p1a: Calyrex|Calyrex-Ice, L50|100/100
|switch|p1b: Helena|Alcremie-Salted-Cream, L50, F|100/100
|switch|p2a: Kyogre|Kyogre, L50|100/100
|switch|p2b: Incineroar|Incineroar, L50, M|100/100
|-ability|p1a: Calyrex|As One
|-ability|p1a: Calyrex|Unnerve
|-ability|p2b: Incineroar|Intimidate|boost
|-fail|p1a: Calyrex|unboost|[from] item: Clear Amulet|[of] p1a: Calyrex
|-unboost|p1b: Helena|atk|1
|-weather|RainDance|[from] ability: Drizzle|[of] p2a: Kyogre
|turn|1
|
|t:|1750862923
|move|p1b: Helena|Protect|p1b: Helena
|-singleturn|p1b: Helena|Protect
|move|p1a: Calyrex|Protect|p1a: Calyrex
|-singleturn|p1a: Calyrex|Protect
|move|p2b: Incineroar|Knock Off|p1a: Calyrex
|-activate|p1a: Calyrex|move: Protect
|move|p2a: Kyogre|Water Spout|p1a: Calyrex|[spread] 
|-activate|p1a: Calyrex|move: Protect
|-activate|p1b: Helena|move: Protect
|
|-weather|RainDance|[upkeep]
|upkeep
|turn|2
|
|t:|1750862958
|-terastallize|p1a: Calyrex|Dragon
|move|p2b: Incineroar|Knock Off|p1a: Calyrex
|-crit|p1a: Calyrex
|-damage|p1a: Calyrex|67/100
|-enditem|p1a: Calyrex|Clear Amulet|[from] move: Knock Off|[of] p2b: Incineroar
|move|p2a: Kyogre|Water Spout|p1a: Calyrex|[spread] p1a,p1b
|-resisted|p1a: Calyrex
|-damage|p1a: Calyrex|36/100
|-damage|p1b: Helena|19/100
|move|p1b: Helena|Decorate|p1a: Calyrex
|-boost|p1a: Calyrex|atk|2
|-boost|p1a: Calyrex|spa|2
|move|p1a: Calyrex|Trick Room|p1a: Calyrex
|-fieldstart|move: Trick Room|[of] p1a: Calyrex
|
|-weather|RainDance|[upkeep]
|upkeep
|turn|3
|
|t:|1750862972
|move|p1a: Calyrex|High Horsepower|p2a: Kyogre
|-damage|p2a: Kyogre|29/100
|move|p1b: Helena|Alluring Voice|p2a: Kyogre
|-crit|p2a: Kyogre
|-damage|p2a: Kyogre|12/100
|move|p2a: Kyogre|Ice Beam|p1a: Calyrex
|-supereffective|p1a: Calyrex
|-damage|p1a: Calyrex|0 fnt
|faint|p1a: Calyrex
|move|p2b: Incineroar|Parting Shot|p1b: Helena
|-unboost|p1b: Helena|atk|1
|-unboost|p1b: Helena|spa|1
|
|t:|1750862981
|switch|p2b: Wo-Chien|Wo-Chien, L50|100/100|[from] Parting Shot
|-ability|p2b: Wo-Chien|Tablets of Ruin
|
|-weather|RainDance|[upkeep]
|upkeep
|
|t:|1750862985
|switch|p1a: Miraidon|Miraidon, L50|100/100
|-fieldstart|move: Electric Terrain|[from] ability: Hadron Engine|[of] p1a: Miraidon
|turn|4
|
|t:|1750862995
|switch|p2a: Incineroar|Incineroar, L50, M|100/100
|-ability|p2a: Incineroar|Intimidate|boost
|-unboost|p1a: Miraidon|atk|1
|-unboost|p1b: Helena|atk|1
|move|p1b: Helena|Decorate|p1a: Miraidon
|-boost|p1a: Miraidon|atk|2
|-boost|p1a: Miraidon|spa|2
|move|p2b: Wo-Chien|Leech Seed|p1a: Miraidon
|-start|p1a: Miraidon|move: Leech Seed
|move|p1a: Miraidon|Dazzling Gleam|p2a: Incineroar|[spread] p2a,p2b
|-supereffective|p2b: Wo-Chien
|-damage|p2a: Incineroar|29/100
|-damage|p2b: Wo-Chien|0 fnt
|-enditem|p2a: Incineroar|Sitrus Berry|[eat]
|-heal|p2a: Incineroar|54/100|[from] item: Sitrus Berry
|faint|p2b: Wo-Chien
|-damage|p1a: Miraidon|91/100|[from] item: Life Orb
|
|-weather|RainDance|[upkeep]
|upkeep
|
|t:|1750863007
|switch|p2b: Kyogre|Kyogre, L50|12/100
|turn|5
|
|t:|1750863032
|move|p2a: Incineroar|Fake Out|p1b: Helena
|-damage|p1b: Helena|9/100
|move|p1b: Helena|Alluring Voice|p2b: Kyogre
|-damage|p2b: Kyogre|3/100
|move|p2b: Kyogre|Ice Beam|p1a: Miraidon
|-supereffective|p1a: Miraidon
|-damage|p1a: Miraidon|26/100
|move|p1a: Miraidon|Dazzling Gleam|p2a: Incineroar|[spread] p2a,p2b
|-damage|p2a: Incineroar|0 fnt
|-damage|p2b: Kyogre|0 fnt
|faint|p2a: Incineroar
|faint|p2b: Kyogre
|-damage|p1a: Miraidon|16/100|[from] item: Life Orb
|
|-weather|none
|upkeep
|
|t:|1750863041
|switch|p2b: Calyrex|Calyrex-Shadow, L50|100/100
|-ability|p2b: Calyrex|As One
|-ability|p2b: Calyrex|Unnerve
|turn|6
|
|t:|1750863048
|switch|p1b: Chi-Yu|Chi-Yu, L50|100/100
|-ability|p1b: Chi-Yu|Beads of Ruin
|move|p1a: Miraidon|Electro Drift|p2b: Calyrex
|-damage|p2b: Calyrex|0 fnt
|faint|p2b: Calyrex
|-damage|p1a: Miraidon|6/100|[from] item: Life Orb
|
|win|juacox300
|raw|juacox300's rating: 1635 &rarr; <strong>1652</strong><br />(+17 for winning)
|raw|Scythedancer's rating: 1576 &rarr; <strong>1559</strong><br />(-17 for losing)
|l|☆Scythedancer
|player|p2|
|l|☆juacox300
|player|p1|
