|j|☆franzulli
|j|☆Blu94
|t:|1750773812
|gametype|doubles
|player|p1|franzulli|policeman-gen4|1488
|player|p2|Blu94|2|1442
|teamsize|p1|6
|teamsize|p2|6
|gen|9
|tier|[Gen 9] VGC 2025 Reg I
|rated|
|rule|Species Clause: Limit one of each Pokémon
|rule|Item Clause: Limit 1 of each item
|clearpoke
|poke|p1|Eternatus, L50|
|poke|p1|Rillaboom, L50, M|
|poke|p1|Incineroar, L50, F|
|poke|p1|Ting-Lu, L50|
|poke|p1|Ho-Oh, L50|
|poke|p1|Primarina, L50, F|
|poke|p2|Zacian-*, L50|
|poke|p2|Miraidon, L50|
|poke|p2|Pelipper, L50, M|
|poke|p2|Sneasler, L50, F|
|poke|p2|Urshifu-*, L50, F|
|poke|p2|Whimsicott, L50, M|
|teampreview|4
Blu94 rejected open team sheets.
|inactive|Battle timer is ON: inactive players will automatically lose when time's up. (requested by Blu94)
|
|t:|1750773874
|start
|switch|p1a: Ho-Oh|Ho-Oh, L50|100/100
|switch|p1b: Rillaboom|Rillaboom, L50, M|100/100
|switch|p2a: Whimsicott|Whimsicott, L50, M|100/100
|switch|p2b: Miraidon|Miraidon, L50|100/100
|-fieldstart|move: Electric Terrain|[from] ability: Hadron Engine|[of] p2b: Miraidon
|-fieldstart|move: Grassy Terrain|[from] ability: Grassy Surge|[of] p1b: Rillaboom
|turn|1
|
|t:|1750773897
|move|p1b: Rillaboom|Fake Out|p2b: Miraidon
|-damage|p2b: Miraidon|90/100
|move|p2a: Whimsicott|Light Screen|p2a: Whimsicott
|-sidestart|p2: Blu94|move: Light Screen
|cant|p2b: Miraidon|flinch
|move|p1a: Ho-Oh|Sacred Fire|p2a: Whimsicott
|-supereffective|p2a: Whimsicott
|-damage|p2a: Whimsicott|6/100
|
|-heal|p2b: Miraidon|96/100|[from] Grassy Terrain
|-heal|p2a: Whimsicott|12/100|[from] Grassy Terrain
|upkeep
|turn|2
|inactive|franzulli has 30 seconds left.
|inactive|Blu94 has 30 seconds left.
|
|t:|1750773924
|-terastallize|p1a: Ho-Oh|Grass
|move|p2a: Whimsicott|Tailwind|p2a: Whimsicott
|-sidestart|p2: Blu94|move: Tailwind
|move|p2b: Miraidon|Volt Switch|p1a: Ho-Oh
|-resisted|p1a: Ho-Oh
|-damage|p1a: Ho-Oh|82/100
|
|t:|1750773932
|switch|p2b: Sneasler|Sneasler, L50, F|100/100|[from] Volt Switch
|move|p1b: Rillaboom|U-turn|p2a: Whimsicott
|-damage|p2a: Whimsicott|0 fnt
|faint|p2a: Whimsicott
|
|t:|1750773949
|switch|p1b: Incineroar|Incineroar, L50, F|100/100|[from] U-turn
|-ability|p1b: Incineroar|Intimidate|boost
|-unboost|p2b: Sneasler|atk|1
|move|p1a: Ho-Oh|Sacred Fire|p2b: Sneasler
|-damage|p2b: Sneasler|25/100
|
|-heal|p2b: Sneasler|31/100|[from] Grassy Terrain
|-heal|p1a: Ho-Oh|88/100|[from] Grassy Terrain
|upkeep
|
|t:|1750773962
|switch|p2a: Miraidon|Miraidon, L50|96/100
|-fieldstart|move: Electric Terrain|[from] ability: Hadron Engine|[of] p2a: Miraidon
|-enditem|p2b: Sneasler|Electric Seed
|-boost|p2b: Sneasler|def|1|[from] item: Electric Seed
|turn|3
|inactive|franzulli has 30 seconds left.
|inactive|Blu94 has 30 seconds left.
|inactive|franzulli has 20 seconds left.
|inactive|franzulli has 15 seconds left.
|
|t:|1750774004
|switch|p1a: Primarina|Primarina, L50, F|100/100
|move|p1b: Incineroar|Fake Out|p2b: Sneasler
|-damage|p2b: Sneasler|21/100
|cant|p2b: Sneasler|flinch
|move|p2a: Miraidon|Electro Drift|p1b: Incineroar
|-damage|p1b: Incineroar|0 fnt
|faint|p1b: Incineroar
|
|upkeep
|
|t:|1750774015
|switch|p1b: Rillaboom|Rillaboom, L50, M|100/100
|-fieldstart|move: Grassy Terrain|[from] ability: Grassy Surge|[of] p1b: Rillaboom
|turn|4
|
|t:|1750774037
|switch|p2a: Zacian|Zacian-Crowned, L50|100/100
|-ability|p2a: Zacian|Intrepid Sword|boost
|-boost|p2a: Zacian|atk|1
|move|p1b: Rillaboom|Fake Out|p2a: Zacian
|-resisted|p2a: Zacian
|-damage|p2a: Zacian|96/100
|move|p2b: Sneasler|Dire Claw|p1a: Primarina
|-supereffective|p1a: Primarina
|-damage|p1a: Primarina|51/100
|-status|p1a: Primarina|slp
|cant|p1a: Primarina|slp
|
|-heal|p2b: Sneasler|27/100|[from] Grassy Terrain
|-heal|p2a: Zacian|100/100|[from] Grassy Terrain
|-heal|p1a: Primarina|57/100 slp|[from] Grassy Terrain
|upkeep
|turn|5
|inactive|Blu94 has 30 seconds left.
|
|t:|1750774068
|cant|p1a: Primarina|slp
|move|p1b: Rillaboom|Grassy Glide|p2b: Sneasler
|-resisted|p2b: Sneasler
|-damage|p2b: Sneasler|10/100
|move|p2b: Sneasler|Dire Claw|p1b: Rillaboom
|-supereffective|p1b: Rillaboom
|-damage|p1b: Rillaboom|44/100
|move|p2a: Zacian|Behemoth Blade|p1b: Rillaboom
|-damage|p1b: Rillaboom|0 fnt
|faint|p1b: Rillaboom
|
|-heal|p2b: Sneasler|16/100|[from] Grassy Terrain
|-heal|p1a: Primarina|63/100 slp|[from] Grassy Terrain
|-sideend|p2: Blu94|move: Light Screen
|-sideend|p2: Blu94|move: Tailwind
|upkeep
|
|t:|1750774082
|switch|p1b: Ho-Oh|Ho-Oh, L50, tera:Grass|100/100
|turn|6
|
|t:|1750774091
|-terastallize|p2a: Zacian|Stellar
|move|p2b: Sneasler|Coaching|p2a: Zacian
|-boost|p2a: Zacian|atk|1
|-boost|p2a: Zacian|def|1
|move|p2a: Zacian|Behemoth Blade|p1b: Ho-Oh
|-damage|p1b: Ho-Oh|0 fnt
|faint|p1b: Ho-Oh
|-curestatus|p1a: Primarina|slp|[msg]
|move|p1a: Primarina|Life Dew|p1a: Primarina
|-heal|p1a: Primarina|88/100
|
|-heal|p2b: Sneasler|22/100|[from] Grassy Terrain
|-heal|p1a: Primarina|94/100|[from] Grassy Terrain
|upkeep
|turn|7
|-message|franzulli forfeited.
|
|win|Blu94
|raw|franzulli's rating: 1488 &rarr; <strong>1465</strong><br />(-23 for losing)
|raw|Blu94's rating: 1442 &rarr; <strong>1465</strong><br />(+23 for winning)
|l|☆franzulli
|player|p1|
|l|☆Blu94
|player|p2|
