|j|☆Bsyrocks21
|j|☆fntzz
|t:|1750857767
|gametype|doubles
|player|p1|Bsyrocks21|265|1032
|player|p2|fntzz|clown|1042
|teamsize|p1|6
|teamsize|p2|6
|gen|9
|tier|[Gen 9] VGC 2025 Reg I
|rated|
|rule|Species Clause: Limit one of each Pokémon
|rule|Item Clause: Limit 1 of each item
|clearpoke
|poke|p1|Groudon, L50|
|poke|p1|Incineroar, L50, M|
|poke|p1|Indeedee-F, L50, F|
|poke|p1|Calyrex-Shadow, L50|
|poke|p1|Flutter Mane, L50|
|poke|p1|Basculegion, L50, M|
|poke|p2|Koraidon, L50|
|poke|p2|Zamazenta-*, L50|
|poke|p2|Chi-Yu, L50|
|poke|p2|Whimsicott, L50, F|
|poke|p2|Raging Bolt, L50|
|poke|p2|Weezing-Galar, L50, F|
|teampreview|4
|
|t:|1750857791
|start
|switch|p1a: Flutter Mane|Flutter Mane, L50|100/100
|switch|p1b: Incineroar|Incineroar, L50, M, shiny|100/100
|switch|p2a: Koraidon|Koraidon, L50|100/100
|switch|p2b: Whimsicott|Whimsicott, L50, F|100/100
|-weather|SunnyDay|[from] ability: Orichalcum Pulse|[of] p2a: Koraidon
|-activate|p1a: Flutter Mane|ability: Protosynthesis
|-start|p1a: Flutter Mane|protosynthesisspa
|-activate|p2a: Koraidon|Orichalcum Pulse|[source]
|-ability|p1b: Incineroar|Intimidate|boost
|-unboost|p2a: Koraidon|atk|1
|-unboost|p2b: Whimsicott|atk|1
|turn|1
|
|t:|1750857808
|move|p2a: Koraidon|Protect|p2a: Koraidon
|-singleturn|p2a: Koraidon|Protect
|move|p1b: Incineroar|Fake Out|p2b: Whimsicott
|-damage|p2b: Whimsicott|84/100
|move|p2b: Whimsicott|Tailwind|p2b: Whimsicott
|-sidestart|p2: fntzz|move: Tailwind
|move|p1a: Flutter Mane|Calm Mind|p1a: Flutter Mane
|-boost|p1a: Flutter Mane|spa|1
|-boost|p1a: Flutter Mane|spd|1
|
|-weather|SunnyDay|[upkeep]
|upkeep
|turn|2
|
|t:|1750857831
|-terastallize|p2a: Koraidon|Fire
|-terastallize|p1a: Flutter Mane|Ghost
|move|p2a: Koraidon|Flame Charge|p1a: Flutter Mane
|-damage|p1a: Flutter Mane|8/100
|-boost|p2a: Koraidon|spe|1
|move|p2b: Whimsicott|Moonblast|p1b: Incineroar
|-damage|p1b: Incineroar|69/100
|-unboost|p1b: Incineroar|spa|1
|move|p1a: Flutter Mane|Shadow Ball|p2b: Whimsicott
|-damage|p2b: Whimsicott|0 fnt
|faint|p2b: Whimsicott
|move|p1b: Incineroar|Flare Blitz|p2a: Koraidon
|-resisted|p2a: Koraidon
|-crit|p2a: Koraidon
|-damage|p2a: Koraidon|56/100
|-damage|p1b: Incineroar|56/100|[from] Recoil
|
|-weather|SunnyDay|[upkeep]
|upkeep
|
|t:|1750857850
|switch|p2b: Zamazenta|Zamazenta-Crowned, L50|100/100
|-ability|p2b: Zamazenta|Dauntless Shield|boost
|-boost|p2b: Zamazenta|def|1
|turn|3
|
|t:|1750857861
|move|p2a: Koraidon|Flame Charge|p1a: Flutter Mane
|-damage|p1a: Flutter Mane|0 fnt
|-boost|p2a: Koraidon|spe|1
|faint|p1a: Flutter Mane
|-end|p1a: Flutter Mane|Protosynthesis|[silent]
|move|p2b: Zamazenta|Body Press|p1b: Incineroar
|-supereffective|p1b: Incineroar
|-damage|p1b: Incineroar|0 fnt
|faint|p1b: Incineroar
|
|-weather|SunnyDay|[upkeep]
|upkeep
|
|t:|1750857874
|switch|p1a: Indeedee|Indeedee-F, L50, F|100/100
|switch|p1b: Groudy|Groudon, L50, shiny|100/100
|turn|4
|inactive|Battle timer is ON: inactive players will automatically lose when time's up. (requested by Bsyrocks21)
|
|t:|1750857897
|move|p1b: Groudy|Protect|p1b: Groudy
|-singleturn|p1b: Groudy|Protect
|move|p2a: Koraidon|Flare Blitz|p1a: Indeedee
|-damage|p1a: Indeedee|7/100
|-damage|p2a: Koraidon|25/100|[from] Recoil
|move|p2b: Zamazenta|Body Press|p1b: Groudy
|-activate|p1b: Groudy|move: Protect
|move|p1a: Indeedee|Trick Room|p1a: Indeedee
|-fieldstart|move: Trick Room|[of] p1a: Indeedee
|
|-weather|SunnyDay|[upkeep]
|-heal|p1a: Indeedee|13/100|[from] item: Leftovers
|-sideend|p2: fntzz|move: Tailwind
|upkeep
|turn|5
|inactive|fntzz has 30 seconds left.
|
|t:|1750857922
|move|p1a: Indeedee|Helping Hand|p1b: Groudy
|-singleturn|p1b: Groudy|Helping Hand|[of] p1a: Indeedee
|move|p2b: Zamazenta|Wide Guard|p2b: Zamazenta
|-singleturn|p2b: Zamazenta|Wide Guard
|move|p1b: Groudy|Precipice Blades|p2b: Zamazenta|[spread] 
|-activate|p2a: Koraidon|move: Wide Guard
|-activate|p2b: Zamazenta|move: Wide Guard
|move|p2a: Koraidon|Flame Charge|p1a: Indeedee
|-damage|p1a: Indeedee|0 fnt
|-boost|p2a: Koraidon|spe|1
|faint|p1a: Indeedee
|
|-weather|none
|upkeep
|turn|6
|inactive|fntzz has 30 seconds left.
|
|t:|1750857951
|move|p2b: Zamazenta|Protect||[still]
|-fail|p2b: Zamazenta
|move|p2a: Koraidon|Protect|p2a: Koraidon
|-singleturn|p2a: Koraidon|Protect
|move|p1b: Groudy|Precipice Blades|p2b: Zamazenta|[spread] p2b
|-activate|p2a: Koraidon|move: Protect
|-supereffective|p2b: Zamazenta
|-damage|p2b: Zamazenta|69/100
|
|upkeep
|turn|7
|
|t:|1750857968
|move|p1b: Groudy|Precipice Blades|p2b: Zamazenta|[spread] p2a,p2b
|-supereffective|p2a: Koraidon
|-supereffective|p2b: Zamazenta
|-damage|p2a: Koraidon|0 fnt
|-damage|p2b: Zamazenta|38/100
|faint|p2a: Koraidon
|move|p2b: Zamazenta|Body Press|p1b: Groudy
|-damage|p1b: Groudy|61/100
|
|upkeep
|
|t:|1750857976
|switch|p2a: Raging Bolt|Raging Bolt, L50|100/100
|turn|8
|
|t:|1750857981
|move|p2b: Zamazenta|Wide Guard|p2b: Zamazenta
|-singleturn|p2b: Zamazenta|Wide Guard
|move|p2a: Raging Bolt|Draco Meteor|p1b: Groudy
|-damage|p1b: Groudy|7/100
|-unboost|p2a: Raging Bolt|spa|2
|move|p1b: Groudy|Precipice Blades|p2b: Zamazenta|[spread] 
|-activate|p2a: Raging Bolt|move: Wide Guard
|-activate|p2b: Zamazenta|move: Wide Guard
|
|-fieldend|move: Trick Room
|upkeep
|turn|9
|l|☆Bsyrocks21
|inactive|Bsyrocks21 disconnected and has a minute to reconnect!
|player|p1|
|inactive|Bsyrocks21 has 30 seconds left.
|inactive|Bsyrocks21 has 20 seconds left.
|inactive|Bsyrocks21 has 15 seconds left.
|inactive|Bsyrocks21 has 10 seconds left.
|inactive|Bsyrocks21 has 5 seconds left.
|-message|Bsyrocks21 lost due to inactivity.
|
|win|fntzz
|raw|Bsyrocks21's rating: 1032 &rarr; <strong>1018</strong><br />(-14 for losing)
|raw|fntzz's rating: 1042 &rarr; <strong>1075</strong><br />(+33 for winning)
