|j|☆lonely 1 kenobi
|j|☆gsaaan
|t:|1750863493
|gametype|doubles
|player|p1|lonely 1 kenobi|lucas|1228
|player|p2|gsaaan|169|1220
|teamsize|p1|6
|teamsize|p2|6
|gen|9
|tier|[Gen 9] VGC 2025 Reg I
|rated|
|rule|Species Clause: Limit one of each Pokémon
|rule|Item Clause: Limit 1 of each item
|clearpoke
|poke|p1|Zacian-*, L50|
|poke|p1|Rayquaza, L50|
|poke|p1|Chien-Pao, L50|
|poke|p1|Farigiraf, L50, F|
|poke|p1|Annihilape, L50, M|
|poke|p1|Volcarona, L50, F|
|poke|p2|Dialga-Origin, L50|
|poke|p2|Groudon, L50|
|poke|p2|Lilligant-Hisui, L50, F|
|poke|p2|Charizard, L50, F|
|poke|p2|Raging Bolt, L50|
|poke|p2|Walking Wake, L50|
|teampreview|4
|inactive|Battle timer is ON: inactive players will automatically lose when time's up. (requested by gsaaan)
|inactive|lonely 1 kenobi has 60 seconds left.
|inactive|gsaaan has 60 seconds left.
|
|t:|1750863535
|start
|switch|p1a: Volcarona|Volcarona, L50, F|100/100
|switch|p1b: Rayquaza|Rayquaza, L50|100/100
|switch|p2a: Groudon|Groudon, L50|100/100
|switch|p2b: Lilligant|Lilligant-Hisui, L50, F|100/100
|-ability|p1b: Rayquaza|Air Lock
|-weather|SunnyDay|[from] ability: Drought|[of] p2a: Groudon
|turn|1
|inactive|lonely 1 kenobi has 30 seconds left.
|inactive|gsaaan has 30 seconds left.
|
|t:|1750863564
|move|p1a: Volcarona|Rage Powder|p1a: Volcarona
|-singleturn|p1a: Volcarona|move: Rage Powder
|move|p2b: Lilligant|Coaching|p2a: Groudon
|-boost|p2a: Groudon|atk|1
|-boost|p2a: Groudon|def|1
|move|p1b: Rayquaza|Dragon Ascent|p2b: Lilligant
|-supereffective|p2b: Lilligant
|-enditem|p2b: Lilligant|Focus Sash
|-damage|p2b: Lilligant|1/100
|-unboost|p1b: Rayquaza|def|1
|-unboost|p1b: Rayquaza|spd|1
|-damage|p1b: Rayquaza|91/100|[from] item: Life Orb
|move|p2a: Groudon|High Horsepower|p1a: Volcarona
|-damage|p1a: Volcarona|6/100
|-damage|p2a: Groudon|84/100|[from] item: Rocky Helmet|[of] p1a: Volcarona
|
|-weather|SunnyDay|[upkeep]
|upkeep
|turn|2
|inactive|lonely 1 kenobi has 30 seconds left.
|inactive|gsaaan has 30 seconds left.
|inactive|gsaaan has 20 seconds left.
|
|t:|1750863602
|move|p1a: Volcarona|Rage Powder|p1a: Volcarona
|-singleturn|p1a: Volcarona|move: Rage Powder
|move|p2b: Lilligant|Coaching|p2a: Groudon
|-boost|p2a: Groudon|atk|1
|-boost|p2a: Groudon|def|1
|move|p1b: Rayquaza|Dragon Ascent|p2b: Lilligant
|-supereffective|p2b: Lilligant
|-damage|p2b: Lilligant|0 fnt
|-unboost|p1b: Rayquaza|def|1
|-unboost|p1b: Rayquaza|spd|1
|faint|p2b: Lilligant
|-damage|p1b: Rayquaza|81/100|[from] item: Life Orb
|move|p2a: Groudon|High Horsepower|p1a: Volcarona
|-damage|p1a: Volcarona|0 fnt
|-damage|p2a: Groudon|67/100|[from] item: Rocky Helmet|[of] p1a: Volcarona
|faint|p1a: Volcarona
|
|-weather|SunnyDay|[upkeep]
|upkeep
|
|t:|1750863624
|switch|p2b: Dialga|Dialga-Origin, L50|100/100
|switch|p1a: Chien-Pao|Chien-Pao, L50|100/100
|-ability|p1a: Chien-Pao|Sword of Ruin
|turn|3
|inactive|lonely 1 kenobi has 30 seconds left.
|
|t:|1750863651
|-terastallize|p1b: Rayquaza|Normal
|move|p1a: Chien-Pao|Protect|p1a: Chien-Pao
|-singleturn|p1a: Chien-Pao|Protect
|move|p2a: Groudon|Protect|p2a: Groudon
|-singleturn|p2a: Groudon|Protect
|move|p1b: Rayquaza|Extreme Speed|p2a: Groudon
|-activate|p2a: Groudon|move: Protect
|move|p2b: Dialga|Trick Room|p2b: Dialga
|-fieldstart|move: Trick Room|[of] p2b: Dialga
|
|-weather|SunnyDay|[upkeep]
|upkeep
|turn|4
|
|t:|1750863664
|move|p1b: Rayquaza|Extreme Speed|p2a: Groudon
|-damage|p2a: Groudon|36/100
|-damage|p1b: Rayquaza|72/100|[from] item: Life Orb
|move|p1a: Chien-Pao|Sucker Punch|p2a: Groudon
|-damage|p2a: Groudon|21/100
|move|p2b: Dialga|Flash Cannon|p1a: Chien-Pao
|-supereffective|p1a: Chien-Pao
|-enditem|p1a: Chien-Pao|Focus Sash
|-damage|p1a: Chien-Pao|1/100
|-unboost|p1a: Chien-Pao|spd|1
|move|p2a: Groudon|Earthquake|p1b: Rayquaza|[spread] p1a,p1b
|-activate|p2b: Dialga|ability: Telepathy
|-crit|p1a: Chien-Pao
|-damage|p1a: Chien-Pao|0 fnt
|-damage|p1b: Rayquaza|0 fnt
|faint|p1a: Chien-Pao
|faint|p1b: Rayquaza
|
|-weather|SunnyDay|[upkeep]
|upkeep
|
|t:|1750863683
|switch|p1b: Zacian|Zacian-Crowned, L50|100/100
|-ability|p1b: Zacian|Intrepid Sword|boost
|-boost|p1b: Zacian|atk|1
|turn|5
|-message|lonely 1 kenobi forfeited.
|
|win|gsaaan
|raw|lonely 1 kenobi's rating: 1228 &rarr; <strong>1202</strong><br />(-26 for losing)
|raw|gsaaan's rating: 1220 &rarr; <strong>1246</strong><br />(+26 for winning)
|l|☆lonely 1 kenobi
|player|p1|
|l|☆gsaaan
|player|p2|
