|j|☆ABCDO
|j|☆Natakazie
|t:|1750769875
|gametype|doubles
|player|p1|ABCDO|hilbert-wonderlauncher|1057
|player|p2|Natakazie|2|1103
|teamsize|p1|6
|teamsize|p2|6
|gen|9
|tier|[Gen 9] VGC 2025 Reg I
|rated|
|rule|Species Clause: Limit one of each Pokémon
|rule|Item Clause: Limit 1 of each item
|clearpoke
|poke|p1|Maushold-Four, L50|
|poke|p1|Archaludon, L50, F|
|poke|p1|Annihilape, L50, F|
|poke|p1|Miraidon, L50|
|poke|p1|Kyogre, L50|
|poke|p1|Amoonguss, L50, M|
|poke|p2|Miraidon, L50|
|poke|p2|Groudon, L50|
|poke|p2|Landorus, L50, M|
|poke|p2|Iron Bundle, L50|
|poke|p2|Gliscor, L50, M|
|poke|p2|Incineroar, L50, F|
|teampreview|4
|inactive|Battle timer is ON: inactive players will automatically lose when time's up. (requested by ABCDO)
|
|t:|1750769892
|start
|switch|p1a: Maushold|Maushold-Four, L50|100/100
|switch|p1b: Archaludon|Archaludon, L50, F|100/100
|switch|p2a: Iron Bundle|Iron Bundle, L50|100/100
|switch|p2b: Gliscor|Gliscor, L50, M|100/100
|turn|1
|
|t:|1750769907
|move|p2a: Iron Bundle|Icy Wind|p1b: Archaludon|[spread] p1a,p1b
|-damage|p1a: Maushold|73/100
|-damage|p1b: Archaludon|91/100
|-unboost|p1a: Maushold|spe|1
|-unboost|p1b: Archaludon|spe|1
|-ability|p1b: Archaludon|Stamina|boost
|-boost|p1b: Archaludon|def|1
|move|p2b: Gliscor|Tailwind|p2b: Gliscor
|-sidestart|p2: Natakazie|move: Tailwind
|move|p1a: Maushold|Population Bomb|p1b: Archaludon
|-resisted|p1b: Archaludon
|-damage|p1b: Archaludon|91/100
|-ability|p1b: Archaludon|Stamina|boost
|-boost|p1b: Archaludon|def|1
|-resisted|p1b: Archaludon
|-damage|p1b: Archaludon|90/100
|-ability|p1b: Archaludon|Stamina|boost
|-boost|p1b: Archaludon|def|1
|-resisted|p1b: Archaludon
|-damage|p1b: Archaludon|89/100
|-ability|p1b: Archaludon|Stamina|boost
|-boost|p1b: Archaludon|def|1
|-resisted|p1b: Archaludon
|-damage|p1b: Archaludon|89/100
|-ability|p1b: Archaludon|Stamina|boost
|-boost|p1b: Archaludon|def|1
|-resisted|p1b: Archaludon
|-damage|p1b: Archaludon|88/100
|-ability|p1b: Archaludon|Stamina|boost
|-boost|p1b: Archaludon|def|1
|-resisted|p1b: Archaludon
|-damage|p1b: Archaludon|88/100
|-resisted|p1b: Archaludon
|-damage|p1b: Archaludon|87/100
|-resisted|p1b: Archaludon
|-damage|p1b: Archaludon|87/100
|-resisted|p1b: Archaludon
|-damage|p1b: Archaludon|86/100
|-resisted|p1b: Archaludon
|-damage|p1b: Archaludon|86/100
|-hitcount|p1b: Archaludon|10
|move|p1b: Archaludon|Body Press|p2a: Iron Bundle
|-supereffective|p2a: Iron Bundle
|-enditem|p2a: Iron Bundle|Focus Sash
|-damage|p2a: Iron Bundle|1/100
|
|-status|p2b: Gliscor|tox|[from] item: Toxic Orb
|upkeep
|turn|2
|inactive|Natakazie has 30 seconds left.
|inactive|Natakazie has 20 seconds left.
|inactive|Natakazie has 15 seconds left.
|inactive|Natakazie has 10 seconds left.
|
|t:|1750769957
|move|p2a: Iron Bundle|Freeze-Dry|p1b: Archaludon
|-damage|p1b: Archaludon|71/100
|move|p2b: Gliscor|Knock Off|p1a: Maushold
|-damage|p1a: Maushold|46/100
|-enditem|p1a: Maushold|Wide Lens|[from] move: Knock Off|[of] p2b: Gliscor
|move|p1a: Maushold|Encore|p2b: Gliscor
|-start|p2b: Gliscor|Encore
|move|p1b: Archaludon|Body Press|p2a: Iron Bundle
|-supereffective|p2a: Iron Bundle
|-damage|p2a: Iron Bundle|0 fnt
|faint|p2a: Iron Bundle
|-end|p2a: Iron Bundle|Quark Drive|[silent]
|
|upkeep
|
|t:|1750769976
|switch|p2a: Miraidon|Miraidon, L50|100/100
|-fieldstart|move: Electric Terrain|[from] ability: Hadron Engine|[of] p2a: Miraidon
|turn|3
|
|t:|1750769987
|switch|p2b: Groudon|Groudon, L50|100/100
|-weather|SunnyDay|[from] ability: Drought|[of] p2b: Groudon
|-terastallize|p2a: Miraidon|Electric
|move|p1a: Maushold|Follow Me|p1a: Maushold
|-singleturn|p1a: Maushold|move: Follow Me
|move|p2a: Miraidon|Discharge|p1b: Archaludon|[spread] p1a,p1b
|-immune|p2b: Groudon
|-resisted|p1b: Archaludon
|-damage|p1a: Maushold|0 fnt
|-damage|p1b: Archaludon|49/100
|-status|p1b: Archaludon|par
|faint|p1a: Maushold
|cant|p1b: Archaludon|par
|
|-weather|SunnyDay|[upkeep]
|upkeep
|
|t:|1750770002
|switch|p1a: Amoonguss|Amoonguss, L50, M|100/100
|turn|4
|
|t:|1750770013
|move|p2a: Miraidon|Discharge|p1a: Amoonguss|[spread] p1a,p1b
|-immune|p2b: Groudon
|-resisted|p1a: Amoonguss
|-resisted|p1b: Archaludon
|-damage|p1a: Amoonguss|65/100
|-damage|p1b: Archaludon|16/100 par
|move|p2b: Groudon|Heat Crash|p1a: Amoonguss
|-supereffective|p1a: Amoonguss
|-damage|p1a: Amoonguss|0 fnt
|faint|p1a: Amoonguss
|move|p1b: Archaludon|Body Press|p2b: Groudon
|-damage|p2b: Groudon|34/100
|
|-weather|SunnyDay|[upkeep]
|-sideend|p2: Natakazie|move: Tailwind
|upkeep
|
|t:|1750770025
|switch|p1a: Kyogre|Kyogre, L50|100/100
|-weather|RainDance|[from] ability: Drizzle|[of] p1a: Kyogre
|turn|5
|
|t:|1750770035
|-terastallize|p1a: Kyogre|Water
|move|p2b: Groudon|Protect|p2b: Groudon
|-singleturn|p2b: Groudon|Protect
|move|p1a: Kyogre|Water Spout|p2b: Groudon|[spread] p2a
|-activate|p2b: Groudon|move: Protect
|-damage|p2a: Miraidon|0 fnt
|faint|p2a: Miraidon
|move|p1b: Archaludon|Body Press|p2b: Groudon
|-activate|p2b: Groudon|move: Protect
|
|-weather|RainDance|[upkeep]
|upkeep
|
|t:|1750770048
|switch|p2a: Gliscor|Gliscor, L50, M|100/100 tox
|turn|6
|
|t:|1750770054
|move|p1a: Kyogre|Water Spout|p2b: Groudon|[spread] p2a,p2b
|-supereffective|p2a: Gliscor
|-supereffective|p2b: Groudon
|-damage|p2a: Gliscor|0 fnt
|-damage|p2b: Groudon|0 fnt
|faint|p2a: Gliscor
|faint|p2b: Groudon
|
|win|ABCDO
|raw|ABCDO's rating: 1057 &rarr; <strong>1093</strong><br />(+36 for winning)
|raw|Natakazie's rating: 1103 &rarr; <strong>1075</strong><br />(-28 for losing)
|l|☆ABCDO
|player|p1|
|j| Wenpachi
|l| Wenpachi
