|j|☆sanskaar
|j|☆Manf991
|t:|1750762364
|gametype|doubles
|player|p1|sanskaar|266|1034
|player|p2|Manf991|170|1117
|teamsize|p1|6
|teamsize|p2|6
|gen|9
|tier|[Gen 9] VGC 2025 Reg I
|rated|
|rule|Species Clause: Limit one of each Pokémon
|rule|Item Clause: Limit 1 of each item
|clearpoke
|poke|p1|Goodra, L50, M|
|poke|p1|Kyogre, L50|
|poke|p1|Koraidon, L50|
|poke|p1|Meowscarada, L50, M|
|poke|p1|Cinccino, L50, F|
|poke|p1|Gardevoir, L50, F|
|poke|p2|Tornadus, L50, M|
|poke|p2|Kyogre, L50|
|poke|p2|Miraidon, L50|
|poke|p2|Iron Hands, L50|
|poke|p2|Tsareena, L50, F|
|poke|p2|Urshifu-*, L50, F|
|teampreview|4
|
|t:|1750762410
|start
|switch|p1a: Goodra|Goodra, L50, M|100/100
|switch|p1b: Meowscarada|Meowscarada, L50, M|100/100
|switch|p2a: Tornadus|Tornadus, L50, M|100/100
|switch|p2b: Kyogre|Kyogre, L50|100/100
|-weather|RainDance|[from] ability: Drizzle|[of] p2b: Kyogre
|turn|1
|inactive|Battle timer is ON: inactive players will automatically lose when time's up. (requested by sanskaar)
|inactive|Manf991 has 60 seconds left.
|inactive|Manf991 has 30 seconds left.
|inactive|Manf991 has 20 seconds left.
|inactive|Manf991 has 15 seconds left.
|inactive|Manf991 has 10 seconds left.
|inactive|Manf991 has 5 seconds left.
|
|t:|1750762512
|move|p2a: Tornadus|Hurricane|p1a: Goodra
|-damage|p1a: Goodra|66/100
|move|p1b: Meowscarada|Flower Trick|p2b: Kyogre
|-start|p1b: Meowscarada|typechange|Grass|[from] ability: Protean
|-supereffective|p2b: Kyogre
|-crit|p2b: Kyogre
|-damage|p2b: Kyogre|0 fnt
|faint|p2b: Kyogre
|move|p1a: Goodra|Thunderbolt|p2a: Tornadus
|-supereffective|p2a: Tornadus
|-damage|p2a: Tornadus|26/100
|
|-weather|RainDance|[upkeep]
|upkeep
|inactive|Manf991 has 30 seconds left.
|inactive|Manf991 has 20 seconds left.
|inactive|Manf991 has 15 seconds left.
|inactive|Manf991 has 10 seconds left.
|inactive|Manf991 has 5 seconds left.
|
|t:|1750762567
|switch|p2b: Miraidon|Miraidon, L50|100/100
|-fieldstart|move: Electric Terrain|[from] ability: Hadron Engine|[of] p2b: Miraidon
|turn|2
|
|t:|1750762588
|move|p2a: Tornadus|Tailwind|p2a: Tornadus
|-sidestart|p2: Manf991|move: Tailwind
|move|p2b: Miraidon|Volt Switch|p1a: Goodra
|-resisted|p1a: Goodra
|-damage|p1a: Goodra|30/100
|inactive|Manf991 has 30 seconds left.
|inactive|Manf991 has 20 seconds left.
|
|t:|1750762623
|switch|p2b: Iron Hands|Iron Hands, L50, shiny|100/100|[from] Volt Switch
|-activate|p2b: Iron Hands|ability: Quark Drive
|-start|p2b: Iron Hands|quarkdriveatk
|move|p1b: Meowscarada|Play Rough|p2b: Iron Hands
|-supereffective|p2b: Iron Hands
|-damage|p2b: Iron Hands|58/100
|move|p1a: Goodra|Thunderbolt|p2a: Tornadus
|-supereffective|p2a: Tornadus
|-damage|p2a: Tornadus|0 fnt
|faint|p2a: Tornadus
|
|-weather|RainDance|[upkeep]
|upkeep
|
|t:|1750762625
|switch|p2a: Miraidon|Miraidon, L50|100/100
|-activate|p2a: Miraidon|ability: Hadron Engine
|turn|3
|inactive|sanskaar has 30 seconds left.
|
|t:|1750762655
|-terastallize|p2a: Miraidon|Fairy
|move|p2b: Iron Hands|Fake Out|p1b: Meowscarada
|-damage|p1b: Meowscarada|70/100
|move|p2a: Miraidon|Dazzling Gleam|p1a: Goodra|[spread] p1a,p1b
|-supereffective|p1a: Goodra
|-damage|p1a: Goodra|0 fnt
|-damage|p1b: Meowscarada|0 fnt
|faint|p1a: Goodra
|faint|p1b: Meowscarada
|
|-weather|RainDance|[upkeep]
|upkeep
|
|t:|1750762667
|switch|p1b: Koraidon|Koraidon, L50|100/100
|switch|p1a: Gardevoir|Gardevoir, L50, F|100/100
|-weather|SunnyDay|[from] ability: Orichalcum Pulse|[of] p1b: Koraidon
|-activate|p1b: Koraidon|Orichalcum Pulse|[source]
|turn|4
|inactive|sanskaar has 30 seconds left.
|
|t:|1750762693
|-terastallize|p1b: Koraidon|Steel
|move|p2a: Miraidon|Dazzling Gleam|p1a: Gardevoir|[spread] p1a,p1b
|-resisted|p1b: Koraidon
|-damage|p1a: Gardevoir|21/100
|-damage|p1b: Koraidon|69/100
|move|p1b: Koraidon|Flame Charge|p2a: Miraidon
|-damage|p2a: Miraidon|65/100
|-boost|p1b: Koraidon|spe|1
|move|p1a: Gardevoir|Dazzling Gleam|p2a: Miraidon|[spread] p2a,p2b
|-supereffective|p2b: Iron Hands
|-damage|p2a: Miraidon|36/100
|-damage|p2b: Iron Hands|24/100
|move|p2b: Iron Hands|Wild Charge|p1a: Gardevoir
|-damage|p1a: Gardevoir|0 fnt
|faint|p1a: Gardevoir
|-damage|p2b: Iron Hands|21/100|[from] Recoil
|
|-weather|SunnyDay|[upkeep]
|upkeep
|turn|5
|inactive|sanskaar has 30 seconds left.
|inactive|Manf991 has 30 seconds left.
|inactive|Manf991 has 20 seconds left.
|inactive|Manf991 has 15 seconds left.
|inactive|Manf991 has 10 seconds left.
|inactive|Manf991 has 5 seconds left.
|
|t:|1750762748
|move|p2a: Miraidon|Dazzling Gleam|p1b: Koraidon
|-resisted|p1b: Koraidon
|-damage|p1b: Koraidon|23/100
|move|p1b: Koraidon|Dragon Claw|p2b: Iron Hands
|-damage|p2b: Iron Hands|0 fnt
|faint|p2b: Iron Hands
|-end|p2b: Iron Hands|Quark Drive|[silent]
|
|-weather|SunnyDay|[upkeep]
|-sideend|p2: Manf991|move: Tailwind
|upkeep
|turn|6
|inactive|Manf991 has 30 seconds left.
|inactive|Manf991 has 20 seconds left.
|inactive|Manf991 has 15 seconds left.
|inactive|Manf991 has 10 seconds left.
|inactive|Manf991 has 5 seconds left.
|
|t:|1750762803
|move|p1b: Koraidon|Flame Charge|p2a: Miraidon
|-damage|p2a: Miraidon|1/100
|-boost|p1b: Koraidon|spe|1
|move|p2a: Miraidon|Dazzling Gleam|p1b: Koraidon
|-resisted|p1b: Koraidon
|-damage|p1b: Koraidon|0 fnt
|faint|p1b: Koraidon
|
|win|Manf991
|raw|sanskaar's rating: 1034 &rarr; <strong>1022</strong><br />(-12 for losing)
|raw|Manf991's rating: 1098 &rarr; <strong>1119</strong><br />(+21 for winning)
|c|☆sanskaar|Gg
