|j|☆FlyingDingo
|j|☆Banthejuggalo
|t:|1750718995
|gametype|doubles
|player|p1|FlyingDingo|hilda-wonderlauncher|1486
|player|p2|Banthejuggalo|265|1567
|teamsize|p1|6
|teamsize|p2|6
|gen|9
|tier|[Gen 9] VGC 2025 Reg I
|rated|
|rule|Species Clause: Limit one of each Pokémon
|rule|Item Clause: Limit 1 of each item
|clearpoke
|poke|p1|Giratina-Origin, L50|
|poke|p1|Kleavor, L50, F|
|poke|p1|Zamazenta-*, L50|
|poke|p1|Rillaboom, L50, F|
|poke|p1|Chi-Yu, L50|
|poke|p1|Urshifu-*, L50, M|
|poke|p2|Ho-Oh, L50|
|poke|p2|Suicune, L50|
|poke|p2|Ting-Lu, L50|
|poke|p2|Calyrex-Ice, L50|
|poke|p2|Rillaboom, L50, M|
|poke|p2|Grimmsnarl, L50, M|
|teampreview|4
|inactive|Battle timer is ON: inactive players will automatically lose when time's up. (requested by FlyingDingo)
|
|t:|1750719036
|start
|switch|p1a: Kleavor|Kleavor, L50, F|100/100
|switch|p1b: Urshifu|Urshifu-Rapid-Strike, L50, M|100/100
|switch|p2a: Grimmsnarl|Grimmsnarl, L50, M|100/100
|switch|p2b: Ho-Oh|Ho-Oh, L50|100/100
|turn|1
|
|t:|1750719055
|-terastallize|p2b: Ho-Oh|Fairy
|move|p2a: Grimmsnarl|Reflect|p2a: Grimmsnarl
|-sidestart|p2: Banthejuggalo|Reflect
|move|p1a: Kleavor|Stone Axe|p2b: Ho-Oh
|-crit|p2b: Ho-Oh
|-damage|p2b: Ho-Oh|50/100
|-damage|p1a: Kleavor|84/100|[from] item: Rocky Helmet|[of] p2b: Ho-Oh
|-sidestart|p2: Banthejuggalo|move: Stealth Rock
|move|p1b: Urshifu|Poison Jab|p2b: Ho-Oh
|-supereffective|p2b: Ho-Oh
|-damage|p2b: Ho-Oh|12/100
|-damage|p1b: Urshifu|84/100|[from] item: Rocky Helmet|[of] p2b: Ho-Oh
|move|p2b: Ho-Oh|Sacred Fire|p1a: Kleavor
|-damage|p1a: Kleavor|30/100
|
|upkeep
|turn|2
|inactive|FlyingDingo has 30 seconds left.
|inactive|FlyingDingo has 20 seconds left.
|
|t:|1750719091
|switch|p2b: Ting-Lu|Ting-Lu, L50|100/100
|-damage|p2b: Ting-Lu|94/100|[from] Stealth Rock
|-ability|p2b: Ting-Lu|Vessel of Ruin
|move|p1a: Kleavor|X-Scissor|p2a: Grimmsnarl
|-damage|p2a: Grimmsnarl|54/100
|move|p1b: Urshifu|Poison Jab|p2b: Ting-Lu
|-resisted|p2b: Ting-Lu
|-damage|p2b: Ting-Lu|86/100
|-status|p2b: Ting-Lu|psn
|move|p2a: Grimmsnarl|Spirit Break|p1a: Kleavor
|-damage|p1a: Kleavor|0 fnt
|faint|p1a: Kleavor
|
|-damage|p2b: Ting-Lu|74/100 psn|[from] psn
|upkeep
|
|t:|1750719100
|switch|p1a: Zamazenta|Zamazenta-Crowned, L50|100/100
|-ability|p1a: Zamazenta|Dauntless Shield|boost
|-boost|p1a: Zamazenta|def|1
|turn|3
|
|t:|1750719115
|move|p2a: Grimmsnarl|Misty Terrain|p2a: Grimmsnarl
|-fieldstart|move: Misty Terrain
|move|p1a: Zamazenta|Body Press|p2b: Ting-Lu
|-supereffective|p2b: Ting-Lu
|-damage|p2b: Ting-Lu|20/100 psn
|move|p1b: Urshifu|Poison Jab|p2a: Grimmsnarl
|-supereffective|p2a: Grimmsnarl
|-damage|p2a: Grimmsnarl|0 fnt
|faint|p2a: Grimmsnarl
|move|p2b: Ting-Lu|Stomping Tantrum|p1b: Urshifu
|-damage|p1b: Urshifu|30/100
|
|-damage|p2b: Ting-Lu|8/100 psn|[from] psn
|upkeep
|
|t:|1750719129
|switch|p2a: Ho-Oh|Ho-Oh, L50, tera:Fairy|45/100
|-damage|p2a: Ho-Oh|33/100|[from] Stealth Rock
|turn|4
|
|t:|1750719139
|switch|p1b: Giratina|Giratina-Origin, L50|100/100
|move|p1a: Zamazenta|Heavy Slam|p2a: Ho-Oh
|-supereffective|p2a: Ho-Oh
|-damage|p2a: Ho-Oh|6/100
|-damage|p1a: Zamazenta|84/100|[from] item: Rocky Helmet|[of] p2a: Ho-Oh
|move|p2a: Ho-Oh|Life Dew|p2a: Ho-Oh|[spread] p2a,p2b
|-heal|p2a: Ho-Oh|31/100
|-heal|p2b: Ting-Lu|33/100 psn
|move|p2b: Ting-Lu|Stomping Tantrum|p1b: Giratina
|-immune|p1b: Giratina|[from] ability: Levitate
|
|-damage|p2b: Ting-Lu|20/100 psn|[from] psn
|upkeep
|turn|5
|inactive|FlyingDingo has 30 seconds left.
|
|t:|1750719167
|move|p1a: Zamazenta|Body Press|p2b: Ting-Lu
|-supereffective|p2b: Ting-Lu
|-damage|p2b: Ting-Lu|0 fnt
|faint|p2b: Ting-Lu
|move|p2a: Ho-Oh|Life Dew|p2a: Ho-Oh
|-heal|p2a: Ho-Oh|56/100
|move|p1b: Giratina|Poltergeist|p2a: Ho-Oh
|-activate|p2a: Ho-Oh|move: Poltergeist|Rocky Helmet
|-damage|p2a: Ho-Oh|23/100
|
|upkeep
|
|t:|1750719170
|switch|p2b: Calyrex|Calyrex-Ice, L50|100/100
|-ability|p2b: Calyrex|As One
|-ability|p2b: Calyrex|Unnerve
|-damage|p2b: Calyrex|76/100|[from] Stealth Rock
|turn|6
|
|t:|1750719188
|move|p1a: Zamazenta|Body Press|p2b: Calyrex
|-damage|p2b: Calyrex|49/100
|move|p2a: Ho-Oh|Life Dew|p2a: Ho-Oh|[spread] p2a,p2b
|-heal|p2a: Ho-Oh|47/100
|-heal|p2b: Calyrex|74/100
|move|p1b: Giratina|Poltergeist|p2b: Calyrex
|-activate|p2b: Calyrex|move: Poltergeist|Leftovers
|-supereffective|p2b: Calyrex
|-damage|p2b: Calyrex|27/100
|move|p2b: Calyrex|Leech Seed|p1b: Giratina
|-start|p1b: Giratina|move: Leech Seed
|
|-heal|p2b: Calyrex|33/100|[from] item: Leftovers
|-damage|p1b: Giratina|88/100|[from] Leech Seed|[of] p2b: Calyrex
|-heal|p2b: Calyrex|48/100|[silent]
|upkeep
|turn|7
|inactive|FlyingDingo has 30 seconds left.
|
|t:|1750719220
|-terastallize|p1b: Giratina|Fire
|move|p1a: Zamazenta|Heavy Slam|p2a: Ho-Oh
|-supereffective|p2a: Ho-Oh
|-damage|p2a: Ho-Oh|17/100
|-damage|p1a: Zamazenta|67/100|[from] item: Rocky Helmet|[of] p2a: Ho-Oh
|move|p2a: Ho-Oh|Life Dew|p2a: Ho-Oh|[spread] p2a,p2b
|-heal|p2a: Ho-Oh|42/100
|-heal|p2b: Calyrex|73/100
|move|p1b: Giratina|Poltergeist|p2a: Ho-Oh
|-activate|p2a: Ho-Oh|move: Poltergeist|Rocky Helmet
|-damage|p2a: Ho-Oh|10/100
|move|p2b: Calyrex|Glacial Lance|p1b: Giratina|[spread] p1a,p1b
|-resisted|p1a: Zamazenta
|-resisted|p1b: Giratina
|-damage|p1a: Zamazenta|58/100
|-damage|p1b: Giratina|72/100
|
|-heal|p2b: Calyrex|79/100|[from] item: Leftovers
|-damage|p1b: Giratina|59/100|[from] Leech Seed|[of] p2b: Calyrex
|-heal|p2b: Calyrex|95/100|[silent]
|-fieldend|Misty Terrain
|upkeep
|turn|8
|inactive|Banthejuggalo has 30 seconds left.
|
|t:|1750719251
|switch|p1b: Urshifu|Urshifu-Rapid-Strike, L50, M|30/100
|move|p2a: Ho-Oh|Protect|p2a: Ho-Oh
|-singleturn|p2a: Ho-Oh|Protect
|move|p1a: Zamazenta|Heavy Slam|p2a: Ho-Oh
|-activate|p2a: Ho-Oh|move: Protect
|move|p2b: Calyrex|Leech Seed|p1a: Zamazenta|[miss]
|-miss|p2b: Calyrex|p1a: Zamazenta
|
|-heal|p2b: Calyrex|100/100|[from] item: Leftovers
|-sideend|p2: Banthejuggalo|Reflect
|upkeep
|turn|9
|
|t:|1750719265
|move|p1a: Zamazenta|Heavy Slam|p2a: Ho-Oh
|-supereffective|p2a: Ho-Oh
|-damage|p2a: Ho-Oh|0 fnt
|-damage|p1a: Zamazenta|41/100|[from] item: Rocky Helmet|[of] p2a: Ho-Oh
|faint|p2a: Ho-Oh
|move|p1b: Urshifu|Surging Strikes|p2b: Calyrex
|-crit|p2b: Calyrex
|-damage|p2b: Calyrex|83/100
|-crit|p2b: Calyrex
|-damage|p2b: Calyrex|65/100
|-crit|p2b: Calyrex
|-damage|p2b: Calyrex|49/100
|-hitcount|p2b: Calyrex|3
|move|p2b: Calyrex|Leech Seed|p1a: Zamazenta|[miss]
|-miss|p2b: Calyrex|p1a: Zamazenta
|
|-heal|p2b: Calyrex|55/100|[from] item: Leftovers
|upkeep
|turn|10
|c|☆Banthejuggalo|Trash game
|inactive|Banthejuggalo has 30 seconds left.
|inactive|Banthejuggalo has 20 seconds left.
|inactive|Banthejuggalo has 15 seconds left.
|inactive|Banthejuggalo has 10 seconds left.
|inactive|Banthejuggalo has 5 seconds left.
|
|t:|1750719320
|move|p1a: Zamazenta|Body Press|p2b: Calyrex
|-damage|p2b: Calyrex|16/100
|move|p1b: Urshifu|Surging Strikes|p2b: Calyrex
|-crit|p2b: Calyrex
|-damage|p2b: Calyrex|0 fnt
|faint|p2b: Calyrex
|-hitcount|p2: Calyrex|1
|
|win|FlyingDingo
|raw|FlyingDingo's rating: 1486 &rarr; <strong>1510</strong><br />(+24 for winning)
|raw|Banthejuggalo's rating: 1549 &rarr; <strong>1525</strong><br />(-24 for losing)
|l|☆FlyingDingo
|player|p1|
|l|☆Banthejuggalo
|player|p2|
