|j|☆Blu3falcon
|j|☆DOAKZYN
|t:|1750769445
|gametype|doubles
|player|p1|Blu3falcon|170|1397
|player|p2|DOAKZYN|170|1393
|teamsize|p1|6
|teamsize|p2|6
|gen|9
|tier|[Gen 9] VGC 2025 Reg I
|rated|
|rule|Species Clause: Limit one of each Pokémon
|rule|Item Clause: Limit 1 of each item
|clearpoke
|poke|p1|Volcarona, L50, M|
|poke|p1|Terapagos, L50, M|
|poke|p1|Miraidon, L50|
|poke|p1|Grimmsnarl, L50, M|
|poke|p1|Incineroar, L50, F|
|poke|p1|Sinistcha-Masterpiece, L50|
|poke|p2|Kyogre, L50|
|poke|p2|Urshifu-*, L50, M|
|poke|p2|Tornadus, L50, M|
|poke|p2|Miraidon, L50|
|poke|p2|Ursaluna-Bloodmoon, L50, M|
|poke|p2|Farigiraf, L50, M|
|teampreview|4
|inactive|Battle timer is ON: inactive players will automatically lose when time's up. (requested by Blu3falcon)
|
|t:|1750769458
|start
|switch|p1a: Terapagos|Terapagos, L50, M|100/100
|switch|p1b: Grimmsnarl|Grimmsnarl, L50, M|100/100
|switch|p2a: Urshifu|Urshifu-Rapid-Strike, L50, M|100/100
|switch|p2b: Tornadus|Tornadus, L50, M|100/100
|-activate|p1a: Terapagos|ability: Tera Shift
|detailschange|p1a: Terapagos|Terapagos-Terastal, L50, M
|-heal|p1a: Terapagos|100/100|[silent]
|turn|1
|
|t:|1750769475
|-terastallize|p2a: Urshifu|Water
|move|p2b: Tornadus|Rain Dance|p2b: Tornadus
|-weather|RainDance
|move|p2a: Urshifu|Surging Strikes|p1a: Terapagos
|-activate|p1a: Terapagos|ability: Tera Shell
|-resisted|p1a: Terapagos
|-crit|p1a: Terapagos
|-damage|p1a: Terapagos|78/100
|-resisted|p1a: Terapagos
|-crit|p1a: Terapagos
|-damage|p1a: Terapagos|57/100
|-resisted|p1a: Terapagos
|-crit|p1a: Terapagos
|-damage|p1a: Terapagos|36/100
|-hitcount|p1a: Terapagos|3
|move|p1a: Terapagos|Calm Mind|p1a: Terapagos
|-boost|p1a: Terapagos|spa|1
|-boost|p1a: Terapagos|spd|1
|move|p1b: Grimmsnarl|Spirit Break|p2a: Urshifu
|-damage|p2a: Urshifu|70/100
|-unboost|p2a: Urshifu|spa|1
|
|-weather|RainDance|[upkeep]
|-heal|p1a: Terapagos|43/100|[from] item: Leftovers
|upkeep
|turn|2
|inactive|DOAKZYN has 30 seconds left.
|inactive|DOAKZYN has 20 seconds left.
|inactive|DOAKZYN has 15 seconds left.
|inactive|DOAKZYN has 10 seconds left.
|inactive|DOAKZYN has 5 seconds left.
|
|t:|1750769530
|-terastallize|p1a: Terapagos|Stellar
|detailschange|p1a: Terapagos|Terapagos-Stellar, L50, M, tera:Stellar
|-heal|p1a: Terapagos|57/100|[silent]
|-ability|p1a: Terapagos|Teraform Zero
|-weather|none
|move|p1b: Grimmsnarl|Thunder Wave|p2a: Urshifu
|-status|p2a: Urshifu|par
|move|p2b: Tornadus|Bleakwind Storm|p1b: Grimmsnarl|[spread] p1a,p1b
|-damage|p1a: Terapagos|40/100
|-damage|p1b: Grimmsnarl|69/100
|-unboost|p1a: Terapagos|spe|1
|move|p1a: Terapagos|Tera Starstorm|p2b: Tornadus|[spread] p2a,p2b
|-supereffective|p2a: Urshifu
|-damage|p2a: Urshifu|0 fnt
|-damage|p2b: Tornadus|34/100
|faint|p2a: Urshifu
|
|-heal|p1a: Terapagos|46/100|[from] item: Leftovers
|upkeep
|inactive|DOAKZYN has 30 seconds left.
|inactive|DOAKZYN has 20 seconds left.
|inactive|DOAKZYN has 15 seconds left.
|inactive|DOAKZYN has 10 seconds left.
|inactive|DOAKZYN has 5 seconds left.
|
|t:|1750769585
|switch|p2a: Miraidon|Miraidon, L50|100/100
|-fieldstart|move: Electric Terrain|[from] ability: Hadron Engine|[of] p2a: Miraidon
|turn|3
|inactive|DOAKZYN has 30 seconds left.
|inactive|DOAKZYN has 20 seconds left.
|inactive|DOAKZYN has 15 seconds left.
|inactive|DOAKZYN has 10 seconds left.
|inactive|DOAKZYN has 5 seconds left.
|
|t:|1750769640
|move|p1a: Terapagos|Protect|p1a: Terapagos
|-singleturn|p1a: Terapagos|Protect
|move|p1b: Grimmsnarl|Light Screen|p1b: Grimmsnarl
|-sidestart|p1: Blu3falcon|move: Light Screen
|move|p2a: Miraidon|Electro Drift|p1b: Grimmsnarl
|-damage|p1b: Grimmsnarl|0 fnt
|faint|p1b: Grimmsnarl
|move|p2b: Tornadus|Bleakwind Storm|p1a: Terapagos
|-activate|p1a: Terapagos|move: Protect
|
|-heal|p1a: Terapagos|52/100|[from] item: Leftovers
|upkeep
|
|t:|1750769653
|switch|p1b: Sinistcha|Sinistcha-Masterpiece, L50|100/100
|-heal|p1a: Terapagos|77/100|[from] ability: Hospitality|[of] p1b: Sinistcha
|turn|4
|inactive|DOAKZYN has 30 seconds left.
|
|t:|1750769685
|move|p1b: Sinistcha|Rage Powder|p1b: Sinistcha
|-singleturn|p1b: Sinistcha|move: Rage Powder
|move|p2a: Miraidon|Electro Drift|p1b: Sinistcha
|-resisted|p1b: Sinistcha
|-damage|p1b: Sinistcha|43/100
|move|p2b: Tornadus|Bleakwind Storm|p1b: Sinistcha|[spread] 
|-miss|p2b: Tornadus|p1a: Terapagos
|-miss|p2b: Tornadus|p1b: Sinistcha
|move|p1a: Terapagos|Tera Starstorm|p2a: Miraidon|[spread] p2a,p2b
|-damage|p2a: Miraidon|58/100
|-damage|p2b: Tornadus|0 fnt
|faint|p2b: Tornadus
|
|-heal|p1a: Terapagos|83/100|[from] item: Leftovers
|upkeep
|
|t:|1750769691
|switch|p2b: Kyogre|Kyogre, L50|100/100
|-weather|RainDance|[from] ability: Drizzle|[of] p2b: Kyogre
|turn|5
|-message|DOAKZYN forfeited.
|
|win|Blu3falcon
|raw|Blu3falcon's rating: 1397 &rarr; <strong>1417</strong><br />(+20 for winning)
|raw|DOAKZYN's rating: 1393 &rarr; <strong>1373</strong><br />(-20 for losing)
|l|☆DOAKZYN
|player|p2|
|l|☆Blu3falcon
|player|p1|
