|j|☆Oura138
|j|☆dinglustan
|t:|1750781250
|gametype|doubles
|player|p1|Oura138|koga|1709
|player|p2|dinglustan|102|1665
|teamsize|p1|6
|teamsize|p2|6
|gen|9
|tier|[Gen 9] VGC 2025 Reg I
|rated|
|rule|Species Clause: Limit one of each Pokémon
|rule|Item Clause: Limit 1 of each item
|clearpoke
|poke|p1|Grimmsnarl, L50, M|
|poke|p1|Calyrex-Ice, L50|
|poke|p1|Incineroar, L50, M|
|poke|p1|Miraidon, L50|
|poke|p1|Urshifu-*, L50, F|
|poke|p1|Landorus, L50, M|
|poke|p2|Miraidon, L50|
|poke|p2|Calyrex-Ice, L50|
|poke|p2|Grimmsnarl, L50, M|
|poke|p2|Incineroar, L50, F|
|poke|p2|Urshifu-*, L50, F|
|poke|p2|Sinistcha, L50|
|teampreview|4
|inactive|Battle timer is ON: inactive players will automatically lose when time's up. (requested by dinglustan)
|inactive|Oura138 has 60 seconds left.
|
|t:|1750781285
|start
|switch|p1a: Calyrex|Calyrex-Ice, L50|100/100
|switch|p1b: Grimmsnarl|Grimmsnarl, L50, M|100/100
|switch|p2a: Miraidon|Miraidon, L50|100/100
|switch|p2b: Grimmsnarl|Grimmsnarl, L50, M|100/100
|-ability|p1a: Calyrex|As One
|-ability|p1a: Calyrex|Unnerve
|-fieldstart|move: Electric Terrain|[from] ability: Hadron Engine|[of] p2a: Miraidon
|turn|1
|
|t:|1750781304
|move|p1b: Grimmsnarl|Light Screen|p1b: Grimmsnarl
|-sidestart|p1: Oura138|move: Light Screen
|move|p2b: Grimmsnarl|Reflect|p2b: Grimmsnarl
|-sidestart|p2: dinglustan|Reflect
|move|p2a: Miraidon|Volt Switch|p1b: Grimmsnarl
|-damage|p1b: Grimmsnarl|46/100
|
|t:|1750781310
|switch|p2a: Calyrex|Calyrex-Ice, L50|100/100|[from] Volt Switch
|-ability|p2a: Calyrex|As One
|-ability|p2a: Calyrex|Unnerve
|move|p1a: Calyrex|Leech Seed|p2b: Grimmsnarl
|-start|p2b: Grimmsnarl|move: Leech Seed
|
|-damage|p2b: Grimmsnarl|88/100|[from] Leech Seed|[of] p1a: Calyrex
|upkeep
|turn|2
|
|t:|1750781324
|switch|p1b: Incineroar|Incineroar, L50, M|100/100
|-ability|p1b: Incineroar|Intimidate|boost
|-unboost|p2a: Calyrex|atk|1
|-unboost|p2b: Grimmsnarl|atk|1
|move|p2b: Grimmsnarl|Light Screen|p2b: Grimmsnarl
|-sidestart|p2: dinglustan|move: Light Screen
|move|p1a: Calyrex|Leech Seed|p2a: Calyrex
|-start|p2a: Calyrex|move: Leech Seed
|move|p2a: Calyrex|Leech Seed|p1a: Calyrex
|-start|p1a: Calyrex|move: Leech Seed
|
|-damage|p2b: Grimmsnarl|76/100|[from] Leech Seed|[of] p1a: Calyrex
|-damage|p1a: Calyrex|88/100|[from] Leech Seed|[of] p2a: Calyrex
|-damage|p2a: Calyrex|88/100|[from] Leech Seed|[of] p1a: Calyrex
|-heal|p1a: Calyrex|100/100|[silent]
|upkeep
|turn|3
|
|t:|1750781345
|switch|p2a: Urshifu|Urshifu-Rapid-Strike, L50, F|100/100
|move|p2b: Grimmsnarl|Thunder Wave|p1a: Calyrex
|-status|p1a: Calyrex|par
|move|p1b: Incineroar|Knock Off|p2a: Urshifu
|-resisted|p2a: Urshifu
|-damage|p2a: Urshifu|88/100
|-enditem|p2a: Urshifu|Choice Scarf|[from] move: Knock Off|[of] p1b: Incineroar
|move|p1a: Calyrex|Glacial Lance|p2b: Grimmsnarl|[spread] p2a,p2b
|-resisted|p2a: Urshifu
|-damage|p2a: Urshifu|68/100
|-damage|p2b: Grimmsnarl|38/100
|
|-damage|p2b: Grimmsnarl|26/100|[from] Leech Seed|[of] p1a: Calyrex
|-damage|p1a: Calyrex|88/100 par|[from] Leech Seed|[of] p2a: Urshifu
|-heal|p2a: Urshifu|83/100|[silent]
|upkeep
|turn|4
|inactive|Oura138 has 30 seconds left.
|j| surgevgc
|
|t:|1750781378
|switch|p2b: Calyrex|Calyrex-Ice, L50|88/100
|-ability|p2b: Calyrex|As One
|-ability|p2b: Calyrex|Unnerve
|move|p2a: Urshifu|Surging Strikes|p1b: Incineroar
|-supereffective|p1b: Incineroar
|-crit|p1b: Incineroar
|-damage|p1b: Incineroar|68/100
|-damage|p2a: Urshifu|66/100|[from] item: Rocky Helmet|[of] p1b: Incineroar
|-supereffective|p1b: Incineroar
|-crit|p1b: Incineroar
|-damage|p1b: Incineroar|35/100
|-damage|p2a: Urshifu|50/100|[from] item: Rocky Helmet|[of] p1b: Incineroar
|-supereffective|p1b: Incineroar
|-crit|p1b: Incineroar
|-damage|p1b: Incineroar|4/100
|-damage|p2a: Urshifu|33/100|[from] item: Rocky Helmet|[of] p1b: Incineroar
|-hitcount|p1b: Incineroar|3
|move|p1b: Incineroar|Parting Shot|p2b: Calyrex
|-unboost|p2b: Calyrex|atk|1
|-unboost|p2b: Calyrex|spa|1
|
|t:|1750781397
|switch|p1b: Miraidon|Miraidon, L50|100/100|[from] Parting Shot
|-activate|p1b: Miraidon|ability: Hadron Engine
|move|p1a: Calyrex|Glacial Lance|p2b: Calyrex|[spread] p2a,p2b
|-resisted|p2a: Urshifu
|-resisted|p2b: Calyrex
|-damage|p2a: Urshifu|14/100
|-damage|p2b: Calyrex|77/100
|
|-heal|p2b: Calyrex|83/100|[from] item: Leftovers
|-damage|p1a: Calyrex|76/100 par|[from] Leech Seed|[of] p2a: Urshifu
|-heal|p2a: Urshifu|29/100|[silent]
|upkeep
|turn|5
|inactive|Oura138 has 30 seconds left.
|inactive|Oura138 has 20 seconds left.
|j| GexkaXXV
|
|t:|1750781434
|switch|p2a: Grimmsnarl|Grimmsnarl, L50, M|26/100
|move|p1b: Miraidon|Volt Switch|p2a: Grimmsnarl
|-damage|p2a: Grimmsnarl|0 fnt
|faint|p2a: Grimmsnarl
|
|t:|1750781457
|switch|p1b: Grimmsnarl|Grimmsnarl, L50, M|46/100|[from] Volt Switch
|move|p2b: Calyrex|Glacial Lance|p1a: Calyrex|[spread] p1a,p1b
|-resisted|p1a: Calyrex
|-damage|p1a: Calyrex|66/100 par
|-damage|p1b: Grimmsnarl|12/100
|move|p1a: Calyrex|Leech Seed|p2b: Calyrex
|-start|p2b: Calyrex|move: Leech Seed
|
|-heal|p2b: Calyrex|89/100|[from] item: Leftovers
|-damage|p2b: Calyrex|77/100|[from] Leech Seed|[of] p1a: Calyrex
|-heal|p1a: Calyrex|78/100 par|[silent]
|-fieldend|move: Electric Terrain
|upkeep
|
|t:|1750781464
|switch|p2a: Urshifu|Urshifu-Rapid-Strike, L50, F|29/100
|turn|6
|inactive|Oura138 has 30 seconds left.
|j| Jwofsgo
|
|t:|1750781495
|move|p1b: Grimmsnarl|Thunder Wave|p2a: Urshifu
|-status|p2a: Urshifu|par
|cant|p2a: Urshifu|par
|move|p2b: Calyrex|Glacial Lance|p1a: Calyrex|[spread] p1a,p1b
|-resisted|p1a: Calyrex
|-damage|p1a: Calyrex|68/100 par
|-damage|p1b: Grimmsnarl|0 fnt
|faint|p1b: Grimmsnarl
|-ability|p2b: Calyrex|Chilling Neigh|boost
|-boost|p2b: Calyrex|atk|1
|move|p1a: Calyrex|Glacial Lance|p2b: Calyrex|[spread] p2a,p2b
|-resisted|p2a: Urshifu
|-resisted|p2b: Calyrex
|-damage|p2a: Urshifu|11/100 par
|-damage|p2b: Calyrex|66/100
|
|-heal|p2b: Calyrex|72/100|[from] item: Leftovers
|-damage|p2b: Calyrex|59/100|[from] Leech Seed|[of] p1a: Calyrex
|-heal|p1a: Calyrex|80/100 par|[silent]
|-damage|p1a: Calyrex|68/100 par|[from] Leech Seed|[of] p2a: Urshifu
|-heal|p2a: Urshifu|26/100 par|[silent]
|upkeep
|l| Jwofsgo
|
|t:|1750781519
|switch|p1b: Miraidon|Miraidon, L50|100/100
|-fieldstart|move: Electric Terrain|[from] ability: Hadron Engine|[of] p1b: Miraidon
|turn|7
|
|t:|1750781538
|-terastallize|p1b: Miraidon|Electric
|move|p2b: Calyrex|Protect|p2b: Calyrex
|-singleturn|p2b: Calyrex|Protect
|move|p1b: Miraidon|Electro Drift|p2b: Calyrex
|-activate|p2b: Calyrex|move: Protect
|move|p2a: Urshifu|Coaching|p2b: Calyrex
|-boost|p2b: Calyrex|atk|1
|-boost|p2b: Calyrex|def|1
|cant|p1a: Calyrex|par
|
|-heal|p2b: Calyrex|65/100|[from] item: Leftovers
|-damage|p2b: Calyrex|53/100|[from] Leech Seed|[of] p1a: Calyrex
|-heal|p1a: Calyrex|80/100 par|[silent]
|-damage|p1a: Calyrex|68/100 par|[from] Leech Seed|[of] p2a: Urshifu
|-heal|p2a: Urshifu|40/100 par|[silent]
|upkeep
|turn|8
|
|t:|1750781554
|move|p1b: Miraidon|Electro Drift|p2b: Calyrex
|-damage|p2b: Calyrex|1/100
|move|p2a: Urshifu|Surging Strikes|p1b: Miraidon
|-crit|p1b: Miraidon
|-damage|p1b: Miraidon|83/100
|-crit|p1b: Miraidon
|-damage|p1b: Miraidon|66/100
|-crit|p1b: Miraidon
|-damage|p1b: Miraidon|49/100
|-hitcount|p1b: Miraidon|3
|move|p2b: Calyrex|Glacial Lance|p1a: Calyrex|[spread] p1a,p1b
|-resisted|p1a: Calyrex
|-damage|p1a: Calyrex|42/100 par
|-damage|p1b: Miraidon|0 fnt
|faint|p1b: Miraidon
|-ability|p2b: Calyrex|Chilling Neigh|boost
|-boost|p2b: Calyrex|atk|1
|cant|p1a: Calyrex|par
|
|-heal|p2b: Calyrex|7/100|[from] item: Leftovers
|-damage|p2b: Calyrex|0 fnt|[from] Leech Seed|[of] p1a: Calyrex
|-heal|p1a: Calyrex|48/100 par|[silent]
|faint|p2b: Calyrex
|-damage|p1a: Calyrex|36/100 par|[from] Leech Seed|[of] p2a: Urshifu
|-heal|p2a: Urshifu|54/100 par|[silent]
|-sideend|p2: dinglustan|Reflect
|-sideend|p1: Oura138|move: Light Screen
|upkeep
|
|t:|1750781561
|switch|p1b: Incineroar|Incineroar, L50, M|4/100
|switch|p2b: Miraidon|Miraidon, L50|100/100
|-activate|p2b: Miraidon|ability: Hadron Engine
|-ability|p1b: Incineroar|Intimidate|boost
|-unboost|p2a: Urshifu|atk|1
|-unboost|p2b: Miraidon|atk|1
|turn|9
|-message|Oura138 forfeited.
|
|win|dinglustan
|raw|Oura138's rating: 1709 &rarr; <strong>1686</strong><br />(-23 for losing)
|raw|dinglustan's rating: 1665 &rarr; <strong>1688</strong><br />(+23 for winning)
|l|☆Oura138
|player|p1|
|l|☆dinglustan
|player|p2|
|l| GexkaXXV
|l| surgevgc
