|j|☆Fatsoju
|j|☆Highjack #14
|t:|1750881962
|gametype|doubles
|player|p1|Fatsoju|cynthia-gen4|1318
|player|p2|Highjack #14|266|1347
|teamsize|p1|6
|teamsize|p2|6
|gen|9
|tier|[Gen 9] VGC 2025 Reg I
|rated|
|rule|Species Clause: Limit one of each Pokémon
|rule|Item Clause: Limit 1 of each item
|clearpoke
|poke|p1|Kyogre, L50|
|poke|p1|Calyrex-Shadow, L50|
|poke|p1|Urshifu-*, L50, F|
|poke|p1|Tornadus, L50, M|
|poke|p1|Araquanid, L50, F|
|poke|p1|Ogerpon-Wellspring, L50, F|
|poke|p2|Kleavor, L50, F|
|poke|p2|Calyrex-Shadow, L50|
|poke|p2|Blaziken, L50, F|
|poke|p2|Zamazenta-*, L50|
|poke|p2|Urshifu-*, L50, M|
|poke|p2|Rillaboom, L50, M|
|teampreview|4
Highjack #14 has agreed to open team sheets.
|l|☆Fatsoju
|player|p1|
|j|☆Fatsoju
|player|p1|Fatsoju|cynthia-gen4|
|l|☆Fatsoju
|player|p1|
|j|☆Fatsoju
|player|p1|Fatsoju|cynthia-gen4|
|
|t:|1750881981
|start
|switch|p1a: Urshifu|Urshifu-Rapid-Strike, L50, F|100/100
|switch|p1b: Tornadus|Tornadus, L50, M|100/100
|switch|p2a: Kleavor|Kleavor, L50, F|100/100
|switch|p2b: Rillaboom|Rillaboom, L50, M|100/100
|-fieldstart|move: Grassy Terrain|[from] ability: Grassy Surge|[of] p2b: Rillaboom
|turn|1
|l|☆Fatsoju
|player|p1|
|j|☆Fatsoju
|player|p1|Fatsoju|cynthia-gen4|
|
|t:|1750881997
|move|p2b: Rillaboom|Fake Out|p1a: Urshifu
|-damage|p1a: Urshifu|86/100
|move|p1b: Tornadus|Taunt|p2a: Kleavor
|-start|p2a: Kleavor|move: Taunt
|cant|p1a: Urshifu|flinch
|move|p2a: Kleavor|Stone Axe|p1b: Tornadus
|-supereffective|p1b: Tornadus
|-damage|p1b: Tornadus|0 fnt
|-sidestart|p1: Fatsoju|move: Stealth Rock
|faint|p1b: Tornadus
|
|-heal|p1a: Urshifu|92/100|[from] Grassy Terrain
|upkeep
|l|☆Fatsoju
|player|p1|
|j|☆Fatsoju
|player|p1|Fatsoju|cynthia-gen4|
|
|t:|1750882012
|switch|p1b: Kyogre|Kyogre, L50, shiny|100/100
|-damage|p1b: Kyogre|88/100|[from] Stealth Rock
|-weather|RainDance|[from] ability: Drizzle|[of] p1b: Kyogre
|turn|2
|
|t:|1750882019
|move|p1b: Kyogre|Protect|p1b: Kyogre
|-singleturn|p1b: Kyogre|Protect
|move|p1a: Urshifu|Aqua Jet|p2a: Kleavor
|-supereffective|p2a: Kleavor
|-damage|p2a: Kleavor|0 fnt
|faint|p2a: Kleavor
|-damage|p1a: Urshifu|82/100|[from] item: Life Orb
|move|p2b: Rillaboom|Grassy Glide|p1a: Urshifu
|-supereffective|p1a: Urshifu
|-damage|p1a: Urshifu|12/100
|
|-weather|RainDance|[upkeep]
|-heal|p1a: Urshifu|18/100|[from] Grassy Terrain
|-heal|p1b: Kyogre|94/100|[from] Grassy Terrain
|upkeep
|l|☆Fatsoju
|player|p1|
|j|☆Fatsoju
|player|p1|Fatsoju|cynthia-gen4|
|
|t:|1750882031
|switch|p2a: Calyrex|Calyrex-Shadow, L50|100/100
|-ability|p2a: Calyrex|As One
|-ability|p2a: Calyrex|Unnerve
|turn|3
|l|☆Fatsoju
|player|p1|
|j|☆Fatsoju
|player|p1|Fatsoju|cynthia-gen4|
|
|t:|1750882045
|-terastallize|p1a: Urshifu|Water
|move|p1a: Urshifu|Aqua Jet|p2a: Calyrex
|-damage|p2a: Calyrex|45/100
|-damage|p1a: Urshifu|8/100|[from] item: Life Orb
|move|p2b: Rillaboom|Grassy Glide|p1b: Kyogre
|-supereffective|p1b: Kyogre
|-damage|p1b: Kyogre|21/100
|move|p2a: Calyrex|Astral Barrage|p1b: Kyogre|[spread] p1a,p1b
|-damage|p1a: Urshifu|0 fnt
|-damage|p1b: Kyogre|0 fnt
|faint|p1a: Urshifu
|faint|p1b: Kyogre
|-ability|p2a: Calyrex|Grim Neigh|boost
|-boost|p2a: Calyrex|spa|2
|-damage|p2a: Calyrex|36/100|[from] item: Life Orb
|
|-weather|RainDance|[upkeep]
|-heal|p2a: Calyrex|42/100|[from] Grassy Terrain
|upkeep
|
|t:|1750882050
|switch|p1a: Calyrex|Calyrex-Shadow, L50|100/100
|-ability|p1a: Calyrex|As One
|-ability|p1a: Calyrex|Unnerve
|-damage|p1a: Calyrex|88/100|[from] Stealth Rock
|turn|4
|l|☆Fatsoju
|player|p1|
|
|t:|1750882060
|move|p2a: Calyrex|Protect|p2a: Calyrex
|-singleturn|p2a: Calyrex|Protect
|move|p1a: Calyrex|Astral Barrage|p2a: Calyrex|[spread] p2b
|-activate|p2a: Calyrex|move: Protect
|-damage|p2b: Rillaboom|59/100
|move|p2b: Rillaboom|U-turn|p1a: Calyrex
|-damage|p1a: Calyrex|58/100
|j|☆Fatsoju
|player|p1|Fatsoju|cynthia-gen4|
|inactive|Battle timer is ON: inactive players will automatically lose when time's up. (requested by Fatsoju)
|
|t:|1750882070
|switch|p2b: Zamazenta|Zamazenta-Crowned, L50|100/100|[from] U-turn
|-ability|p2b: Zamazenta|Dauntless Shield|boost
|-boost|p2b: Zamazenta|def|1
|
|-weather|RainDance|[upkeep]
|-heal|p1a: Calyrex|65/100|[from] Grassy Terrain
|-heal|p2a: Calyrex|48/100|[from] Grassy Terrain
|upkeep
|turn|5
|
|t:|1750882073
|move|p2b: Zamazenta|Wide Guard|p2b: Zamazenta
|-singleturn|p2b: Zamazenta|Wide Guard
|move|p2a: Calyrex|Astral Barrage|p1a: Calyrex
|-supereffective|p1a: Calyrex
|-damage|p1a: Calyrex|0 fnt
|faint|p1a: Calyrex
|-damage|p2a: Calyrex|38/100|[from] item: Life Orb
|
|win|Highjack #14
|raw|Fatsoju's rating: 1318 &rarr; <strong>1300</strong><br />(-18 for losing)
|raw|Highjack #14's rating: 1347 &rarr; <strong>1365</strong><br />(+18 for winning)
|l|☆Fatsoju
|player|p1|
|l|☆Highjack #14
|player|p2|
