|j|☆one hat trick
|j|☆fac new worm god
|t:|1750722632
|gametype|doubles
|player|p1|one hat trick|miriam|1271
|player|p2|fac new worm god|psychicf-gen4|1335
|teamsize|p1|6
|teamsize|p2|6
|gen|9
|tier|[Gen 9] VGC 2025 Reg I
|rated|
|rule|Species Clause: Limit one of each Pokémon
|rule|Item Clause: Limit 1 of each item
|clearpoke
|poke|p1|Miraidon, L50|
|poke|p1|Iron Valiant, L50|
|poke|p1|Calyrex-Ice, L50|
|poke|p1|Urshifu-*, L50, F|
|poke|p1|Ogerpon-Cornerstone, L50, F|
|poke|p1|Incineroar, L50, M|
|poke|p2|Kyogre, L50|
|poke|p2|Calyrex-Shadow, L50|
|poke|p2|Indeedee-F, L50, F|
|poke|p2|Hatterene, L50, F|
|poke|p2|Ursaluna, L50, F|
|poke|p2|Bruxish, L50, F|
|teampreview|4
|inactive|Battle timer is ON: inactive players will automatically lose when time's up. (requested by fac new worm god)
|inactive|one hat trick has 60 seconds left.
|
|t:|1750722679
|start
|switch|p1a: Iron Valiant|Iron Valiant, L50|100/100
|switch|p1b: Urshifu|Urshifu, L50, F|100/100
|switch|p2a: Calyrex|Calyrex-Shadow, L50|100/100
|switch|p2b: Indeedee|Indeedee-F, L50, F|100/100
|-ability|p2a: Calyrex|As One
|-ability|p2a: Calyrex|Unnerve
|-fieldstart|move: Psychic Terrain|[from] ability: Psychic Surge|[of] p2b: Indeedee
|-enditem|p2b: Indeedee|Psychic Seed
|-boost|p2b: Indeedee|spd|1|[from] item: Psychic Seed
|-enditem|p1a: Iron Valiant|Booster Energy
|-activate|p1a: Iron Valiant|ability: Quark Drive|[fromitem]
|-start|p1a: Iron Valiant|quarkdrivespe
|turn|1
|inactive|fac new worm god has 30 seconds left.
|
|t:|1750722706
|-terastallize|p2b: Indeedee|Water
|move|p1a: Iron Valiant|Wide Guard|p1a: Iron Valiant
|-singleturn|p1a: Iron Valiant|Wide Guard
|move|p2b: Indeedee|Follow Me|p2b: Indeedee
|-singleturn|p2b: Indeedee|move: Follow Me
|move|p2a: Calyrex|Tera Blast|p1a: Iron Valiant
|-damage|p1a: Iron Valiant|51/100
|move|p1b: Urshifu|Wicked Blow|p2b: Indeedee
|-crit|p2b: Indeedee
|-damage|p2b: Indeedee|49/100
|
|upkeep
|turn|2
|inactive|one hat trick has 30 seconds left.
|inactive|fac new worm god has 30 seconds left.
|inactive|one hat trick has 20 seconds left.
|inactive|fac new worm god has 20 seconds left.
|inactive|one hat trick has 15 seconds left.
|inactive|one hat trick has 10 seconds left.
|
|t:|1750722752
|move|p1a: Iron Valiant|Spirit Break|p2a: Calyrex
|-damage|p2a: Calyrex|62/100
|-unboost|p2a: Calyrex|spa|1
|move|p2a: Calyrex|Astral Barrage|p1b: Urshifu|[spread] p1a,p1b
|-resisted|p1b: Urshifu
|-damage|p1a: Iron Valiant|0 fnt
|-damage|p1b: Urshifu|74/100
|faint|p1a: Iron Valiant
|-end|p1a: Iron Valiant|Quark Drive|[silent]
|-ability|p2a: Calyrex|Grim Neigh|boost
|-boost|p2a: Calyrex|spa|1
|move|p1b: Urshifu|Wicked Blow|p2a: Calyrex
|-supereffective|p2a: Calyrex
|-crit|p2a: Calyrex
|-damage|p2a: Calyrex|0 fnt
|faint|p2a: Calyrex
|move|p2b: Indeedee|Trick Room|p2b: Indeedee
|-fieldstart|move: Trick Room|[of] p2b: Indeedee
|
|upkeep
|
|t:|1750722766
|switch|p1a: Calyrex|Calyrex-Ice, L50|100/100
|switch|p2a: Hatterene|Hatterene, L50, F|100/100
|-ability|p1a: Calyrex|As One
|-ability|p1a: Calyrex|Unnerve
|turn|3
|
|t:|1750722788
|switch|p1b: Miraidon|Miraidon, L50|100/100
|-fieldstart|move: Electric Terrain|[from] ability: Hadron Engine|[of] p1b: Miraidon
|move|p2a: Hatterene|Protect|p2a: Hatterene
|-singleturn|p2a: Hatterene|Protect
|move|p2b: Indeedee|Alluring Voice|p1b: Miraidon
|-supereffective|p1b: Miraidon
|-damage|p1b: Miraidon|67/100
|move|p1a: Calyrex|Trick Room|p1a: Calyrex
|-fieldend|move: Trick Room
|
|upkeep
|turn|4
|
|t:|1750722812
|move|p2b: Indeedee|Follow Me|p2b: Indeedee
|-singleturn|p2b: Indeedee|move: Follow Me
|move|p1b: Miraidon|Electro Drift|p2b: Indeedee
|-supereffective|p2b: Indeedee
|-damage|p2b: Indeedee|0 fnt
|faint|p2b: Indeedee
|move|p1a: Calyrex|Stomping Tantrum|p2a: Hatterene
|-damage|p2a: Hatterene|64/100
|move|p2a: Hatterene|Dazzling Gleam|p1a: Calyrex|[spread] p1a,p1b
|-supereffective|p1b: Miraidon
|-damage|p1a: Calyrex|71/100
|-damage|p1b: Miraidon|0 fnt
|faint|p1b: Miraidon
|-damage|p2a: Hatterene|54/100|[from] item: Life Orb
|
|upkeep
|
|t:|1750722822
|switch|p1b: Urshifu|Urshifu, L50, F|74/100
|switch|p2b: Kyogre|Kyogre, L50|100/100
|-weather|RainDance|[from] ability: Drizzle|[of] p2b: Kyogre
|turn|5
|inactive|one hat trick has 30 seconds left.
|inactive|one hat trick has 20 seconds left.
|inactive|one hat trick has 15 seconds left.
|inactive|one hat trick has 10 seconds left.
|
|t:|1750722870
|-terastallize|p1b: Urshifu|Dark
|move|p1b: Urshifu|Wicked Blow|p2b: Kyogre
|-crit|p2b: Kyogre
|-damage|p2b: Kyogre|22/100
|move|p2b: Kyogre|Origin Pulse|p1b: Urshifu|[spread] p1a,p1b
|-damage|p1a: Calyrex|20/100
|-damage|p1b: Urshifu|0 fnt
|faint|p1b: Urshifu
|move|p1a: Calyrex|Glacial Lance|p2b: Kyogre|[spread] p2a,p2b
|-crit|p2a: Hatterene
|-resisted|p2b: Kyogre
|-damage|p2a: Hatterene|0 fnt
|-damage|p2b: Kyogre|0 fnt
|faint|p2a: Hatterene
|faint|p2b: Kyogre
|
|win|one hat trick
|raw|one hat trick's rating: 1271 &rarr; <strong>1301</strong><br />(+30 for winning)
|raw|fac new worm god's rating: 1335 &rarr; <strong>1311</strong><br />(-24 for losing)
|c|☆one hat trick|oh my bad gg
