|j|☆magyomi
|j|☆Blinding Fires
|t:|1750851401
|gametype|doubles
|player|p1|magyomi|102|1645
|player|p2|Blinding Fires|benga|1558
|teamsize|p1|6
|teamsize|p2|6
|gen|9
|tier|[Gen 9] VGC 2025 Reg I
|rated|
|rule|Species Clause: Limit one of each Pokémon
|rule|Item Clause: Limit 1 of each item
|clearpoke
|poke|p1|Miraidon, L50|
|poke|p1|Calyrex-Ice, L50|
|poke|p1|Farigiraf, L50, F|
|poke|p1|Urshifu-*, L50, F|
|poke|p1|Volcarona, L50, M|
|poke|p1|Grimmsnarl, L50, M|
|poke|p2|Brute Bonnet, L50|
|poke|p2|Chi-Yu, L50|
|poke|p2|Flutter Mane, L50|
|poke|p2|Groudon, L50|
|poke|p2|Raging Bolt, L50|
|poke|p2|Zamazenta-*, L50|
|teampreview|4
|
|t:|1750851432
|start
|switch|p1a: Miraidon|Miraidon, L50|100/100
|switch|p1b: Grimmsnarl|Grimmsnarl, L50, M|100/100
|switch|p2a: Chi-Yu|Chi-Yu, L50|100/100
|switch|p2b: Groudon|Groudon, L50|100/100
|-fieldstart|move: Electric Terrain|[from] ability: Hadron Engine|[of] p1a: Miraidon
|-ability|p2a: Chi-Yu|Beads of Ruin
|-weather|SunnyDay|[from] ability: Drought|[of] p2b: Groudon
|turn|1
|
|t:|1750851454
|move|p1a: Miraidon|Draco Meteor|p2b: Groudon
|-damage|p2b: Groudon|27/100
|-unboost|p1a: Miraidon|spa|2
|move|p2a: Chi-Yu|Heat Wave|p1a: Miraidon|[spread] p1a,p1b
|-resisted|p1a: Miraidon
|-damage|p1a: Miraidon|69/100
|-damage|p1b: Grimmsnarl|4/100
|move|p2b: Groudon|Precipice Blades|p1b: Grimmsnarl|[spread] 
|-miss|p2b: Groudon|p1a: Miraidon
|-miss|p2b: Groudon|p1b: Grimmsnarl
|move|p1b: Grimmsnarl|Foul Play|p2b: Groudon
|-damage|p2b: Groudon|0 fnt
|faint|p2b: Groudon
|
|-weather|SunnyDay|[upkeep]
|upkeep
|
|t:|1750851474
|switch|p2b: Flutter Mane|Flutter Mane, L50|100/100
|-activate|p2b: Flutter Mane|ability: Protosynthesis
|-start|p2b: Flutter Mane|protosynthesisspe
|turn|2
|
|t:|1750851481
|move|p1b: Grimmsnarl|Light Screen|p1b: Grimmsnarl
|-sidestart|p1: magyomi|move: Light Screen
|move|p1a: Miraidon|Draco Meteor|p2a: Chi-Yu
|-damage|p2a: Chi-Yu|55/100
|-unboost|p1a: Miraidon|spa|2
|move|p2b: Flutter Mane|Moonblast|p1a: Miraidon
|-supereffective|p1a: Miraidon
|-damage|p1a: Miraidon|0 fnt
|faint|p1a: Miraidon
|move|p2a: Chi-Yu|Heat Wave|p1b: Grimmsnarl
|-damage|p1b: Grimmsnarl|0 fnt
|faint|p1b: Grimmsnarl
|
|-weather|SunnyDay|[upkeep]
|upkeep
|
|t:|1750851497
|switch|p1a: Volcarona|Volcarona, L50, M|100/100
|switch|p1b: Calyrex|Calyrex-Ice, L50|100/100
|-ability|p1b: Calyrex|As One
|-ability|p1b: Calyrex|Unnerve
|turn|3
|
|t:|1750851512
|-terastallize|p1b: Calyrex|Water
|move|p2b: Flutter Mane|Shadow Ball|p1a: Volcarona
|-damage|p1a: Volcarona|65/100
|move|p2a: Chi-Yu|Heat Wave|p1a: Volcarona|[spread] p1a,p1b
|-resisted|p1b: Calyrex
|-damage|p1a: Volcarona|17/100
|-damage|p1b: Calyrex|84/100
|move|p1a: Volcarona|Flamethrower|p2b: Flutter Mane
|-damage|p2b: Flutter Mane|7/100
|move|p1b: Calyrex|Trick Room|p1b: Calyrex
|-fieldstart|move: Trick Room|[of] p1b: Calyrex
|
|-weather|SunnyDay|[upkeep]
|upkeep
|turn|4
|
|t:|1750851533
|-end|p2b: Flutter Mane|Protosynthesis|[silent]
|switch|p2b: Zamazenta|Zamazenta-Crowned, L50|100/100
|-ability|p2b: Zamazenta|Dauntless Shield|boost
|-boost|p2b: Zamazenta|def|1
|move|p1b: Calyrex|Glacial Lance|p2a: Chi-Yu|[spread] p2a,p2b
|-resisted|p2a: Chi-Yu
|-resisted|p2b: Zamazenta
|-damage|p2a: Chi-Yu|16/100
|-damage|p2b: Zamazenta|92/100
|move|p1a: Volcarona|Flamethrower|p2a: Chi-Yu
|-resisted|p2a: Chi-Yu
|-damage|p2a: Chi-Yu|0 fnt
|faint|p2a: Chi-Yu
|
|-weather|SunnyDay|[upkeep]
|upkeep
|
|t:|1750851548
|switch|p2a: Flutter Mane|Flutter Mane, L50|7/100
|-activate|p2a: Flutter Mane|ability: Protosynthesis
|-start|p2a: Flutter Mane|protosynthesisspe
|turn|5
|
|t:|1750851555
|move|p2b: Zamazenta|Protect|p2b: Zamazenta
|-singleturn|p2b: Zamazenta|Protect
|move|p2a: Flutter Mane|Protect|p2a: Flutter Mane
|-singleturn|p2a: Flutter Mane|Protect
|move|p1b: Calyrex|High Horsepower|p2a: Flutter Mane
|-activate|p2a: Flutter Mane|move: Protect
|move|p1a: Volcarona|Flamethrower|p2b: Zamazenta
|-activate|p2b: Zamazenta|move: Protect
|
|-weather|none
|-end|p2a: Flutter Mane|Protosynthesis
|-fieldend|move: Electric Terrain
|upkeep
|turn|6
|
|t:|1750851585
|-terastallize|p2b: Zamazenta|Water
|move|p1b: Calyrex|High Horsepower|p2a: Flutter Mane
|-damage|p2a: Flutter Mane|0 fnt
|faint|p2a: Flutter Mane
|-end|p2a: Flutter Mane|Protosynthesis|[silent]
|-ability|p1b: Calyrex|Chilling Neigh|boost
|-boost|p1b: Calyrex|atk|1
|move|p1a: Volcarona|Flamethrower|p2b: Zamazenta
|-resisted|p2b: Zamazenta
|-damage|p2b: Zamazenta|77/100
|move|p2b: Zamazenta|Body Press|p1a: Volcarona
|-resisted|p1a: Volcarona
|-damage|p1a: Volcarona|0 fnt
|-damage|p2b: Zamazenta|61/100|[from] item: Rocky Helmet|[of] p1a: Volcarona
|faint|p1a: Volcarona
|
|-sideend|p1: magyomi|move: Light Screen
|upkeep
|turn|7
|
|t:|1750851605
|move|p1b: Calyrex|High Horsepower|p2b: Zamazenta
|-damage|p2b: Zamazenta|39/100
|move|p2b: Zamazenta|Body Press|p1b: Calyrex
|-damage|p1b: Calyrex|36/100
|
|-fieldend|move: Trick Room
|upkeep
|turn|8
|-message|magyomi forfeited.
|
|win|Blinding Fires
|raw|magyomi's rating: 1645 &rarr; <strong>1620</strong><br />(-25 for losing)
|raw|Blinding Fires's rating: 1558 &rarr; <strong>1583</strong><br />(+25 for winning)
|l|☆magyomi
|player|p1|
