|j|☆ClumbsyLilBeach
|j|☆NegaiFreak
|t:|1750791017
|gametype|doubles
|player|p1|ClumbsyLilBeach|jasmine|1352
|player|p2|NegaiFreak|169|1425
|teamsize|p1|6
|teamsize|p2|6
|gen|9
|tier|[Gen 9] VGC 2025 Reg I
|rated|
|rule|Species Clause: Limit one of each Pokémon
|rule|Item Clause: Limit 1 of each item
|clearpoke
|poke|p1|Chien-Pao, L50|
|poke|p1|Koraidon, L50|
|poke|p1|Ho-Oh, L50|
|poke|p1|Dragonite, L50, M|
|poke|p1|Empoleon, L50, M|
|poke|p1|Whimsicott, L50, M|
|poke|p2|Lunala, L50|
|poke|p2|Koraidon, L50|
|poke|p2|Flutter Mane, L50|
|poke|p2|Farigiraf, L50, F|
|poke|p2|Incineroar, L50, M|
|poke|p2|Rillaboom, L50, M|
|teampreview|4
|inactive|Battle timer is ON: inactive players will automatically lose when time's up. (requested by ClumbsyLilBeach)
NegaiFreak has agreed to open team sheets.
|c|☆NegaiFreak|GLHF
|
|t:|1750791046
|start
|switch|p1a: Whimsicott|Whimsicott, L50, M|100/100
|switch|p1b: Empoleon|Empoleon, L50, M|100/100
|switch|p2a: Flutter Mane|Flutter Mane, L50|100/100
|switch|p2b: Lunala|Lunala, L50|100/100
|turn|1
|inactive|ClumbsyLilBeach has 30 seconds left.
|inactive|NegaiFreak has 30 seconds left.
|
|t:|1750791079
|move|p2a: Flutter Mane|Moonblast|p1a: Whimsicott
|-damage|p1a: Whimsicott|47/100
|move|p1a: Whimsicott|Moonblast|p2a: Flutter Mane
|-damage|p2a: Flutter Mane|71/100
|move|p2b: Lunala|Calm Mind|p2b: Lunala
|-boost|p2b: Lunala|spa|1
|-boost|p2b: Lunala|spd|1
|move|p1b: Empoleon|Yawn|p2b: Lunala
|-start|p2b: Lunala|move: Yawn|[of] p1b: Empoleon
|
|upkeep
|turn|2
|inactive|ClumbsyLilBeach has 30 seconds left.
|
|t:|1750791110
|switch|p1a: Ho-Oh|Ho-Oh, L50|100/100
|switch|p2b: Farigiraf|Farigiraf, L50, F|100/100
|move|p2a: Flutter Mane|Moonblast|p1a: Ho-Oh
|-resisted|p1a: Ho-Oh
|-damage|p1a: Ho-Oh|86/100
|move|p1b: Empoleon|Water Pledge|p2a: Flutter Mane
|-damage|p2a: Flutter Mane|34/100
|
|upkeep
|turn|3
|
|t:|1750791131
|move|p1b: Empoleon|Protect|p1b: Empoleon
|-singleturn|p1b: Empoleon|Protect
|move|p2a: Flutter Mane|Shadow Ball|p1a: Ho-Oh
|-damage|p1a: Ho-Oh|62/100
|move|p1a: Ho-Oh|Earthquake|p2b: Farigiraf|[spread] p2a,p2b
|-activate|p1b: Empoleon|move: Protect
|-damage|p2a: Flutter Mane|0 fnt
|-damage|p2b: Farigiraf|78/100
|faint|p2a: Flutter Mane
|-end|p2a: Flutter Mane|Protosynthesis|[silent]
|move|p2b: Farigiraf|Hyper Voice|p1a: Ho-Oh|[spread] p1a
|-activate|p1b: Empoleon|move: Protect
|-damage|p1a: Ho-Oh|47/100
|-enditem|p2b: Farigiraf|Throat Spray
|-boost|p2b: Farigiraf|spa|1|[from] item: Throat Spray
|
|upkeep
|
|t:|1750791153
|switch|p2a: Lunala|Lunala, L50|100/100
|turn|4
|
|t:|1750791165
|move|p1a: Ho-Oh|Protect|p1a: Ho-Oh
|-singleturn|p1a: Ho-Oh|Protect
|move|p2a: Lunala|Moongeist Beam|p1b: Empoleon
|-damage|p1b: Empoleon|54/100
|move|p2b: Farigiraf|Psychic|p1b: Empoleon
|-resisted|p1b: Empoleon
|-damage|p1b: Empoleon|32/100
|move|p1b: Empoleon|Yawn|p2a: Lunala
|-start|p2a: Lunala|move: Yawn|[of] p1b: Empoleon
|
|upkeep
|turn|5
|
|t:|1750791184
|switch|p2a: Koraidon|Koraidon, L50|100/100
|-weather|SunnyDay|[from] ability: Orichalcum Pulse|[of] p2a: Koraidon
|-activate|p2a: Koraidon|Orichalcum Pulse|[source]
|switch|p1a: Whimsicott|Whimsicott, L50, M|47/100
|move|p1b: Empoleon|Protect|p1b: Empoleon
|-singleturn|p1b: Empoleon|Protect
|move|p2b: Farigiraf|Psychic|p1a: Whimsicott
|-damage|p1a: Whimsicott|0 fnt
|faint|p1a: Whimsicott
|
|-weather|SunnyDay|[upkeep]
|upkeep
|
|t:|1750791203
|switch|p1a: Ho-Oh|Ho-Oh, L50|80/100
|turn|6
|
|t:|1750791220
|-terastallize|p2a: Koraidon|Fire
|move|p2a: Koraidon|Flame Charge|p1b: Empoleon
|-damage|p1b: Empoleon|0 fnt
|-boost|p2a: Koraidon|spe|1
|faint|p1b: Empoleon
|-damage|p2a: Koraidon|91/100|[from] item: Life Orb
|move|p1a: Ho-Oh|Brave Bird|p2a: Koraidon
|-damage|p2a: Koraidon|32/100
|-damage|p1a: Ho-Oh|64/100|[from] Recoil
|move|p2b: Farigiraf|Psychic|p1a: Ho-Oh
|-damage|p1a: Ho-Oh|33/100
|
|-weather|SunnyDay|[upkeep]
|upkeep
|
|t:|1750791236
|switch|p1b: Koraidon|Koraidon, L50|100/100
|-activate|p1b: Koraidon|ability: Orichalcum Pulse
|turn|7
|
|t:|1750791246
|move|p1b: Koraidon|Protect|p1b: Koraidon
|-singleturn|p1b: Koraidon|Protect
|move|p2a: Koraidon|Close Combat|p1b: Koraidon
|-activate|p1b: Koraidon|move: Protect
|move|p1a: Ho-Oh|Earthquake|p2a: Koraidon|[spread] p2a,p2b
|-activate|p1b: Koraidon|move: Protect
|-supereffective|p2a: Koraidon
|-damage|p2a: Koraidon|0 fnt
|-damage|p2b: Farigiraf|54/100
|faint|p2a: Koraidon
|move|p2b: Farigiraf|Psychic|p1a: Ho-Oh
|-damage|p1a: Ho-Oh|3/100
|
|-weather|SunnyDay|[upkeep]
|upkeep
|
|t:|1750791261
|switch|p2a: Lunala|Lunala, L50|100/100
|turn|8
|
|t:|1750791277
|-terastallize|p1b: Koraidon|Fire
|move|p1b: Koraidon|Flare Blitz|p2b: Farigiraf
|-damage|p2b: Farigiraf|0 fnt
|faint|p2b: Farigiraf
|-damage|p1b: Koraidon|78/100|[from] Recoil
|-damage|p1b: Koraidon|68/100|[from] item: Life Orb
|move|p2a: Lunala|Moongeist Beam|p1a: Ho-Oh
|-damage|p1a: Ho-Oh|0 fnt
|faint|p1a: Ho-Oh
|
|-weather|SunnyDay|[upkeep]
|upkeep
|turn|9
|
|t:|1750791295
|move|p2a: Lunala|Protect|p2a: Lunala
|-singleturn|p2a: Lunala|Protect
|move|p1b: Koraidon|Flame Charge|p2a: Lunala
|-activate|p2a: Lunala|move: Protect
|
|-weather|none
|upkeep
|turn|10
|
|t:|1750791306
|move|p1b: Koraidon|Flare Blitz|p2a: Lunala
|-damage|p2a: Lunala|70/100
|-damage|p1b: Koraidon|56/100|[from] Recoil
|-damage|p1b: Koraidon|46/100|[from] item: Life Orb
|move|p2a: Lunala|Moongeist Beam|p1b: Koraidon
|-damage|p1b: Koraidon|0 fnt
|faint|p1b: Koraidon
|
|win|NegaiFreak
|raw|ClumbsyLilBeach's rating: 1352 &rarr; <strong>1336</strong><br />(-16 for losing)
|raw|NegaiFreak's rating: 1425 &rarr; <strong>1441</strong><br />(+16 for winning)
|l|☆ClumbsyLilBeach
|player|p1|
|c|☆NegaiFreak|GG, WP
