|j|☆erik311
|j|☆Ronnoc02
|t:|1750717351
|gametype|doubles
|player|p1|erik311|elesa-masters|1438
|player|p2|Ronnoc02|102|1489
|teamsize|p1|6
|teamsize|p2|6
|gen|9
|tier|[Gen 9] VGC 2025 Reg I
|rated|
|rule|Species Clause: Limit one of each Pokémon
|rule|Item Clause: Limit 1 of each item
|clearpoke
|poke|p1|Calyrex-Ice, L50|
|poke|p1|Miraidon, L50|
|poke|p1|Volcarona, L50, M|
|poke|p1|Ogerpon-Cornerstone, L50, F|
|poke|p1|Whimsicott, L50, M|
|poke|p1|Incineroar, L50, F|
|poke|p2|Rayquaza, L50|
|poke|p2|Lunala, L50|
|poke|p2|Weezing-Galar, L50, F|
|poke|p2|Chi-Yu, L50|
|poke|p2|Ogerpon-Hearthflame, L50, F|
|poke|p2|Urshifu-*, L50, M|
|teampreview|4
|inactive|Battle timer is ON: inactive players will automatically lose when time's up. (requested by erik311)
erik311 has agreed to open team sheets.
|inactive|erik311 has 60 seconds left.
|inactive|Ronnoc02 has 60 seconds left.
|
|t:|1750717403
|start
|switch|p1a: Calyrex|Calyrex-Ice, L50|100/100
|switch|p1b: Ogerpon|Ogerpon-Cornerstone, L50, F|100/100
|switch|p2a: Rayquaza|Rayquaza, L50, shiny|100/100
|switch|p2b: Weezing|Weezing-Galar, L50, F, shiny|100/100
|-ability|p2b: Weezing|Neutralizing Gas
|-ability|p1a: Calyrex|As One
|-ability|p1a: Calyrex|Unnerve
|turn|1
|
|t:|1750717420
|-terastallize|p2a: Rayquaza|Normal
|move|p1b: Ogerpon|Follow Me|p1b: Ogerpon
|-singleturn|p1b: Ogerpon|move: Follow Me
|move|p2a: Rayquaza|Swords Dance|p2a: Rayquaza
|-boost|p2a: Rayquaza|atk|2
|move|p2b: Weezing|Will-O-Wisp|p1b: Ogerpon
|-status|p1b: Ogerpon|brn
|move|p1a: Calyrex|Glacial Lance|p2b: Weezing|[spread] p2a,p2b
|-damage|p2a: Rayquaza|46/100
|-damage|p2b: Weezing|55/100
|
|-heal|p2b: Weezing|61/100|[from] item: Leftovers
|-damage|p1b: Ogerpon|95/100 brn|[from] brn
|upkeep
|turn|2
|inactive|Ronnoc02 has 30 seconds left.
|
|t:|1750717446
|move|p2a: Rayquaza|Protect|p2a: Rayquaza
|-singleturn|p2a: Rayquaza|Protect
|move|p1b: Ogerpon|Follow Me|p1b: Ogerpon
|-singleturn|p1b: Ogerpon|move: Follow Me
|move|p2b: Weezing|Taunt|p1b: Ogerpon
|-start|p1b: Ogerpon|move: Taunt
|move|p1a: Calyrex|Glacial Lance|p2a: Rayquaza|[spread] p2b
|-activate|p2a: Rayquaza|move: Protect
|-damage|p2b: Weezing|7/100
|
|-heal|p2b: Weezing|13/100|[from] item: Leftovers
|-damage|p1b: Ogerpon|89/100 brn|[from] brn
|upkeep
|turn|3
|
|t:|1750717464
|switch|p1b: Incineroar|Incineroar, L50, F|100/100
|move|p1a: Calyrex|Protect|p1a: Calyrex
|-singleturn|p1a: Calyrex|Protect
|move|p2a: Rayquaza|Dragon Ascent|p1a: Calyrex
|-activate|p1a: Calyrex|move: Protect
|move|p2b: Weezing|Sludge Bomb|p1b: Incineroar
|-damage|p1b: Incineroar|84/100
|-status|p1b: Incineroar|psn
|
|-heal|p2b: Weezing|19/100|[from] item: Leftovers
|-damage|p1b: Incineroar|72/100 psn|[from] psn
|upkeep
|turn|4
|
|t:|1750717483
|switch|p1b: Ogerpon|Ogerpon-Cornerstone, L50, F|89/100 brn
|move|p2a: Rayquaza|Protect|p2a: Rayquaza
|-singleturn|p2a: Rayquaza|Protect
|move|p2b: Weezing|Taunt|p1a: Calyrex
|-start|p1a: Calyrex|move: Taunt
|move|p1a: Calyrex|Glacial Lance|p2a: Rayquaza|[spread] p2b
|-activate|p2a: Rayquaza|move: Protect
|-damage|p2b: Weezing|0 fnt
|faint|p2b: Weezing
|-end|p2b: Weezing|ability: Neutralizing Gas
|-ability|p1a: Calyrex|Chilling Neigh|boost
|-boost|p1a: Calyrex|atk|1
|
|-damage|p1b: Ogerpon|83/100 brn|[from] brn
|upkeep
|
|t:|1750717499
|switch|p2b: Chi-Yu|Chi-Yu, L50|100/100
|-ability|p2b: Chi-Yu|Beads of Ruin
|turn|5
|
|t:|1750717507
|-terastallize|p1a: Calyrex|Water
|move|p1b: Ogerpon|Follow Me|p1b: Ogerpon
|-singleturn|p1b: Ogerpon|move: Follow Me
|move|p2b: Chi-Yu|Overheat|p1b: Ogerpon
|-damage|p1b: Ogerpon|0 fnt
|-unboost|p2b: Chi-Yu|spa|2
|faint|p1b: Ogerpon
|move|p2a: Rayquaza|Dragon Ascent|p1a: Calyrex
|-damage|p1a: Calyrex|0 fnt
|-unboost|p2a: Rayquaza|def|1
|-unboost|p2a: Rayquaza|spd|1
|faint|p1a: Calyrex
|-damage|p2a: Rayquaza|37/100|[from] item: Life Orb
|
|upkeep
|
|t:|1750717520
|switch|p1b: Miraidon|Miraidon, L50|100/100
|switch|p1a: Incineroar|Incineroar, L50, F|72/100 psn
|-fieldstart|move: Electric Terrain|[from] ability: Hadron Engine|[of] p1b: Miraidon
|-ability|p1a: Incineroar|Intimidate|boost
|-unboost|p2a: Rayquaza|atk|1
|-unboost|p2b: Chi-Yu|atk|1
|turn|6
|
|t:|1750717531
|switch|p2b: Lunala|Lunala, L50|100/100
|move|p2a: Rayquaza|Protect|p2a: Rayquaza
|-singleturn|p2a: Rayquaza|Protect
|move|p1a: Incineroar|Fake Out|p2b: Lunala
|-immune|p2b: Lunala
|move|p1b: Miraidon|Electro Drift|p2b: Lunala
|-damage|p2b: Lunala|42/100
|
|-damage|p1a: Incineroar|59/100 psn|[from] psn
|upkeep
|turn|7
|inactive|Ronnoc02 has 30 seconds left.
|
|t:|1750717562
|move|p2a: Rayquaza|Extreme Speed|p1a: Incineroar
|-damage|p1a: Incineroar|0 fnt
|faint|p1a: Incineroar
|-damage|p2a: Rayquaza|27/100|[from] item: Life Orb
|move|p1b: Miraidon|Electro Drift|p2a: Rayquaza
|-damage|p2a: Rayquaza|0 fnt
|faint|p2a: Rayquaza
|move|p2b: Lunala|Tailwind|p2b: Lunala
|-sidestart|p2: Ronnoc02|move: Tailwind
|
|upkeep
|
|t:|1750717575
|switch|p2a: Chi-Yu|Chi-Yu, L50|100/100
|-ability|p2a: Chi-Yu|Beads of Ruin
|turn|8
|
|t:|1750717582
|move|p2a: Chi-Yu|Dark Pulse|p1b: Miraidon
|-damage|p1b: Miraidon|52/100
|move|p2b: Lunala|Moonblast|p1b: Miraidon
|-supereffective|p1b: Miraidon
|-damage|p1b: Miraidon|0 fnt
|faint|p1b: Miraidon
|
|win|Ronnoc02
|raw|erik311's rating: 1438 &rarr; <strong>1421</strong><br />(-17 for losing)
|raw|Ronnoc02's rating: 1489 &rarr; <strong>1506</strong><br />(+17 for winning)
|c|☆Ronnoc02|Gg
