|j|☆LadyofTheTesting
|j|☆Itz_Ultra
|t:|1750744052
|gametype|doubles
|player|p1|LadyofTheTesting|infielder|1233
|player|p2|Itz_Ultra|lucas|1389
|teamsize|p1|6
|teamsize|p2|6
|gen|9
|tier|[Gen 9] VGC 2025 Reg I
|rated|
|rule|Species Clause: Limit one of each Pokémon
|rule|Item Clause: Limit 1 of each item
|clearpoke
|poke|p1|Chien-Pao, L50|
|poke|p1|Zamazenta-*, L50|
|poke|p1|Annihilape, L50, M|
|poke|p1|Roaring Moon, L50|
|poke|p1|Koraidon, L50|
|poke|p1|Walking Wake, L50|
|poke|p2|Calyrex-Shadow, L50|
|poke|p2|Weezing-Galar, L50, M|
|poke|p2|Dondozo, L50, M|
|poke|p2|Tatsugiri-Droopy, L50, M|
|poke|p2|Chi-Yu, L50|
|poke|p2|Koraidon, L50|
|teampreview|4
|inactive|Battle timer is ON: inactive players will automatically lose when time's up. (requested by LadyofTheTesting)
|inactive|LadyofTheTesting has 60 seconds left.
|inactive|Itz_Ultra has 60 seconds left.
|
|t:|1750744100
|start
|switch|p1a: Zamazenta|Zamazenta-Crowned, L50|100/100
|switch|p1b: Roaring Moon|Roaring Moon, L50|100/100
|switch|p2a: Weezing|Weezing-Galar, L50, M, shiny|100/100
|switch|p2b: Koraidon|Koraidon, L50|100/100
|-ability|p2a: Weezing|Neutralizing Gas
|-block|p2b: Koraidon|item: Ability Shield
|-weather|SunnyDay|[from] ability: Orichalcum Pulse|[of] p2b: Koraidon
|-activate|p2b: Koraidon|Orichalcum Pulse|[source]
|turn|1
|inactive|LadyofTheTesting has 30 seconds left.
|inactive|LadyofTheTesting has 20 seconds left.
|inactive|Itz_Ultra has 30 seconds left.
|
|t:|1750744145
|-terastallize|p1a: Zamazenta|Water
|move|p2b: Koraidon|Protect|p2b: Koraidon
|-singleturn|p2b: Koraidon|Protect
|move|p1b: Roaring Moon|Tailwind|p1b: Roaring Moon
|-sidestart|p1: LadyofTheTesting|move: Tailwind
|move|p1a: Zamazenta|Heavy Slam|p2a: Weezing
|-supereffective|p2a: Weezing
|-crit|p2a: Weezing
|-damage|p2a: Weezing|0 fnt
|faint|p2a: Weezing
|-end|p2a: Weezing|ability: Neutralizing Gas
|-activate|p1b: Roaring Moon|ability: Protosynthesis
|-start|p1b: Roaring Moon|protosynthesisspe
|-ability|p1a: Zamazenta|Dauntless Shield|boost
|-boost|p1a: Zamazenta|def|1
|
|-weather|SunnyDay|[upkeep]
|upkeep
|
|t:|1750744164
|switch|p2a: Dondozo|Dondozo, L50, M|100/100
|turn|2
|
|t:|1750744176
|switch|p2b: Tatsugiri|Tatsugiri-Droopy, L50, M|100/100
|-activate|p2b: Tatsugiri|ability: Commander|[of] p2a: Dondozo
|-boost|p2a: Dondozo|atk|2
|-boost|p2a: Dondozo|spa|2
|-boost|p2a: Dondozo|spe|2
|-boost|p2a: Dondozo|def|2
|-boost|p2a: Dondozo|spd|2
|move|p1b: Roaring Moon|Knock Off|p2a: Dondozo
|-damage|p2a: Dondozo|88/100
|-enditem|p2a: Dondozo|Leftovers|[from] move: Knock Off|[of] p1b: Roaring Moon
|move|p1a: Zamazenta|Body Press|p2a: Dondozo
|-damage|p2a: Dondozo|76/100
|move|p2a: Dondozo|Order Up|p1b: Roaring Moon
|-supereffective|p1b: Roaring Moon
|-damage|p1b: Roaring Moon|21/100
|-boost|p2a: Dondozo|def|1
|
|-weather|SunnyDay|[upkeep]
|upkeep
|turn|3
|
|t:|1750744196
|switch|p1a: Annihilape|Annihilape, L50, M|100/100
|move|p1b: Roaring Moon|Protect|p1b: Roaring Moon
|-singleturn|p1b: Roaring Moon|Protect
|move|p2a: Dondozo|Body Press|p1a: Annihilape
|-immune|p1a: Annihilape
|
|-weather|SunnyDay|[upkeep]
|upkeep
|turn|4
|
|t:|1750744211
|move|p1b: Roaring Moon|Acrobatics|p2b: Tatsugiri|[miss]
|-miss|p1b: Roaring Moon|p2b: Tatsugiri
|move|p1a: Annihilape|Final Gambit|p2a: Dondozo
|-damage|p2a: Dondozo|0 fnt
|faint|p1a: Annihilape
|faint|p2a: Dondozo
|
|-weather|SunnyDay|[upkeep]
|-sideend|p1: LadyofTheTesting|move: Tailwind
|upkeep
|
|t:|1750744220
|switch|p1a: Walking Wake|Walking Wake, L50|100/100
|switch|p2a: Koraidon|Koraidon, L50|100/100
|-activate|p2a: Koraidon|ability: Orichalcum Pulse
|-activate|p1a: Walking Wake|ability: Protosynthesis
|-start|p1a: Walking Wake|protosynthesisspe
|turn|5
|
|t:|1750744240
|-terastallize|p2a: Koraidon|Fire
|move|p1a: Walking Wake|Dragon Pulse|p2b: Tatsugiri
|-supereffective|p2b: Tatsugiri
|-damage|p2b: Tatsugiri|0 fnt
|faint|p2b: Tatsugiri
|-damage|p1a: Walking Wake|91/100|[from] item: Life Orb
|move|p1b: Roaring Moon|Tailwind|p1b: Roaring Moon
|-sidestart|p1: LadyofTheTesting|move: Tailwind
|move|p2a: Koraidon|Dragon Claw|p1a: Walking Wake
|-supereffective|p1a: Walking Wake
|-damage|p1a: Walking Wake|0 fnt
|faint|p1a: Walking Wake
|-end|p1a: Walking Wake|Protosynthesis|[silent]
|
|-weather|none
|-end|p1b: Roaring Moon|Protosynthesis
|upkeep
|-enditem|p1b: Roaring Moon|Booster Energy
|-activate|p1b: Roaring Moon|ability: Protosynthesis|[fromitem]
|-start|p1b: Roaring Moon|protosynthesisspe
|
|t:|1750744255
|switch|p1a: Zamazenta|Zamazenta-Crowned, L50, tera:Water|100/100
|turn|6
|
|t:|1750744272
|move|p1b: Roaring Moon|Knock Off|p2a: Koraidon
|-damage|p2a: Koraidon|62/100
|-enditem|p2a: Koraidon|Ability Shield|[from] move: Knock Off|[of] p1b: Roaring Moon
|move|p1a: Zamazenta|Body Press|p2a: Koraidon
|-damage|p2a: Koraidon|24/100
|move|p2a: Koraidon|Collision Course|p1a: Zamazenta
|-damage|p1a: Zamazenta|69/100
|
|upkeep
|turn|7
|-message|Itz_Ultra forfeited.
|
|win|LadyofTheTesting
|raw|LadyofTheTesting's rating: 1233 &rarr; <strong>1269</strong><br />(+36 for winning)
|raw|Itz_Ultra's rating: 1389 &rarr; <strong>1361</strong><br />(-28 for losing)
|l|☆Itz_Ultra
|player|p2|
