|j|☆phoenix of rage
|j|☆pokemonmastern2009
|t:|1750855379
|gametype|doubles
|player|p1|phoenix of rage|birdkeeper-gen4dp|1491
|player|p2|pokemonmastern2009|steven|1571
|teamsize|p1|6
|teamsize|p2|6
|gen|9
|tier|[Gen 9] VGC 2025 Reg I
|rated|
|rule|Species Clause: Limit one of each Pokémon
|rule|Item Clause: Limit 1 of each item
|clearpoke
|poke|p1|Kyogre, L50|
|poke|p1|Archaludon, L50, M|
|poke|p1|Miraidon, L50|
|poke|p1|Farigiraf, L50, F|
|poke|p1|Flutter Mane, L50|
|poke|p1|Pelipper, L50, F|
|poke|p2|Calyrex-Ice, L50|
|poke|p2|Smeargle, L50, M|
|poke|p2|Kyogre, L50|
|poke|p2|Farigiraf, L50, M|
|poke|p2|Amoonguss, L50, M|
|poke|p2|Rillaboom, L50, M|
|teampreview|4
|inactive|Battle timer is ON: inactive players will automatically lose when time's up. (requested by phoenix of rage)
|inactive|pokemonmastern2009 has 60 seconds left.
|inactive|pokemonmastern2009 has 30 seconds left.
pokemonmastern2009 has agreed to open team sheets.
|
|t:|1750855444
|start
|switch|p1a: Kyogre|Kyogre, L50|100/100
|switch|p1b: Archaludon|Archaludon, L50, M|100/100
|switch|p2a: Mr. Metro Booming|Rillaboom, L50, M|100/100
|switch|p2b: Mr. Rider|Calyrex-Ice, L50|100/100
|-ability|p2b: Mr. Rider|As One
|-ability|p2b: Mr. Rider|Unnerve
|-weather|RainDance|[from] ability: Drizzle|[of] p1a: Kyogre
|-fieldstart|move: Grassy Terrain|[from] ability: Grassy Surge|[of] p2a: Mr. Metro Booming
|turn|1
|inactive|phoenix of rage has 30 seconds left.
|
|t:|1750855478
|switch|p1a: Farigiraf|Farigiraf, L50, F|100/100
|move|p2a: Mr. Metro Booming|Fake Out||[still]
|cant|p1a: Farigiraf|ability: Armor Tail|Fake Out|[of] p2a: Mr. Metro Booming
|move|p1b: Archaludon|Flash Cannon|p2b: Mr. Rider
|-supereffective|p2b: Mr. Rider
|-damage|p2b: Mr. Rider|43/100
|move|p2b: Mr. Rider|Trick Room|p2b: Mr. Rider
|-fieldstart|move: Trick Room|[of] p2b: Mr. Rider
|
|-weather|RainDance|[upkeep]
|-heal|p2b: Mr. Rider|49/100|[from] Grassy Terrain
|upkeep
|turn|2
|
|t:|1750855494
|move|p2b: Mr. Rider|Glacial Lance|p1b: Archaludon|[spread] p1a,p1b
|-damage|p1a: Farigiraf|52/100
|-damage|p1b: Archaludon|50/100
|move|p2a: Mr. Metro Booming|Wood Hammer|p1a: Farigiraf
|-damage|p1a: Farigiraf|0 fnt
|faint|p1a: Farigiraf
|-damage|p2a: Mr. Metro Booming|81/100|[from] Recoil
|move|p1b: Archaludon|Flash Cannon|p2b: Mr. Rider
|-supereffective|p2b: Mr. Rider
|-damage|p2b: Mr. Rider|0 fnt
|faint|p2b: Mr. Rider
|
|-weather|RainDance|[upkeep]
|-heal|p2a: Mr. Metro Booming|87/100|[from] Grassy Terrain
|-heal|p1b: Archaludon|56/100|[from] Grassy Terrain
|upkeep
|
|t:|1750855509
|switch|p2b: Mr. Whalelord|Kyogre, L50|100/100
|switch|p1a: Miraidon|Miraidon, L50|100/100
|-fieldstart|move: Electric Terrain|[from] ability: Hadron Engine|[of] p1a: Miraidon
|turn|3
|
|t:|1750855527
|switch|p2b: Mr. Snoopy|Smeargle, L50, M, shiny|100/100
|move|p2a: Mr. Metro Booming|U-turn|p1a: Miraidon
|-damage|p1a: Miraidon|76/100
|
|t:|1750855531
|switch|p2a: Mr. Whalelord|Kyogre, L50|100/100|[from] U-turn
|move|p1a: Miraidon|Volt Switch|p2b: Mr. Snoopy
|-enditem|p2b: Mr. Snoopy|Focus Sash
|-damage|p2b: Mr. Snoopy|1/100
|
|t:|1750855541
|switch|p1a: Kyogre|Kyogre, L50|100/100|[from] Volt Switch
|move|p1b: Archaludon|Flash Cannon|p2a: Mr. Whalelord
|-resisted|p2a: Mr. Whalelord
|-damage|p2a: Mr. Whalelord|86/100
|-unboost|p2a: Mr. Whalelord|spd|1
|
|-weather|RainDance|[upkeep]
|upkeep
|turn|4
|
|t:|1750855553
|move|p2a: Mr. Whalelord|Water Spout|p1b: Archaludon|[spread] p1a,p1b
|-resisted|p1a: Kyogre
|-resisted|p1b: Archaludon
|-damage|p1a: Kyogre|83/100
|-damage|p1b: Archaludon|0 fnt
|faint|p1b: Archaludon
|move|p2b: Mr. Snoopy|Decorate|p2a: Mr. Whalelord
|-boost|p2a: Mr. Whalelord|atk|2
|-boost|p2a: Mr. Whalelord|spa|2
|move|p1a: Kyogre|Thunder|p2a: Mr. Whalelord
|-supereffective|p2a: Mr. Whalelord
|-damage|p2a: Mr. Whalelord|0 fnt
|faint|p2a: Mr. Whalelord
|
|-weather|RainDance|[upkeep]
|upkeep
|
|t:|1750855565
|switch|p2a: Mr. Metro Booming|Rillaboom, L50, M|87/100
|switch|p1b: Miraidon|Miraidon, L50|76/100
|-fieldstart|move: Grassy Terrain|[from] ability: Grassy Surge|[of] p2a: Mr. Metro Booming
|-fieldstart|move: Electric Terrain|[from] ability: Hadron Engine|[of] p1b: Miraidon
|turn|5
|
|t:|1750855573
|-terastallize|p1b: Miraidon|Fairy
|move|p2b: Mr. Snoopy|Decorate|p2a: Mr. Metro Booming
|-boost|p2a: Mr. Metro Booming|atk|2
|-boost|p2a: Mr. Metro Booming|spa|2
|move|p2a: Mr. Metro Booming|Wood Hammer|p1b: Miraidon
|-damage|p1b: Miraidon|0 fnt
|faint|p1b: Miraidon
|-damage|p2a: Mr. Metro Booming|66/100|[from] Recoil
|move|p1a: Kyogre|Ice Beam|p2a: Mr. Metro Booming
|-supereffective|p2a: Mr. Metro Booming
|-damage|p2a: Mr. Metro Booming|12/100
|
|-weather|none
|-fieldend|move: Trick Room
|upkeep
|turn|6
|inactive|phoenix of rage has 30 seconds left.
|
|t:|1750855599
|move|p2b: Mr. Snoopy|Follow Me|p2b: Mr. Snoopy
|-singleturn|p2b: Mr. Snoopy|move: Follow Me
|move|p1a: Kyogre|Water Spout|p2b: Mr. Snoopy|[spread] p2a,p2b
|-resisted|p2a: Mr. Metro Booming
|-damage|p2a: Mr. Metro Booming|0 fnt
|-damage|p2b: Mr. Snoopy|0 fnt
|faint|p2a: Mr. Metro Booming
|faint|p2b: Mr. Snoopy
|
|win|phoenix of rage
|raw|phoenix of rage's rating: 1491 &rarr; <strong>1516</strong><br />(+25 for winning)
|raw|pokemonmastern2009's rating: 1571 &rarr; <strong>1546</strong><br />(-25 for losing)
|l|☆pokemonmastern2009
|player|p2|
|l|☆phoenix of rage
|player|p1|
