|j|☆Slowpoke Well YT
|j|☆vinicio499
|t:|1750874645
|gametype|doubles
|player|p1|Slowpoke Well YT|ethan|1485
|player|p2|vinicio499|dawn|1443
|teamsize|p1|6
|teamsize|p2|6
|gen|9
|tier|[Gen 9] VGC 2025 Reg I
|rated|
|rule|Species Clause: Limit one of each Pokémon
|rule|Item Clause: Limit 1 of each item
|clearpoke
|poke|p1|Swanna, L50, F|
|poke|p1|Kyogre, L50|
|poke|p1|Zacian-*, L50|
|poke|p1|Landorus, L50, M|
|poke|p1|Urshifu-*, L50, F|
|poke|p1|Raging Bolt, L50|
|poke|p2|Miraidon, L50|
|poke|p2|Calyrex-Ice, L50|
|poke|p2|Stonjourner, L50, M|
|poke|p2|Farigiraf, L50, F|
|poke|p2|Incineroar, L50, F|
|poke|p2|Enamorus-Therian, L50, F|
|teampreview|4
|inactive|Battle timer is ON: inactive players will automatically lose when time's up. (requested by vinicio499)
|inactive|Slowpoke Well YT also wants the timer to be on.
|inactive|vinicio499 has 60 seconds left.
|
|t:|1750874699
|start
|switch|p1a: Kyogre|Kyogre, L50|100/100
|switch|p1b: Zacian|Zacian-Crowned, L50|100/100
|switch|p2a: Incineroar|Incineroar, L50, F|100/100
|switch|p2b: Calyrex|Calyrex-Ice, L50|100/100
|-ability|p2b: Calyrex|As One
|-ability|p2b: Calyrex|Unnerve
|-ability|p1b: Zacian|Intrepid Sword|boost
|-boost|p1b: Zacian|atk|1
|-weather|RainDance|[from] ability: Drizzle|[of] p1a: Kyogre
|-ability|p2a: Incineroar|Intimidate|boost
|-unboost|p1a: Kyogre|atk|1
|-unboost|p1b: Zacian|atk|1
|turn|1
|
|t:|1750874722
|-terastallize|p2b: Calyrex|Fire
|move|p2a: Incineroar|Fake Out|p1a: Kyogre
|-damage|p1a: Kyogre|88/100
|move|p1b: Zacian|Behemoth Blade|p2b: Calyrex
|-resisted|p2b: Calyrex
|-damage|p2b: Calyrex|84/100
|cant|p1a: Kyogre|flinch
|move|p2b: Calyrex|Trick Room|p2b: Calyrex
|-fieldstart|move: Trick Room|[of] p2b: Calyrex
|
|-weather|RainDance|[upkeep]
|upkeep
|turn|2
|
|t:|1750874735
|move|p2b: Calyrex|Protect|p2b: Calyrex
|-singleturn|p2b: Calyrex|Protect
|move|p1b: Zacian|Protect|p1b: Zacian
|-singleturn|p1b: Zacian|Protect
|move|p2a: Incineroar|Knock Off|p1a: Kyogre
|-damage|p1a: Kyogre|48/100
|-enditem|p1a: Kyogre|Assault Vest|[from] move: Knock Off|[of] p2a: Incineroar
|move|p1a: Kyogre|Origin Pulse|p2a: Incineroar|[spread] p2a
|-activate|p2b: Calyrex|move: Protect
|-supereffective|p2a: Incineroar
|-crit|p2a: Incineroar
|-damage|p2a: Incineroar|0 fnt
|faint|p2a: Incineroar
|
|-weather|RainDance|[upkeep]
|upkeep
|
|t:|1750874747
|switch|p2a: Miraidon|Miraidon, L50|100/100
|-fieldstart|move: Electric Terrain|[from] ability: Hadron Engine|[of] p2a: Miraidon
|turn|3
|
|t:|1750874759
|switch|p1b: Swanna|Swanna, L50, F, shiny|100/100
|move|p2b: Calyrex|Glacial Lance|p1b: Swanna|[spread] p1a,p1b
|-resisted|p1a: Kyogre
|-damage|p1a: Kyogre|19/100
|-enditem|p1b: Swanna|Focus Sash
|-damage|p1b: Swanna|1/100
|move|p1a: Kyogre|Origin Pulse|p2b: Calyrex|[spread] p2a,p2b
|-resisted|p2a: Miraidon
|-supereffective|p2b: Calyrex
|-damage|p2a: Miraidon|82/100
|-damage|p2b: Calyrex|0 fnt
|faint|p2b: Calyrex
|move|p2a: Miraidon|Volt Switch|p1b: Swanna
|-supereffective|p1b: Swanna
|-damage|p1b: Swanna|0 fnt
|faint|p1b: Swanna
|
|t:|1750874766
|switch|p2a: Enamorus|Enamorus-Therian, L50, F|100/100|[from] Volt Switch
|
|-weather|RainDance|[upkeep]
|upkeep
|
|t:|1750874778
|switch|p2b: Miraidon|Miraidon, L50|82/100
|switch|p1b: Landorus|Landorus, L50, M|100/100
|-activate|p2b: Miraidon|ability: Hadron Engine
|turn|4
|
|t:|1750874796
|move|p2a: Enamorus|Springtide Storm|p1b: Landorus|[spread] p1a
|-miss|p2a: Enamorus|p1b: Landorus
|-damage|p1a: Kyogre|0 fnt
|faint|p1a: Kyogre
|-damage|p2a: Enamorus|91/100|[from] item: Life Orb
|move|p1b: Landorus|Earth Power|p2b: Miraidon
|-supereffective|p2b: Miraidon
|-damage|p2b: Miraidon|0 fnt
|faint|p2b: Miraidon
|
|-weather|RainDance|[upkeep]
|upkeep
|
|t:|1750874806
|switch|p1a: Zacian|Zacian-Crowned, L50|100/100
|turn|5
|-message|vinicio499 forfeited.
|
|win|Slowpoke Well YT
|raw|Slowpoke Well YT's rating: 1485 &rarr; <strong>1503</strong><br />(+18 for winning)
|raw|vinicio499's rating: 1443 &rarr; <strong>1425</strong><br />(-18 for losing)
|l|☆vinicio499
|player|p2|
|l|☆Slowpoke Well YT
|player|p1|
