|j|☆TheHillMann
|j|☆neuro kami21
|t:|1750809714
|gametype|doubles
|player|p1|TheHillMann|rood|1656
|player|p2|neuro kami21|lillie-masters2|1585
|teamsize|p1|6
|teamsize|p2|6
|gen|9
|tier|[Gen 9] VGC 2025 Reg I
|rated|
|rule|Species Clause: Limit one of each Pokémon
|rule|Item Clause: Limit 1 of each item
|clearpoke
|poke|p1|Groudon, L50|
|poke|p1|Calyrex-Ice, L50|
|poke|p1|Jumpluff, L50, M|
|poke|p1|Raging Bolt, L50|
|poke|p1|Chi-Yu, L50|
|poke|p1|Raichu, L50, M|
|poke|p2|Miraidon, L50|
|poke|p2|Grimmsnarl, L50, M|
|poke|p2|Volcarona, L50, F|
|poke|p2|Zamazenta-*, L50|
|poke|p2|Ditto, L50|
|poke|p2|Iron Hands, L50|
|teampreview|4
|inactive|Battle timer is ON: inactive players will automatically lose when time's up. (requested by TheHillMann)
|
|t:|1750809724
|start
|switch|p1a: Calyrex|Calyrex-Ice, L50|100/100
|switch|p1b: Raichu|Raichu, L50, M|100/100
|switch|p2a: Volcarona|Volcarona, L50, F|100/100
|switch|p2b: Grimmsnarl|Grimmsnarl, L50, M|100/100
|-ability|p1a: Calyrex|As One
|-ability|p1a: Calyrex|Unnerve
|turn|1
|
|t:|1750809738
|-terastallize|p1a: Calyrex|Fairy
|move|p2b: Grimmsnarl|Reflect|p2b: Grimmsnarl
|-sidestart|p2: neuro kami21|Reflect
|move|p1b: Raichu|Volt Switch|p2b: Grimmsnarl
|-damage|p2b: Grimmsnarl|75/100
|
|t:|1750809746
|switch|p1b: Groudon|Groudon, L50|100/100|[from] Volt Switch
|-weather|SunnyDay|[from] ability: Drought|[of] p1b: Groudon
|move|p2a: Volcarona|Quiver Dance|p2a: Volcarona
|-boost|p2a: Volcarona|spa|1
|-boost|p2a: Volcarona|spd|1
|-boost|p2a: Volcarona|spe|1
|move|p1a: Calyrex|Trick Room|p1a: Calyrex
|-fieldstart|move: Trick Room|[of] p1a: Calyrex
|
|-weather|SunnyDay|[upkeep]
|upkeep
|turn|2
|
|t:|1750809765
|switch|p2b: Zamazenta|Zamazenta-Crowned, L50|100/100
|-ability|p2b: Zamazenta|Dauntless Shield|boost
|-boost|p2b: Zamazenta|def|1
|move|p2a: Volcarona|Protect|p2a: Volcarona
|-singleturn|p2a: Volcarona|Protect
|move|p1a: Calyrex|Glacial Lance|p2a: Volcarona|[spread] p2b
|-activate|p2a: Volcarona|move: Protect
|-resisted|p2b: Zamazenta
|-damage|p2b: Zamazenta|94/100
|move|p1b: Groudon|Precipice Blades|p2a: Volcarona|[spread] p2b
|-activate|p2a: Volcarona|move: Protect
|-supereffective|p2b: Zamazenta
|-damage|p2b: Zamazenta|63/100
|
|-weather|SunnyDay|[upkeep]
|upkeep
|turn|3
|
|t:|1750809780
|move|p2b: Zamazenta|Protect|p2b: Zamazenta
|-singleturn|p2b: Zamazenta|Protect
|move|p1a: Calyrex|Leech Seed|p2b: Zamazenta
|-activate|p2b: Zamazenta|move: Protect
|move|p1b: Groudon|High Horsepower|p2a: Volcarona
|-damage|p2a: Volcarona|54/100
|move|p2a: Volcarona|Fiery Dance|p1b: Groudon
|-damage|p1b: Groudon|45/100
|
|-weather|SunnyDay|[upkeep]
|-heal|p2a: Volcarona|60/100|[from] item: Leftovers
|upkeep
|turn|4
|inactive|TheHillMann has 30 seconds left.
|inactive|neuro kami21 has 30 seconds left.
|
|t:|1750809809
|move|p2b: Zamazenta|Wide Guard|p2b: Zamazenta
|-singleturn|p2b: Zamazenta|Wide Guard
|move|p1a: Calyrex|Leech Seed|p2b: Zamazenta
|-start|p2b: Zamazenta|move: Leech Seed
|move|p1b: Groudon|Precipice Blades|p2a: Volcarona|[spread] 
|-activate|p2a: Volcarona|move: Wide Guard
|-activate|p2b: Zamazenta|move: Wide Guard
|move|p2a: Volcarona|Fiery Dance|p1b: Groudon
|-damage|p1b: Groudon|0 fnt
|faint|p1b: Groudon
|
|-weather|SunnyDay|[upkeep]
|-heal|p2a: Volcarona|67/100|[from] item: Leftovers
|-damage|p2b: Zamazenta|51/100|[from] Leech Seed|[of] p1a: Calyrex
|upkeep
|
|t:|1750809812
|switch|p1b: Raging Bolt|Raging Bolt, L50|100/100
|-activate|p1b: Raging Bolt|ability: Protosynthesis
|-start|p1b: Raging Bolt|protosynthesisspa
|turn|5
|
|t:|1750809828
|switch|p2b: Ditto|Ditto, L50|100/100
|-transform|p2b: Ditto|p1a: Calyrex|[from] ability: Imposter
|-ability|p2b: Ditto|As One
|-ability|p2b: Ditto|Unnerve
|move|p2a: Volcarona|Protect|p2a: Volcarona
|-singleturn|p2a: Volcarona|Protect
|move|p1a: Calyrex|Leech Seed|p2a: Volcarona
|-activate|p2a: Volcarona|move: Protect
|move|p1b: Raging Bolt|Thunderbolt|p2b: Ditto
|-damage|p2b: Ditto|15/100
|-damage|p1b: Raging Bolt|91/100|[from] item: Life Orb
|
|-weather|none
|-end|p1b: Raging Bolt|Protosynthesis
|-heal|p2a: Volcarona|73/100|[from] item: Leftovers
|-fieldend|move: Trick Room
|upkeep
|-start|p2b: Ditto|typechange|Psychic/Ice|[silent]
|turn|6
|
|t:|1750809851
|move|p2a: Volcarona|Struggle Bug|p1a: Calyrex|[spread] p1a,p1b
|-resisted|p1a: Calyrex
|-damage|p1a: Calyrex|91/100
|-damage|p1b: Raging Bolt|64/100
|-unboost|p1a: Calyrex|spa|1
|-unboost|p1b: Raging Bolt|spa|1
|move|p1b: Raging Bolt|Thunderbolt|p2b: Ditto
|-damage|p2b: Ditto|0 fnt
|faint|p2b: Ditto
|-damage|p1b: Raging Bolt|55/100|[from] item: Life Orb
|move|p1a: Calyrex|Leech Seed|p2a: Volcarona
|-start|p2a: Volcarona|move: Leech Seed
|
|-heal|p2a: Volcarona|79/100|[from] item: Leftovers
|-damage|p2a: Volcarona|67/100|[from] Leech Seed|[of] p1a: Calyrex
|-heal|p1a: Calyrex|100/100|[silent]
|upkeep
|
|t:|1750809867
|switch|p2b: Zamazenta|Zamazenta-Crowned, L50|51/100
|turn|7
|
|t:|1750809873
|move|p1b: Raging Bolt|Protect|p1b: Raging Bolt
|-singleturn|p1b: Raging Bolt|Protect
|move|p2a: Volcarona|Fiery Dance|p1a: Calyrex
|-damage|p1a: Calyrex|56/100
|-boost|p2a: Volcarona|spa|1
|move|p2b: Zamazenta|Behemoth Bash|p1a: Calyrex
|-supereffective|p1a: Calyrex
|-damage|p1a: Calyrex|12/100
|-enditem|p1a: Calyrex|Sitrus Berry|[eat]
|-heal|p1a: Calyrex|37/100|[from] item: Sitrus Berry
|move|p1a: Calyrex|Leech Seed|p2b: Zamazenta
|-start|p2b: Zamazenta|move: Leech Seed
|
|-heal|p2a: Volcarona|73/100|[from] item: Leftovers
|-damage|p2a: Volcarona|60/100|[from] Leech Seed|[of] p1a: Calyrex
|-heal|p1a: Calyrex|48/100|[silent]
|-damage|p2b: Zamazenta|38/100|[from] Leech Seed|[of] p1a: Calyrex
|-heal|p1a: Calyrex|58/100|[silent]
|upkeep
|turn|8
|
|t:|1750809897
|move|p1b: Raging Bolt|Thunderclap|p2b: Zamazenta
|-damage|p2b: Zamazenta|11/100
|-damage|p1b: Raging Bolt|45/100|[from] item: Life Orb
|move|p2a: Volcarona|Struggle Bug|p1b: Raging Bolt|[spread] p1a,p1b
|-resisted|p1a: Calyrex
|-damage|p1a: Calyrex|45/100
|-damage|p1b: Raging Bolt|7/100
|-unboost|p1a: Calyrex|spa|1
|-unboost|p1b: Raging Bolt|spa|1
|move|p2b: Zamazenta|Body Press|p1b: Raging Bolt
|-damage|p1b: Raging Bolt|0 fnt
|faint|p1b: Raging Bolt
|-end|p1b: Raging Bolt|Protosynthesis|[silent]
|move|p1a: Calyrex|Glacial Lance|p2a: Volcarona|[spread] p2a,p2b
|-resisted|p2a: Volcarona
|-resisted|p2b: Zamazenta
|-damage|p2a: Volcarona|44/100
|-damage|p2b: Zamazenta|1/100
|
|-heal|p2a: Volcarona|50/100|[from] item: Leftovers
|-damage|p2a: Volcarona|37/100|[from] Leech Seed|[of] p1a: Calyrex
|-heal|p1a: Calyrex|57/100|[silent]
|-damage|p2b: Zamazenta|0 fnt|[from] Leech Seed|[of] p1a: Calyrex
|-heal|p1a: Calyrex|58/100|[silent]
|faint|p2b: Zamazenta
|-sideend|p2: neuro kami21|Reflect
|upkeep
|
|t:|1750809904
|switch|p2b: Grimmsnarl|Grimmsnarl, L50, M|75/100
|switch|p1b: Raichu|Raichu, L50, M|100/100
|turn|9
|
|t:|1750809912
|move|p1b: Raichu|Fake Out|p2a: Volcarona
|-damage|p2a: Volcarona|28/100
|move|p2b: Grimmsnarl|Reflect|p2b: Grimmsnarl
|-sidestart|p2: neuro kami21|Reflect
|cant|p2a: Volcarona|flinch
|move|p1a: Calyrex|Glacial Lance|p2b: Grimmsnarl|[spread] p2a,p2b
|-resisted|p2a: Volcarona
|-damage|p2a: Volcarona|12/100
|-damage|p2b: Grimmsnarl|42/100
|
|-heal|p2a: Volcarona|19/100|[from] item: Leftovers
|-damage|p2a: Volcarona|6/100|[from] Leech Seed|[of] p1a: Calyrex
|-heal|p1a: Calyrex|69/100|[silent]
|upkeep
|turn|10
|
|t:|1750809930
|move|p2a: Volcarona|Fiery Dance|p1b: Raichu
|-enditem|p1b: Raichu|Focus Sash
|-damage|p1b: Raichu|1/100
|-boost|p2a: Volcarona|spa|1
|move|p1b: Raichu|Nuzzle|p2b: Grimmsnarl
|-damage|p2b: Grimmsnarl|38/100
|-status|p2b: Grimmsnarl|par
|move|p1a: Calyrex|Glacial Lance|p2a: Volcarona|[spread] p2a,p2b
|-resisted|p2a: Volcarona
|-damage|p2a: Volcarona|0 fnt
|-damage|p2b: Grimmsnarl|6/100 par
|faint|p2a: Volcarona
|-ability|p1a: Calyrex|Chilling Neigh|boost
|-boost|p1a: Calyrex|atk|1
|move|p2b: Grimmsnarl|Foul Play|p1a: Calyrex
|-resisted|p1a: Calyrex
|-damage|p1a: Calyrex|51/100
|
|upkeep
|turn|11
|-message|neuro kami21 forfeited.
|
|win|TheHillMann
|raw|TheHillMann's rating: 1656 &rarr; <strong>1672</strong><br />(+16 for winning)
|raw|neuro kami21's rating: 1585 &rarr; <strong>1569</strong><br />(-16 for losing)
|l|☆neuro kami21
|player|p2|
|l|☆TheHillMann
|player|p1|
