|j|☆wiranVGC
|j|☆JRRunk
|t:|1750878268
|gametype|doubles
|player|p1|wiranVGC|silver|1404
|player|p2|JRRunk|linebacker|1417
|teamsize|p1|6
|teamsize|p2|6
|gen|9
|tier|[Gen 9] VGC 2025 Reg I
|rated|
|rule|Species Clause: Limit one of each Pokémon
|rule|Item Clause: Limit 1 of each item
|clearpoke
|poke|p1|Groudon, L50|
|poke|p1|Whimsicott, L50, F|
|poke|p1|Raging Bolt, L50|
|poke|p1|Zamazenta-*, L50|
|poke|p1|Ogerpon-Hearthflame, L50, F|
|poke|p1|Rillaboom, L50, M|
|poke|p2|Groudon, L50|
|poke|p2|Jumpluff, L50, F|
|poke|p2|Ogerpon-Hearthflame, L50, F|
|poke|p2|Urshifu-*, L50, F|
|poke|p2|Calyrex-Ice, L50|
|poke|p2|Raging Bolt, L50|
|teampreview|4
|inactive|Battle timer is ON: inactive players will automatically lose when time's up. (requested by wiranVGC)
|inactive|JRRunk has 60 seconds left.
|
|t:|1750878312
|start
|switch|p1a: Whimsicott|Whimsicott, L50, F|100/100
|switch|p1b: Ogerpon|Ogerpon-Hearthflame, L50, F|100/100
|switch|p2a: Jumpluff|Jumpluff, L50, F|100/100
|switch|p2b: Groudon|Groudon, L50|100/100
|-ability|p1b: Ogerpon|Mold Breaker
|-weather|SunnyDay|[from] ability: Drought|[of] p2b: Groudon
|turn|1
|
|t:|1750878327
|-terastallize|p2b: Groudon|Fire
|move|p1a: Whimsicott|Tailwind|p1a: Whimsicott
|-sidestart|p1: wiranVGC|move: Tailwind
|move|p2a: Jumpluff|Tailwind|p2a: Jumpluff
|-sidestart|p2: JRRunk|move: Tailwind
|move|p1b: Ogerpon|Ivy Cudgel|p2a: Jumpluff|[anim] Ivy Cudgel Fire
|-supereffective|p2a: Jumpluff
|-enditem|p2a: Jumpluff|Focus Sash
|-damage|p2a: Jumpluff|1/100
|move|p2b: Groudon|Eruption|p1b: Ogerpon|[spread] p1a,p1b
|-supereffective|p1a: Whimsicott
|-damage|p1a: Whimsicott|0 fnt
|-damage|p1b: Ogerpon|0 fnt
|faint|p1a: Whimsicott
|faint|p1b: Ogerpon
|
|-weather|SunnyDay|[upkeep]
|upkeep
|
|t:|1750878342
|switch|p1a: Zamazenta|Zamazenta-Crowned, L50|100/100
|switch|p1b: Groudon|Groudon, L50|100/100
|-ability|p1a: Zamazenta|Dauntless Shield|boost
|-boost|p1a: Zamazenta|def|1
|turn|2
|
|t:|1750878354
|switch|p2b: Calyrex|Calyrex-Ice, L50|100/100
|-ability|p2b: Calyrex|As One
|-ability|p2b: Calyrex|Unnerve
|move|p1a: Zamazenta|Wide Guard|p1a: Zamazenta
|-singleturn|p1a: Zamazenta|Wide Guard
|move|p2a: Jumpluff|Sleep Powder|p1a: Zamazenta
|-status|p1a: Zamazenta|slp|[from] move: Sleep Powder
|move|p1b: Groudon|Precipice Blades|p2a: Jumpluff|[spread] p2b
|-immune|p2a: Jumpluff
|-damage|p2b: Calyrex|68/100
|
|-weather|SunnyDay|[upkeep]
|upkeep
|turn|3
|
|t:|1750878378
|move|p1b: Groudon|Protect|p1b: Groudon
|-singleturn|p1b: Groudon|Protect
|cant|p1a: Zamazenta|slp
|move|p2a: Jumpluff|Sleep Powder|p1b: Groudon
|-activate|p1b: Groudon|move: Protect
|move|p2b: Calyrex|Glacial Lance|p1b: Groudon|[spread] p1a
|-activate|p1b: Groudon|move: Protect
|-resisted|p1a: Zamazenta
|-crit|p1a: Zamazenta
|-damage|p1a: Zamazenta|77/100 slp
|
|-weather|SunnyDay|[upkeep]
|upkeep
|turn|4
|
|t:|1750878400
|-terastallize|p1b: Groudon|Fire
|-curestatus|p1a: Zamazenta|slp|[msg]
|move|p1a: Zamazenta|Wide Guard|p1a: Zamazenta
|-singleturn|p1a: Zamazenta|Wide Guard
|move|p2a: Jumpluff|Sleep Powder|p1b: Groudon
|-status|p1b: Groudon|slp|[from] move: Sleep Powder
|cant|p1b: Groudon|slp
|move|p2b: Calyrex|High Horsepower|p1b: Groudon
|-supereffective|p1b: Groudon
|-damage|p1b: Groudon|51/100 slp
|
|-weather|SunnyDay|[upkeep]
|-sideend|p2: JRRunk|move: Tailwind
|-sideend|p1: wiranVGC|move: Tailwind
|upkeep
|turn|5
|
|t:|1750878422
|move|p2a: Jumpluff|Sleep Powder|p1a: Zamazenta|[miss]
|-miss|p2a: Jumpluff|p1a: Zamazenta
|move|p1a: Zamazenta|Behemoth Bash|p2a: Jumpluff
|-damage|p2a: Jumpluff|0 fnt
|faint|p2a: Jumpluff
|-curestatus|p1b: Groudon|slp|[msg]
|move|p1b: Groudon|Heat Crash|p2b: Calyrex
|-supereffective|p2b: Calyrex
|-damage|p2b: Calyrex|22/100
|move|p2b: Calyrex|Trick Room|p2b: Calyrex
|-fieldstart|move: Trick Room|[of] p2b: Calyrex
|
|-weather|none
|upkeep
|
|t:|1750878439
|switch|p2a: Ogerpon|Ogerpon-Hearthflame, L50, F|100/100
|-ability|p2a: Ogerpon|Mold Breaker
|turn|6
|
|t:|1750878445
|move|p1a: Zamazenta|Wide Guard|p1a: Zamazenta
|-singleturn|p1a: Zamazenta|Wide Guard
|move|p2b: Calyrex|High Horsepower|p1b: Groudon
|-supereffective|p1b: Groudon
|-damage|p1b: Groudon|0 fnt
|faint|p1b: Groudon
|-ability|p2b: Calyrex|Chilling Neigh|boost
|-boost|p2b: Calyrex|atk|1
|move|p2a: Ogerpon|Ivy Cudgel|p1a: Zamazenta|[anim] Ivy Cudgel Fire
|-supereffective|p1a: Zamazenta
|-damage|p1a: Zamazenta|44/100
|
|upkeep
|turn|7
|
|t:|1750878460
|move|p2b: Calyrex|High Horsepower|p1a: Zamazenta
|-supereffective|p1a: Zamazenta
|-damage|p1a: Zamazenta|3/100
|move|p2a: Ogerpon|Ivy Cudgel|p1a: Zamazenta|[anim] Ivy Cudgel Fire
|-supereffective|p1a: Zamazenta
|-damage|p1a: Zamazenta|0 fnt
|faint|p1a: Zamazenta
|
|win|JRRunk
|raw|wiranVGC's rating: 1404 &rarr; <strong>1385</strong><br />(-19 for losing)
|raw|JRRunk's rating: 1417 &rarr; <strong>1436</strong><br />(+19 for winning)
|l|☆wiranVGC
|player|p1|
|l|☆JRRunk
|player|p2|
