|j|☆Ludikrik
|j|☆It'sJustKen VGC
|t:|1750809934
|gametype|doubles
|player|p1|Ludikrik|chili|1564
|player|p2|It'sJustKen VGC|caitlin|1672
|teamsize|p1|6
|teamsize|p2|6
|gen|9
|tier|[Gen 9] VGC 2025 Reg I
|rated|
|rule|Species Clause: Limit one of each Pokémon
|rule|Item Clause: Limit 1 of each item
|clearpoke
|poke|p1|Groudon, L50|
|poke|p1|Lunala, L50|
|poke|p1|Raging Bolt, L50|
|poke|p1|Ogerpon-Hearthflame, L50, F|
|poke|p1|Incineroar, L50, F|
|poke|p1|Grimmsnarl, L50, M|
|poke|p2|Incineroar, L50, M|
|poke|p2|Urshifu-*, L50, M|
|poke|p2|Amoonguss, L50, M|
|poke|p2|Calyrex-Shadow, L50|
|poke|p2|Tornadus, L50, M|
|poke|p2|Terapagos, L50, M|
|teampreview|4
|inactive|Battle timer is ON: inactive players will automatically lose when time's up. (requested by It'sJustKen VGC)
|inactive|It'sJustKen VGC has 60 seconds left.
|
|t:|1750809964
|start
|switch|p1a: Moom|Lunala, L50|100/100
|switch|p1b: Très Skillé|Grimmsnarl, L50, M|100/100
|switch|p2a: PTSD Mushroom|Amoonguss, L50, M|100/100
|switch|p2b: Chicken Jockey|Calyrex-Shadow, L50|100/100
|-ability|p2b: Chicken Jockey|As One
|-ability|p2b: Chicken Jockey|Unnerve
|turn|1
|
|t:|1750809976
|move|p2b: Chicken Jockey|Protect|p2b: Chicken Jockey
|-singleturn|p2b: Chicken Jockey|Protect
|move|p1a: Moom|Protect|p1a: Moom
|-singleturn|p1a: Moom|Protect
|move|p1b: Très Skillé|Thunder Wave|p2a: PTSD Mushroom
|-status|p2a: PTSD Mushroom|par
|move|p2a: PTSD Mushroom|Spore|p1b: Très Skillé
|-status|p1b: Très Skillé|slp|[from] move: Spore
|
|upkeep
|turn|2
|
|t:|1750809994
|-terastallize|p2b: Chicken Jockey|Ghost
|-terastallize|p1a: Moom|Fairy
|move|p2a: PTSD Mushroom|Rage Powder|p2a: PTSD Mushroom
|-singleturn|p2a: PTSD Mushroom|move: Rage Powder
|cant|p1b: Très Skillé|slp
|move|p2b: Chicken Jockey|Astral Barrage|p1b: Très Skillé|[spread] p1a,p1b
|-resisted|p1b: Très Skillé
|-damage|p1a: Moom|66/100
|-damage|p1b: Très Skillé|57/100 slp
|-damage|p2b: Chicken Jockey|91/100|[from] item: Life Orb
|move|p1a: Moom|Moongeist Beam|p2a: PTSD Mushroom
|-damage|p2a: PTSD Mushroom|48/100 par
|-enditem|p2a: PTSD Mushroom|Sitrus Berry|[eat]
|-heal|p2a: PTSD Mushroom|73/100 par|[from] item: Sitrus Berry
|
|-heal|p1a: Moom|72/100|[from] item: Leftovers
|upkeep
|turn|3
|inactive|It'sJustKen VGC has 30 seconds left.
|inactive|It'sJustKen VGC has 20 seconds left.
|inactive|It'sJustKen VGC has 15 seconds left.
|inactive|It'sJustKen VGC has 10 seconds left.
|
|t:|1750810040
|move|p2b: Chicken Jockey|Protect|p2b: Chicken Jockey
|-singleturn|p2b: Chicken Jockey|Protect
|move|p1a: Moom|Protect|p1a: Moom
|-singleturn|p1a: Moom|Protect
|-curestatus|p1b: Très Skillé|slp|[msg]
|move|p1b: Très Skillé|Light Screen|p1b: Très Skillé
|-sidestart|p1: Ludikrik|move: Light Screen
|move|p2a: PTSD Mushroom|Spore|p1a: Moom
|-activate|p1a: Moom|move: Protect
|
|-heal|p1a: Moom|79/100|[from] item: Leftovers
|upkeep
|turn|4
|inactive|Ludikrik has 30 seconds left.
|
|t:|1750810071
|move|p2a: PTSD Mushroom|Rage Powder|p2a: PTSD Mushroom
|-singleturn|p2a: PTSD Mushroom|move: Rage Powder
|move|p2b: Chicken Jockey|Astral Barrage|p1a: Moom|[spread] p1a,p1b
|-resisted|p1b: Très Skillé
|-damage|p1a: Moom|32/100
|-damage|p1b: Très Skillé|24/100
|-damage|p2b: Chicken Jockey|81/100|[from] item: Life Orb
|move|p1a: Moom|Calm Mind|p1a: Moom
|-boost|p1a: Moom|spa|1
|-boost|p1a: Moom|spd|1
|move|p1b: Très Skillé|Spirit Break|p2a: PTSD Mushroom
|-resisted|p2a: PTSD Mushroom
|-damage|p2a: PTSD Mushroom|62/100 par
|-unboost|p2a: PTSD Mushroom|spa|1
|
|-heal|p1a: Moom|39/100|[from] item: Leftovers
|upkeep
|turn|5
|inactive|It'sJustKen VGC has 30 seconds left.
|
|t:|1750810106
|move|p1a: Moom|Protect|p1a: Moom
|-singleturn|p1a: Moom|Protect
|move|p2a: PTSD Mushroom|Rage Powder|p2a: PTSD Mushroom
|-singleturn|p2a: PTSD Mushroom|move: Rage Powder
|move|p1b: Très Skillé|Thunder Wave|p2a: PTSD Mushroom|[miss]
|-miss|p1b: Très Skillé|p2a: PTSD Mushroom
|move|p2b: Chicken Jockey|Astral Barrage|p1a: Moom|[spread] p1b
|-activate|p1a: Moom|move: Protect
|-resisted|p1b: Très Skillé
|-damage|p1b: Très Skillé|0 fnt
|faint|p1b: Très Skillé
|-ability|p2b: Chicken Jockey|Grim Neigh|boost
|-boost|p2b: Chicken Jockey|spa|1
|-damage|p2b: Chicken Jockey|72/100|[from] item: Life Orb
|
|-heal|p1a: Moom|45/100|[from] item: Leftovers
|upkeep
|
|t:|1750810116
|switch|p1b: Goudron|Groudon, L50|100/100
|-weather|SunnyDay|[from] ability: Drought|[of] p1b: Goudron
|turn|6
|
|t:|1750810129
|move|p2a: PTSD Mushroom|Rage Powder|p2a: PTSD Mushroom
|-singleturn|p2a: PTSD Mushroom|move: Rage Powder
|move|p2b: Chicken Jockey|Astral Barrage|p1a: Moom|[spread] p1a,p1b
|-damage|p1a: Moom|0 fnt
|-damage|p1b: Goudron|10/100
|faint|p1a: Moom
|-ability|p2b: Chicken Jockey|Grim Neigh|boost
|-boost|p2b: Chicken Jockey|spa|1
|-damage|p2b: Chicken Jockey|62/100|[from] item: Life Orb
|move|p1b: Goudron|Precipice Blades|p2a: PTSD Mushroom|[spread] p2a,p2b
|-damage|p2a: PTSD Mushroom|24/100 par
|-damage|p2b: Chicken Jockey|0 fnt
|faint|p2b: Chicken Jockey
|
|-weather|SunnyDay|[upkeep]
|upkeep
|
|t:|1750810137
|switch|p2b: Steven He|Urshifu-Rapid-Strike, L50, M|100/100
|switch|p1a: Pont|Ogerpon-Hearthflame, L50, F|100/100
|-ability|p1a: Pont|Mold Breaker
|turn|7
|
|t:|1750810150
|switch|p2a: @Not Wolfe Glick|Incineroar, L50, M|100/100
|-ability|p2a: @Not Wolfe Glick|Intimidate|boost
|-unboost|p1a: Pont|atk|1
|-fail|p1b: Goudron|unboost|[from] item: Clear Amulet|[of] p1b: Goudron
|move|p1a: Pont|Follow Me|p1a: Pont
|-singleturn|p1a: Pont|move: Follow Me
|move|p2b: Steven He|U-turn|p1a: Pont
|-damage|p1a: Pont|78/100
|
|t:|1750810153
|switch|p2b: PTSD Mushroom|Amoonguss, L50, M|57/100 par|[from] U-turn
|move|p1b: Goudron|Precipice Blades|p2a: @Not Wolfe Glick|[spread] p2a,p2b
|-supereffective|p2a: @Not Wolfe Glick
|-damage|p2a: @Not Wolfe Glick|0 fnt
|-damage|p2b: PTSD Mushroom|17/100 par
|faint|p2a: @Not Wolfe Glick
|
|-weather|SunnyDay|[upkeep]
|upkeep
|
|t:|1750810155
|switch|p2a: Steven He|Urshifu-Rapid-Strike, L50, M|100/100
|turn|8
|
|t:|1750810165
|move|p1a: Pont|Follow Me|p1a: Pont
|-singleturn|p1a: Pont|move: Follow Me
|move|p2a: Steven He|Close Combat|p1a: Pont
|-damage|p1a: Pont|28/100
|-unboost|p2a: Steven He|def|1
|-unboost|p2a: Steven He|spd|1
|move|p1b: Goudron|Precipice Blades|p2a: Steven He|[spread] p2a,p2b
|-damage|p2a: Steven He|27/100
|-damage|p2b: PTSD Mushroom|0 fnt
|faint|p2b: PTSD Mushroom
|
|-weather|SunnyDay|[upkeep]
|upkeep
|turn|9
|
|t:|1750810177
|move|p1a: Pont|Follow Me|p1a: Pont
|-singleturn|p1a: Pont|move: Follow Me
|move|p2a: Steven He|Close Combat|p1a: Pont
|-damage|p1a: Pont|0 fnt
|-unboost|p2a: Steven He|def|1
|-unboost|p2a: Steven He|spd|1
|faint|p1a: Pont
|move|p1b: Goudron|Heat Crash|p2a: Steven He
|-resisted|p2a: Steven He
|-damage|p2a: Steven He|0 fnt
|faint|p2a: Steven He
|
|win|Ludikrik
|raw|Ludikrik's rating: 1564 &rarr; <strong>1590</strong><br />(+26 for winning)
|raw|It&apos;sJustKen VGC's rating: 1672 &rarr; <strong>1646</strong><br />(-26 for losing)
