|j|☆FlyingDingo
|j|☆Runningman2412
|t:|1750769962
|gametype|doubles
|player|p1|FlyingDingo|hilda-wonderlauncher|1394
|player|p2|Runningman2412|ninjaboy|1345
|teamsize|p1|6
|teamsize|p2|6
|gen|9
|tier|[Gen 9] VGC 2025 Reg I
|rated|
|rule|Species Clause: Limit one of each Pokémon
|rule|Item Clause: Limit 1 of each item
|clearpoke
|poke|p1|Giratina-Origin, L50|
|poke|p1|Kleavor, L50, M|
|poke|p1|Zamazenta-*, L50|
|poke|p1|Chien-Pao, L50|
|poke|p1|Sinistcha, L50|
|poke|p1|Raging Bolt, L50|
|poke|p2|Calyrex-Shadow, L50|
|poke|p2|Zamazenta-*, L50|
|poke|p2|Incineroar, L50, M|
|poke|p2|Urshifu-*, L50, M|
|poke|p2|Brute Bonnet, L50|
|poke|p2|Rillaboom, L50, M|
|teampreview|4
|inactive|Battle timer is ON: inactive players will automatically lose when time's up. (requested by Runningman2412)
|
|t:|1750769972
|start
|switch|p1a: Giratina|Giratina-Origin, L50|100/100
|switch|p1b: Kleavor|Kleavor, L50, M|100/100
|switch|p2a: Zamazenta|Zamazenta-Crowned, L50|100/100
|switch|p2b: Calyrex|Calyrex-Shadow, L50|100/100
|-ability|p2b: Calyrex|As One
|-ability|p2b: Calyrex|Unnerve
|-ability|p2a: Zamazenta|Dauntless Shield|boost
|-boost|p2a: Zamazenta|def|1
|turn|1
|
|t:|1750769987
|move|p1b: Kleavor|Night Slash|p2b: Calyrex
|-supereffective|p2b: Calyrex
|-crit|p2b: Calyrex
|-damage|p2b: Calyrex|0 fnt
|faint|p2b: Calyrex
|move|p2a: Zamazenta|Behemoth Bash|p1b: Kleavor
|-supereffective|p1b: Kleavor
|-damage|p1b: Kleavor|0 fnt
|faint|p1b: Kleavor
|move|p1a: Giratina|Dragon Claw|p2a: Zamazenta
|-resisted|p2a: Zamazenta
|-damage|p2a: Zamazenta|91/100
|
|upkeep
|
|t:|1750769997
|switch|p2b: Incineroar|Incineroar, L50, M|100/100
|switch|p1b: Zamazenta|Zamazenta-Crowned, L50|100/100
|-ability|p1b: Zamazenta|Dauntless Shield|boost
|-boost|p1b: Zamazenta|def|1
|-ability|p2b: Incineroar|Intimidate|boost
|-unboost|p1a: Giratina|atk|1
|-unboost|p1b: Zamazenta|atk|1
|turn|2
|inactive|FlyingDingo has 30 seconds left.
|
|t:|1750770025
|move|p1b: Zamazenta|Protect|p1b: Zamazenta
|-singleturn|p1b: Zamazenta|Protect
|move|p2b: Incineroar|Fake Out|p1b: Zamazenta
|-activate|p1b: Zamazenta|move: Protect
|move|p2a: Zamazenta|Body Press|p1b: Zamazenta
|-activate|p1b: Zamazenta|move: Protect
|move|p1a: Giratina|Poltergeist|p2a: Zamazenta
|-activate|p2a: Zamazenta|move: Poltergeist|Rusted Shield
|-damage|p2a: Zamazenta|74/100
|
|upkeep
|turn|3
|j| Wenpachi
|
|t:|1750770045
|move|p2b: Incineroar|Helping Hand|p2a: Zamazenta
|-singleturn|p2a: Zamazenta|Helping Hand|[of] p2b: Incineroar
|move|p2a: Zamazenta|Body Press|p1b: Zamazenta
|-supereffective|p1b: Zamazenta
|-damage|p1b: Zamazenta|28/100
|move|p1b: Zamazenta|Body Press|p2a: Zamazenta
|-supereffective|p2a: Zamazenta
|-damage|p2a: Zamazenta|13/100
|move|p1a: Giratina|Poltergeist|p2a: Zamazenta
|-activate|p2a: Zamazenta|move: Poltergeist|Rusted Shield
|-damage|p2a: Zamazenta|0 fnt
|faint|p2a: Zamazenta
|
|upkeep
|
|t:|1750770053
|switch|p2a: Urshifu|Urshifu-Rapid-Strike, L50, M|100/100
|turn|4
|inactive|FlyingDingo has 30 seconds left.
|
|t:|1750770088
|-terastallize|p1b: Zamazenta|Dragon
|move|p2a: Urshifu|Surging Strikes|p1b: Zamazenta
|-resisted|p1b: Zamazenta
|-crit|p1b: Zamazenta
|-damage|p1b: Zamazenta|21/100
|-resisted|p1b: Zamazenta
|-crit|p1b: Zamazenta
|-damage|p1b: Zamazenta|16/100
|-resisted|p1b: Zamazenta
|-crit|p1b: Zamazenta
|-damage|p1b: Zamazenta|9/100
|-hitcount|p1b: Zamazenta|3
|move|p1b: Zamazenta|Body Press|p2b: Incineroar
|-supereffective|p2b: Incineroar
|-crit|p2b: Incineroar
|-damage|p2b: Incineroar|0 fnt
|-damage|p1b: Zamazenta|0 fnt|[from] item: Rocky Helmet|[of] p2b: Incineroar
|faint|p2b: Incineroar
|faint|p1b: Zamazenta
|move|p1a: Giratina|Poltergeist|p2a: Urshifu
|-activate|p2a: Urshifu|move: Poltergeist|Choice Scarf
|-damage|p2a: Urshifu|56/100
|
|upkeep
|l| Wenpachi
|
|t:|1750770107
|switch|p1b: Chien-Pao|Chien-Pao, L50|100/100
|-ability|p1b: Chien-Pao|Sword of Ruin
|turn|5
|
|t:|1750770120
|-terastallize|p2a: Urshifu|Water
|move|p1b: Chien-Pao|Sucker Punch|p2a: Urshifu
|-damage|p2a: Urshifu|12/100
|move|p2a: Urshifu|Surging Strikes|p1b: Chien-Pao
|-crit|p1b: Chien-Pao
|-damage|p1b: Chien-Pao|62/100
|-crit|p1b: Chien-Pao
|-damage|p1b: Chien-Pao|22/100
|-crit|p1b: Chien-Pao
|-damage|p1b: Chien-Pao|0 fnt
|faint|p1b: Chien-Pao
|-hitcount|p1: Chien-Pao|3
|move|p1a: Giratina|Dragon Claw|p2a: Urshifu
|-damage|p2a: Urshifu|0 fnt
|faint|p2a: Urshifu
|
|win|FlyingDingo
|raw|FlyingDingo's rating: 1394 &rarr; <strong>1411</strong><br />(+17 for winning)
|raw|Runningman2412's rating: 1345 &rarr; <strong>1328</strong><br />(-17 for losing)
|l|☆Runningman2412
|player|p2|
|l|☆FlyingDingo
|player|p1|
