|j|☆maodawang
|j|☆purplekisses
|t:|1750830705
|gametype|doubles
|player|p1|maodawang|169|1303
|player|p2|purplekisses|2|1198
|teamsize|p1|6
|teamsize|p2|6
|gen|9
|tier|[Gen 9] VGC 2025 Reg I
|rated|
|rule|Species Clause: Limit one of each Pokémon
|rule|Item Clause: Limit 1 of each item
|clearpoke
|poke|p1|Incineroar, L50, F|
|poke|p1|Urshifu-*, L50, M|
|poke|p1|Sinistcha-Masterpiece, L50|
|poke|p1|Ting-Lu, L50|
|poke|p1|Dialga-Origin, L50|
|poke|p1|Ho-Oh, L50|
|poke|p2|Kyogre, L50|
|poke|p2|Moltres-Galar, L50|
|poke|p2|Raichu, L50, M|
|poke|p2|Amoonguss, L50, M|
|poke|p2|Zacian-*, L50|
|poke|p2|Urshifu-*, L50, F|
|teampreview|4
|inactive|Battle timer is ON: inactive players will automatically lose when time's up. (requested by maodawang)
|inactive|maodawang has 60 seconds left.
|
|t:|1750830736
|start
|switch|p1a: Dialga|Dialga-Origin, L50|100/100
|switch|p1b: Ho-Oh|Ho-Oh, L50|100/100
|switch|p2a: Raichu|Raichu, L50, M|100/100
|switch|p2b: Moltres|Moltres-Galar, L50|100/100
|-ability|p1a: Dialga|Pressure
|turn|1
|
|t:|1750830757
|move|p2a: Raichu|Nuzzle|p1b: Ho-Oh
|-supereffective|p1b: Ho-Oh
|-damage|p1b: Ho-Oh|88/100
|-status|p1b: Ho-Oh|par
|move|p2b: Moltres|Tailwind|p2b: Moltres
|-sidestart|p2: purplekisses|move: Tailwind
|move|p1b: Ho-Oh|Whirlwind|p2b: Moltres
|drag|p2b: Urshifu|Urshifu-Rapid-Strike, L50, F|100/100
|move|p1a: Dialga|Trick Room|p1a: Dialga
|-fieldstart|move: Trick Room|[of] p1a: Dialga
|
|-heal|p1b: Ho-Oh|94/100 par|[from] item: Leftovers
|upkeep
|turn|2
|inactive|maodawang has 30 seconds left.
|
|t:|1750830791
|-terastallize|p1b: Ho-Oh|Grass
|move|p2b: Urshifu|Protect|p2b: Urshifu
|-singleturn|p2b: Urshifu|Protect
|move|p1b: Ho-Oh|Sacred Fire|p2b: Urshifu
|-activate|p2b: Urshifu|move: Protect
|move|p1a: Dialga|Earth Power|p2b: Urshifu
|-activate|p2b: Urshifu|move: Protect
|move|p2a: Raichu|Nuzzle|p1a: Dialga
|-resisted|p1a: Dialga
|-crit|p1a: Dialga
|-damage|p1a: Dialga|96/100
|-status|p1a: Dialga|par
|
|-heal|p1b: Ho-Oh|100/100 par|[from] item: Leftovers
|upkeep
|turn|3
|inactive|purplekisses has 30 seconds left.
|
|t:|1750830820
|switch|p2b: Moltres|Moltres-Galar, L50|100/100
|move|p2a: Raichu|Protect|p2a: Raichu
|-singleturn|p2a: Raichu|Protect
|cant|p1a: Dialga|par
|move|p1b: Ho-Oh|Sacred Fire|p2b: Moltres
|-damage|p2b: Moltres|59/100
|-status|p2b: Moltres|brn
|
|-damage|p2b: Moltres|53/100 brn|[from] brn
|upkeep
|turn|4
|inactive|purplekisses has 30 seconds left.
|
|t:|1750830846
|move|p1a: Dialga|Earth Power|p2a: Raichu
|-supereffective|p2a: Raichu
|-enditem|p2a: Raichu|Focus Sash
|-damage|p2a: Raichu|1/100
|move|p2b: Moltres|Fiery Wrath|p1a: Dialga|[spread] p1a,p1b
|-crit|p1a: Dialga
|-damage|p1a: Dialga|67/100 par
|-damage|p1b: Ho-Oh|85/100 par
|move|p2a: Raichu|Nuzzle|p1a: Dialga
|-resisted|p1a: Dialga
|-damage|p1a: Dialga|64/100 par
|move|p1b: Ho-Oh|Whirlwind|p2b: Moltres
|drag|p2b: Urshifu|Urshifu-Rapid-Strike, L50, F|100/100
|
|-heal|p1b: Ho-Oh|91/100 par|[from] item: Leftovers
|-sideend|p2: purplekisses|move: Tailwind
|upkeep
|turn|5
|
|t:|1750830868
|switch|p1b: Sinistcha|Sinistcha-Masterpiece, L50|100/100
|-heal|p1a: Dialga|89/100 par|[from] ability: Hospitality|[of] p1b: Sinistcha
|move|p2b: Urshifu|Protect|p2b: Urshifu
|-singleturn|p2b: Urshifu|Protect
|move|p2a: Raichu|Protect|p2a: Raichu
|-singleturn|p2a: Raichu|Protect
|move|p1a: Dialga|Earth Power|p2a: Raichu
|-activate|p2a: Raichu|move: Protect
|
|-fieldend|move: Trick Room
|upkeep
|turn|6
|inactive|maodawang has 30 seconds left.
|
|t:|1750830899
|move|p1b: Sinistcha|Rage Powder|p1b: Sinistcha
|-singleturn|p1b: Sinistcha|move: Rage Powder
|move|p2a: Raichu|Endeavor|p1b: Sinistcha
|-immune|p1b: Sinistcha
|move|p2b: Urshifu|Surging Strikes|p1b: Sinistcha
|-resisted|p1b: Sinistcha
|-crit|p1b: Sinistcha
|-damage|p1b: Sinistcha|92/100
|-damage|p2b: Urshifu|84/100|[from] item: Rocky Helmet|[of] p1b: Sinistcha
|-resisted|p1b: Sinistcha
|-crit|p1b: Sinistcha
|-damage|p1b: Sinistcha|81/100
|-damage|p2b: Urshifu|68/100|[from] item: Rocky Helmet|[of] p1b: Sinistcha
|-resisted|p1b: Sinistcha
|-crit|p1b: Sinistcha
|-damage|p1b: Sinistcha|71/100
|-damage|p2b: Urshifu|51/100|[from] item: Rocky Helmet|[of] p1b: Sinistcha
|-hitcount|p1b: Sinistcha|3
|move|p1a: Dialga|Trick Room|p1a: Dialga
|-fieldstart|move: Trick Room|[of] p1a: Dialga
|
|upkeep
|turn|7
|-message|purplekisses forfeited.
|
|win|maodawang
|raw|maodawang's rating: 1303 &rarr; <strong>1317</strong><br />(+14 for winning)
|raw|purplekisses's rating: 1198 &rarr; <strong>1180</strong><br />(-18 for losing)
|l|☆purplekisses
|player|p2|
|l|☆maodawang
|player|p1|
