|j|☆M0llylubber09
|j|☆dtorro
|t:|1750806272
|gametype|doubles
|player|p1|M0llylubber09|roxie|1079
|player|p2|dtorro|169|1058
|teamsize|p1|6
|teamsize|p2|6
|gen|9
|tier|[Gen 9] VGC 2025 Reg I
|rated|
|rule|Species Clause: Limit one of each Pokémon
|rule|Item Clause: Limit 1 of each item
|clearpoke
|poke|p1|Zamazenta-*, L50|
|poke|p1|Calyrex-Shadow, L50|
|poke|p1|Gastrodon-East, L50, M|
|poke|p1|Tornadus, L50, M|
|poke|p1|Chien-Pao, L50|
|poke|p1|Urshifu-*, L50, F|
|poke|p2|Koraidon, L50|
|poke|p2|Scovillain, L50, F|
|poke|p2|Miraidon, L50|
|poke|p2|Chesnaught, L50, M|
|poke|p2|Clefairy, L50, M|
|poke|p2|Indeedee-F, L50, F|
|teampreview|4
|j| Sdold1
|
|t:|1750806290
|start
|switch|p1a: Saygex|Tornadus, L50, M|100/100
|switch|p1b: Chien-Pao|Chien-Pao, L50|100/100
|switch|p2a: Miraidon|Miraidon, L50|100/100
|switch|p2b: Clefairy|Clefairy, L50, M|100/100
|-fieldstart|move: Electric Terrain|[from] ability: Hadron Engine|[of] p2a: Miraidon
|-ability|p1b: Chien-Pao|Sword of Ruin
|turn|1
|
|t:|1750806310
|move|p1a: Saygex|Tailwind|p1a: Saygex
|-sidestart|p1: M0llylubber09|move: Tailwind
|move|p1b: Chien-Pao|Icy Wind|p2a: Miraidon|[spread] p2a,p2b
|-supereffective|p2a: Miraidon
|-damage|p2a: Miraidon|82/100
|-damage|p2b: Clefairy|89/100
|-unboost|p2a: Miraidon|spe|1
|-unboost|p2b: Clefairy|spe|1
|move|p2a: Miraidon|Volt Switch|p1a: Saygex
|-supereffective|p1a: Saygex
|-damage|p1a: Saygex|0 fnt
|faint|p1a: Saygex
|
|t:|1750806352
|switch|p2a: Scovillain|Scovillain, L50, F|100/100|[from] Volt Switch
|move|p2b: Clefairy|Life Dew||[still]|[spread] p2a,p2b
|-fail|p2a: Scovillain|heal
|-heal|p2b: Clefairy|100/100
|
|upkeep
|
|t:|1750806361
|switch|p1a: Gastrodon|Gastrodon-East, L50, M, shiny|100/100
|turn|2
|
|t:|1750806376
|switch|p2b: Koraidon|Koraidon, L50|100/100
|-weather|SunnyDay|[from] ability: Orichalcum Pulse|[of] p2b: Koraidon
|-activate|p2b: Koraidon|Orichalcum Pulse|[source]
|-terastallize|p1b: Chien-Pao|Ground
|move|p1b: Chien-Pao|Ice Spinner|p2a: Scovillain
|-damage|p2a: Scovillain|5/100
|-fieldend|move: Electric Terrain
|move|p2a: Scovillain|Spicy Extract|p2b: Koraidon
|-fail|p2b: Koraidon|unboost|[from] item: Clear Amulet|[of] p2b: Koraidon
|-boost|p2b: Koraidon|atk|2
|move|p1a: Gastrodon|Acid Armor|p1a: Gastrodon
|-boost|p1a: Gastrodon|def|2
|
|-weather|SunnyDay|[upkeep]
|upkeep
|turn|3
|
|t:|1750806396
|move|p2a: Scovillain|Protect|p2a: Scovillain
|-singleturn|p2a: Scovillain|Protect
|move|p2b: Koraidon|Protect|p2b: Koraidon
|-singleturn|p2b: Koraidon|Protect
|move|p1b: Chien-Pao|Sucker Punch||[still]
|-fail|p1b: Chien-Pao
|move|p1a: Gastrodon|Icy Wind|p2a: Scovillain|[spread] 
|-activate|p2a: Scovillain|move: Protect
|-activate|p2b: Koraidon|move: Protect
|
|-weather|SunnyDay|[upkeep]
|upkeep
|turn|4
|
|t:|1750806423
|move|p2b: Koraidon|Protect||[still]
|-fail|p2b: Koraidon
|move|p1b: Chien-Pao|Ice Spinner|p2b: Koraidon
|-supereffective|p2b: Koraidon
|-damage|p2b: Koraidon|12/100
|move|p2a: Scovillain|Overheat|p1b: Chien-Pao
|-enditem|p1b: Chien-Pao|Focus Sash
|-damage|p1b: Chien-Pao|1/100
|-unboost|p2a: Scovillain|spa|2
|move|p1a: Gastrodon|Icy Wind|p2b: Koraidon|[spread] p2a,p2b
|-supereffective|p2b: Koraidon
|-damage|p2a: Scovillain|0 fnt
|-damage|p2b: Koraidon|0 fnt
|faint|p2a: Scovillain
|faint|p2b: Koraidon
|
|-weather|SunnyDay|[upkeep]
|-sideend|p1: M0llylubber09|move: Tailwind
|upkeep
|c|☆dtorro|crap
|
|t:|1750806441
|switch|p2b: Clefairy|Clefairy, L50, M|100/100
|switch|p2a: Miraidon|Miraidon, L50|82/100
|-fieldstart|move: Electric Terrain|[from] ability: Hadron Engine|[of] p2a: Miraidon
|turn|5
|
|t:|1750806458
|-terastallize|p2a: Miraidon|Electric
|move|p1b: Chien-Pao|Sucker Punch|p2a: Miraidon
|-damage|p2a: Miraidon|49/100
|move|p2a: Miraidon|Snarl|p1b: Chien-Pao|[spread] p1a,p1b
|-damage|p1a: Gastrodon|81/100
|-damage|p1b: Chien-Pao|0 fnt
|-unboost|p1a: Gastrodon|spa|1
|faint|p1b: Chien-Pao
|move|p1a: Gastrodon|Icy Wind|p2a: Miraidon|[spread] p2a,p2b
|-damage|p2a: Miraidon|45/100
|-damage|p2b: Clefairy|94/100
|-unboost|p2a: Miraidon|spe|1
|-unboost|p2b: Clefairy|spe|1
|move|p2b: Clefairy|Life Dew|p2b: Clefairy|[spread] p2a,p2b
|-heal|p2a: Miraidon|70/100
|-heal|p2b: Clefairy|100/100
|
|-weather|SunnyDay|[upkeep]
|upkeep
|
|t:|1750806476
|switch|p1b: Zamazenta|Zamazenta-Crowned, L50|100/100
|-ability|p1b: Zamazenta|Dauntless Shield|boost
|-boost|p1b: Zamazenta|def|1
|turn|6
|
|t:|1750806507
|move|p1b: Zamazenta|Wide Guard|p1b: Zamazenta
|-singleturn|p1b: Zamazenta|Wide Guard
|move|p2a: Miraidon|Snarl|p1a: Gastrodon|[spread] 
|-activate|p1a: Gastrodon|move: Wide Guard
|-activate|p1b: Zamazenta|move: Wide Guard
|move|p1a: Gastrodon|Icy Wind|p2b: Clefairy|[spread] p2a,p2b
|-damage|p2a: Miraidon|66/100
|-damage|p2b: Clefairy|95/100
|-unboost|p2a: Miraidon|spe|1
|-unboost|p2b: Clefairy|spe|1
|move|p2b: Clefairy|Life Dew|p2b: Clefairy|[spread] p2a,p2b
|-heal|p2a: Miraidon|91/100
|-heal|p2b: Clefairy|100/100
|
|-weather|none
|upkeep
|turn|7
|c|☆dtorro|i'm scarfed lmoa
|c|☆dtorro|rip me
|
|t:|1750806553
|move|p1b: Zamazenta|Body Press|p2a: Miraidon
|-damage|p2a: Miraidon|43/100
|move|p2a: Miraidon|Snarl|p1b: Zamazenta|[spread] p1b
|-miss|p2a: Miraidon|p1a: Gastrodon
|-resisted|p1b: Zamazenta
|-damage|p1b: Zamazenta|93/100
|-unboost|p1b: Zamazenta|spa|1
|move|p1a: Gastrodon|Icy Wind|p2a: Miraidon|[spread] p2a,p2b
|-damage|p2a: Miraidon|39/100
|-damage|p2b: Clefairy|95/100
|-unboost|p2a: Miraidon|spe|1
|-unboost|p2b: Clefairy|spe|1
|move|p2b: Clefairy|Life Dew|p2b: Clefairy|[spread] p2a,p2b
|-heal|p2a: Miraidon|64/100
|-heal|p2b: Clefairy|100/100
|
|upkeep
|turn|8
|
|t:|1750806575
|move|p1b: Zamazenta|Body Press|p2a: Miraidon
|-damage|p2a: Miraidon|14/100
|move|p2a: Miraidon|Snarl|p1b: Zamazenta|[spread] p1a,p1b
|-resisted|p1b: Zamazenta
|-damage|p1a: Gastrodon|63/100
|-damage|p1b: Zamazenta|86/100
|-unboost|p1a: Gastrodon|spa|1
|-unboost|p1b: Zamazenta|spa|1
|move|p1a: Gastrodon|Acid Armor|p1a: Gastrodon
|-boost|p1a: Gastrodon|def|2
|move|p2b: Clefairy|Life Dew||[still]|[spread] p2a,p2b
|-heal|p2a: Miraidon|39/100
|-fail|p2b: Clefairy|heal
|
|upkeep
|turn|9
|
|t:|1750806609
|move|p1b: Zamazenta|Body Press|p2a: Miraidon
|-damage|p2a: Miraidon|0 fnt
|faint|p2a: Miraidon
|move|p1a: Gastrodon|Icy Wind|p2b: Clefairy
|-damage|p2b: Clefairy|95/100
|-unboost|p2b: Clefairy|spe|1
|move|p2b: Clefairy|Life Dew|p2b: Clefairy
|-heal|p2b: Clefairy|100/100
|
|-fieldend|move: Electric Terrain
|upkeep
|turn|10
|
|t:|1750806624
|move|p1b: Zamazenta|Behemoth Bash|p2b: Clefairy
|-supereffective|p2b: Clefairy
|-damage|p2b: Clefairy|32/100
|move|p1a: Gastrodon|Yawn|p2b: Clefairy
|-start|p2b: Clefairy|move: Yawn|[of] p1a: Gastrodon
|move|p2b: Clefairy|Life Dew|p2b: Clefairy
|-heal|p2b: Clefairy|56/100
|
|upkeep
|turn|11
|
|t:|1750806638
|move|p1b: Zamazenta|Behemoth Bash|p2b: Clefairy
|-supereffective|p2b: Clefairy
|-damage|p2b: Clefairy|0 fnt
|faint|p2b: Clefairy
|
|win|M0llylubber09
|raw|M0llylubber09's rating: 1079 &rarr; <strong>1105</strong><br />(+26 for winning)
|raw|dtorro's rating: 1058 &rarr; <strong>1040</strong><br />(-18 for losing)
|l|☆dtorro
|player|p2|
