|j|☆GG=Groudon Gaming
|j|☆Rad22
|t:|1750833249
|gametype|doubles
|player|p1|GG=Groudon Gaming|acerola-masters2|1000
|player|p2|Rad22|hilbert|1000
|teamsize|p1|6
|teamsize|p2|6
|gen|9
|tier|[Gen 9] VGC 2025 Reg I
|rated|
|rule|Species Clause: Limit one of each Pokémon
|rule|Item Clause: Limit 1 of each item
|clearpoke
|poke|p1|Groudon, L50|
|poke|p1|Miraidon, L50|
|poke|p1|Entei, L50|
|poke|p1|Whimsicott, L50, M|
|poke|p1|Flutter Mane, L50|
|poke|p1|Volcarona, L50, F|
|poke|p2|Reshiram, L50|
|poke|p2|Koraidon, L50|
|poke|p2|Archaludon, L50, F|
|poke|p2|Grimmsnarl, L50, M|
|poke|p2|Gastrodon, L50, F|
|poke|p2|Amoonguss, L50, M|
|teampreview|4
|inactive|Battle timer is ON: inactive players will automatically lose when time's up. (requested by GG=Groudon Gaming)
|inactive|Rad22 also wants the timer to be on.
|inactive|Rad22 has 60 seconds left.
|
|t:|1750833303
|start
|switch|p1a: Miraidon|Miraidon, L50|100/100
|switch|p1b: Whimsicott|Whimsicott, L50, M|100/100
|switch|p2a: Grimmsnarl|Grimmsnarl, L50, M|100/100
|switch|p2b: Reshiram|Reshiram, L50|100/100
|-fieldstart|move: Electric Terrain|[from] ability: Hadron Engine|[of] p1a: Miraidon
|-ability|p2b: Reshiram|Turboblaze
|turn|1
|inactive|GG=Groudon Gaming has 30 seconds left.
|inactive|Rad22 has 30 seconds left.
|inactive|GG=Groudon Gaming has 20 seconds left.
|
|t:|1750833343
|-terastallize|p1a: Miraidon|Fairy
|move|p1b: Whimsicott|Light Screen|p1b: Whimsicott
|-sidestart|p1: GG=Groudon Gaming|move: Light Screen
|move|p2a: Grimmsnarl|Parting Shot|p1a: Miraidon
|-unboost|p1a: Miraidon|atk|1
|-unboost|p1a: Miraidon|spa|1
|
|t:|1750833352
|switch|p2a: Archaludon|Archaludon, L50, F|100/100|[from] Parting Shot
|move|p1a: Miraidon|Dazzling Gleam|p2a: Archaludon|[spread] p2a,p2b
|-damage|p2a: Archaludon|64/100
|-damage|p2b: Reshiram|70/100
|-ability|p2a: Archaludon|Stamina|boost
|-boost|p2a: Archaludon|def|1
|move|p2b: Reshiram|Fusion Flare|p1b: Whimsicott
|-supereffective|p1b: Whimsicott
|-damage|p1b: Whimsicott|0 fnt
|faint|p1b: Whimsicott
|
|-heal|p2b: Reshiram|76/100|[from] item: Leftovers
|upkeep
|
|t:|1750833359
|switch|p1b: Groudon|Groudon, L50|100/100
|-weather|SunnyDay|[from] ability: Drought|[of] p1b: Groudon
|turn|2
|
|t:|1750833376
|move|p1a: Miraidon|Dazzling Gleam|p2b: Reshiram|[spread] p2a,p2b
|-damage|p2a: Archaludon|28/100
|-damage|p2b: Reshiram|50/100
|-ability|p2a: Archaludon|Stamina|boost
|-boost|p2a: Archaludon|def|1
|move|p1b: Groudon|Precipice Blades|p2b: Reshiram|[spread] p2b
|-miss|p1b: Groudon|p2a: Archaludon
|-supereffective|p2b: Reshiram
|-damage|p2b: Reshiram|0 fnt
|faint|p2b: Reshiram
|move|p2a: Archaludon|Flash Cannon|p1a: Miraidon
|-supereffective|p1a: Miraidon
|-damage|p1a: Miraidon|49/100
|
|-weather|SunnyDay|[upkeep]
|upkeep
|
|t:|1750833392
|switch|p2b: Grimmsnarl|Grimmsnarl, L50, M|100/100
|turn|3
|
|t:|1750833409
|move|p2b: Grimmsnarl|Reflect|p2b: Grimmsnarl
|-sidestart|p2: Rad22|Reflect
|move|p1a: Miraidon|Dazzling Gleam|p2b: Grimmsnarl|[spread] p2a,p2b
|-crit|p2a: Archaludon
|-supereffective|p2b: Grimmsnarl
|-damage|p2a: Archaludon|0 fnt
|-damage|p2b: Grimmsnarl|32/100
|faint|p2a: Archaludon
|move|p1b: Groudon|Precipice Blades|p2b: Grimmsnarl
|-damage|p2b: Grimmsnarl|0 fnt
|faint|p2b: Grimmsnarl
|
|-weather|SunnyDay|[upkeep]
|upkeep
|
|t:|1750833420
|switch|p2b: Gastrodon|Gastrodon, L50, F|100/100
|turn|4
|
|t:|1750833426
|move|p1a: Miraidon|Dazzling Gleam|p2b: Gastrodon
|-damage|p2b: Gastrodon|59/100
|move|p1b: Groudon|Precipice Blades|p2b: Gastrodon
|-damage|p2b: Gastrodon|10/100
|-enditem|p2b: Gastrodon|Sitrus Berry|[eat]
|-heal|p2b: Gastrodon|34/100|[from] item: Sitrus Berry
|move|p2b: Gastrodon|Icy Wind|p1a: Miraidon|[spread] p1a,p1b
|-supereffective|p1b: Groudon
|-damage|p1a: Miraidon|44/100
|-damage|p1b: Groudon|92/100
|-unboost|p1a: Miraidon|spe|1
|
|-weather|SunnyDay|[upkeep]
|upkeep
|turn|5
|
|t:|1750833432
|move|p1b: Groudon|Precipice Blades|p2b: Gastrodon
|-damage|p2b: Gastrodon|0 fnt
|faint|p2b: Gastrodon
|
|win|GG=Groudon Gaming
|raw|GG=Groudon Gaming's rating: 1000 &rarr; <strong>1040</strong><br />(+40 for winning)
|raw|Rad22's rating: 1000 &rarr; <strong>1000</strong><br />(+0 for losing)
