|j|☆parapapa123
|j|☆BlznFrnzy
|t:|1750857896
|gametype|doubles
|player|p1|parapapa123|265|1385
|player|p2|BlznFrnzy|266|1359
|teamsize|p1|6
|teamsize|p2|6
|gen|9
|tier|[Gen 9] VGC 2025 Reg I
|rated|
|rule|Species Clause: Limit one of each Pokémon
|rule|Item Clause: Limit 1 of each item
|clearpoke
|poke|p1|Calyrex-Ice, L50|
|poke|p1|Landorus, L50, M|
|poke|p1|Urshifu-*, L50, M|
|poke|p1|Farigiraf, L50, M|
|poke|p1|Miraidon, L50|
|poke|p1|Incineroar, L50, M|
|poke|p2|Moltres-Galar, L50|
|poke|p2|Kyogre, L50|
|poke|p2|Rillaboom, L50, M|
|poke|p2|Comfey, L50, F|
|poke|p2|Zamazenta-*, L50|
|poke|p2|Landorus, L50, M|
|teampreview|4
BlznFrnzy rejected open team sheets.
|
|t:|1750857912
|start
|switch|p1a: Calyrex|Calyrex-Ice, L50|100/100
|switch|p1b: Miraidon|Miraidon, L50|100/100
|switch|p2a: Moltres|Moltres-Galar, L50|100/100
|switch|p2b: Rillaboom|Rillaboom, L50, M|100/100
|-ability|p1a: Calyrex|As One
|-ability|p1a: Calyrex|Unnerve
|-fieldstart|move: Electric Terrain|[from] ability: Hadron Engine|[of] p1b: Miraidon
|-fieldstart|move: Grassy Terrain|[from] ability: Grassy Surge|[of] p2b: Rillaboom
|turn|1
|
|t:|1750857938
|switch|p1a: Farigiraf|Farigiraf, L50, M|100/100
|-terastallize|p1b: Miraidon|Fairy
|-terastallize|p2a: Moltres|Poison
|move|p1b: Miraidon|Dazzling Gleam|p2a: Moltres|[spread] p2a,p2b
|-resisted|p2a: Moltres
|-damage|p2a: Moltres|82/100
|-damage|p2b: Rillaboom|74/100
|move|p2a: Moltres|Fiery Wrath|p1a: Farigiraf|[spread] p1a,p1b
|-supereffective|p1a: Farigiraf
|-resisted|p1b: Miraidon
|-damage|p1a: Farigiraf|57/100
|-damage|p1b: Miraidon|85/100
|move|p2b: Rillaboom|U-turn|p1a: Farigiraf
|-supereffective|p1a: Farigiraf
|-damage|p1a: Farigiraf|12/100
|
|t:|1750857952
|switch|p2b: Zamazenta|Zamazenta-Crowned, L50|100/100|[from] U-turn
|-ability|p2b: Zamazenta|Dauntless Shield|boost
|-boost|p2b: Zamazenta|def|1
|
|-heal|p1b: Miraidon|91/100|[from] Grassy Terrain
|-heal|p2a: Moltres|88/100|[from] Grassy Terrain
|-heal|p1a: Farigiraf|19/100|[from] Grassy Terrain
|upkeep
|turn|2
|
|t:|1750857967
|switch|p1b: Urshifu|Urshifu-Rapid-Strike, L50, M|100/100
|move|p2b: Zamazenta|Behemoth Bash|p1b: Urshifu
|-resisted|p1b: Urshifu
|-damage|p1b: Urshifu|79/100
|move|p2a: Moltres|Fiery Wrath|p1a: Farigiraf|[spread] p1a,p1b
|-supereffective|p1a: Farigiraf
|-resisted|p1b: Urshifu
|-damage|p1a: Farigiraf|0 fnt
|-damage|p1b: Urshifu|52/100
|faint|p1a: Farigiraf
|
|-heal|p1b: Urshifu|58/100|[from] Grassy Terrain
|-heal|p2a: Moltres|94/100|[from] Grassy Terrain
|upkeep
|
|t:|1750857978
|switch|p1a: Miraidon|Miraidon, L50, tera:Fairy|91/100
|-fieldstart|move: Electric Terrain|[from] ability: Hadron Engine|[of] p1a: Miraidon
|turn|3
|
|t:|1750857999
|switch|p2a: Rillaboom|Rillaboom, L50, M|74/100
|-fieldstart|move: Grassy Terrain|[from] ability: Grassy Surge|[of] p2a: Rillaboom
|move|p1b: Urshifu|Surging Strikes|p2a: Rillaboom
|-resisted|p2a: Rillaboom
|-crit|p2a: Rillaboom
|-damage|p2a: Rillaboom|64/100
|-resisted|p2a: Rillaboom
|-crit|p2a: Rillaboom
|-damage|p2a: Rillaboom|55/100
|-resisted|p2a: Rillaboom
|-crit|p2a: Rillaboom
|-damage|p2a: Rillaboom|45/100
|-hitcount|p2a: Rillaboom|3
|move|p1a: Miraidon|Electro Drift|p2b: Zamazenta
|-damage|p2b: Zamazenta|44/100
|move|p2b: Zamazenta|Behemoth Bash|p1a: Miraidon
|-supereffective|p1a: Miraidon
|-damage|p1a: Miraidon|5/100
|
|-heal|p1b: Urshifu|64/100|[from] Grassy Terrain
|-heal|p1a: Miraidon|11/100|[from] Grassy Terrain
|-heal|p2b: Zamazenta|50/100|[from] Grassy Terrain
|-heal|p2a: Rillaboom|51/100|[from] Grassy Terrain
|upkeep
|turn|4
|
|t:|1750858025
|switch|p1a: Calyrex|Calyrex-Ice, L50|100/100
|-ability|p1a: Calyrex|As One
|-ability|p1a: Calyrex|Unnerve
|move|p2a: Rillaboom|Grassy Glide|p1a: Calyrex
|-damage|p1a: Calyrex|84/100
|move|p1b: Urshifu|Surging Strikes|p2b: Zamazenta
|-crit|p2b: Zamazenta
|-damage|p2b: Zamazenta|40/100
|-crit|p2b: Zamazenta
|-damage|p2b: Zamazenta|30/100
|-crit|p2b: Zamazenta
|-damage|p2b: Zamazenta|19/100
|-hitcount|p2b: Zamazenta|3
|move|p2b: Zamazenta|Body Press|p1b: Urshifu
|-damage|p1b: Urshifu|0 fnt
|faint|p1b: Urshifu
|
|-heal|p2b: Zamazenta|25/100|[from] Grassy Terrain
|-heal|p2a: Rillaboom|57/100|[from] Grassy Terrain
|-heal|p1a: Calyrex|90/100|[from] Grassy Terrain
|-heal|p1a: Calyrex|96/100|[from] item: Leftovers
|upkeep
|
|t:|1750858042
|switch|p1b: Miraidon|Miraidon, L50, tera:Fairy|11/100
|-fieldstart|move: Electric Terrain|[from] ability: Hadron Engine|[of] p1b: Miraidon
|turn|5
|
|t:|1750858062
|move|p2b: Zamazenta|Protect|p2b: Zamazenta
|-singleturn|p2b: Zamazenta|Protect
|move|p1b: Miraidon|Dazzling Gleam|p2b: Zamazenta|[spread] p2a
|-activate|p2b: Zamazenta|move: Protect
|-crit|p2a: Rillaboom
|-damage|p2a: Rillaboom|1/100
|move|p2a: Rillaboom|Wood Hammer|p1b: Miraidon
|-damage|p1b: Miraidon|0 fnt
|faint|p1b: Miraidon
|-damage|p2a: Rillaboom|0 fnt|[from] Recoil
|faint|p2a: Rillaboom
|move|p1a: Calyrex|Glacial Lance|p2b: Zamazenta
|-activate|p2b: Zamazenta|move: Protect
|
|-heal|p1a: Calyrex|100/100|[from] item: Leftovers
|upkeep
|
|t:|1750858083
|switch|p2a: Comfey|Comfey, L50, F|100/100
|turn|6
|
|t:|1750858093
|move|p2a: Comfey|Floral Healing|p2b: Zamazenta
|-heal|p2b: Zamazenta|75/100
|move|p2b: Zamazenta|Behemoth Bash|p1a: Calyrex
|-supereffective|p1a: Calyrex
|-damage|p1a: Calyrex|63/100
|move|p1a: Calyrex|Leech Seed|p2b: Zamazenta
|-start|p2b: Zamazenta|move: Leech Seed
|
|-heal|p1a: Calyrex|69/100|[from] item: Leftovers
|-damage|p2b: Zamazenta|63/100|[from] Leech Seed|[of] p1a: Calyrex
|-heal|p1a: Calyrex|80/100|[silent]
|upkeep
|turn|7
|
|t:|1750858122
|switch|p2b: Moltres|Moltres-Galar, L50, tera:Poison|94/100
|move|p2a: Comfey|Floral Healing|p2b: Moltres
|-heal|p2b: Moltres|100/100
|move|p1a: Calyrex|Leech Seed|p2a: Comfey
|-start|p2a: Comfey|move: Leech Seed
|
|-heal|p1a: Calyrex|86/100|[from] item: Leftovers
|-damage|p2a: Comfey|88/100|[from] Leech Seed|[of] p1a: Calyrex
|-heal|p1a: Calyrex|95/100|[silent]
|upkeep
|turn|8
|
|t:|1750858139
|switch|p2a: Zamazenta|Zamazenta-Crowned, L50|63/100
|move|p2b: Moltres|Nasty Plot|p2b: Moltres
|-boost|p2b: Moltres|spa|2
|move|p1a: Calyrex|Glacial Lance|p2a: Zamazenta|[spread] p2a,p2b
|-resisted|p2a: Zamazenta
|-damage|p2a: Zamazenta|50/100
|-damage|p2b: Moltres|54/100
|
|-heal|p1a: Calyrex|100/100|[from] item: Leftovers
|upkeep
|turn|9
|
|t:|1750858151
|move|p2a: Zamazenta|Behemoth Bash|p1a: Calyrex
|-supereffective|p1a: Calyrex
|-damage|p1a: Calyrex|65/100
|move|p2b: Moltres|Fiery Wrath|p1a: Calyrex
|-supereffective|p1a: Calyrex
|-damage|p1a: Calyrex|0 fnt
|faint|p1a: Calyrex
|
|win|BlznFrnzy
|raw|parapapa123's rating: 1385 &rarr; <strong>1364</strong><br />(-21 for losing)
|raw|BlznFrnzy's rating: 1359 &rarr; <strong>1380</strong><br />(+21 for winning)
|l|☆parapapa123
|player|p1|
|l|☆BlznFrnzy
|player|p2|
