|j|☆cap2tology
|j|☆Terminator7006
|t:|1750745242
|gametype|doubles
|player|p1|cap2tology|shadowtriad|1399
|player|p2|Terminator7006|drayden|1423
|teamsize|p1|6
|teamsize|p2|6
|gen|9
|tier|[Gen 9] VGC 2025 Reg I
|rated|
|rule|Species Clause: Limit one of each Pokémon
|rule|Item Clause: Limit 1 of each item
|clearpoke
|poke|p1|Koraidon, L50|
|poke|p1|Calyrex-Shadow, L50|
|poke|p1|Weezing-Galar, L50, M|
|poke|p1|Raging Bolt, L50|
|poke|p1|Volcarona, L50, F|
|poke|p1|Flutter Mane, L50|
|poke|p2|Lunala, L50|
|poke|p2|Kommo-o, L50, M|
|poke|p2|Incineroar, L50, M|
|poke|p2|Amoonguss, L50, M|
|poke|p2|Kyogre, L50|
|poke|p2|Chien-Pao, L50|
|teampreview|4
|
|t:|1750745279
|start
|switch|p1a: Koraidon|Koraidon, L50|100/100
|switch|p1b: Weezing|Weezing-Galar, L50, M, shiny|100/100
|switch|p2a: Lunala|Lunala, L50, shiny|100/100
|switch|p2b: Kommo-o|Kommo-o, L50, M|100/100
|-ability|p1b: Weezing|Neutralizing Gas
|-block|p1a: Koraidon|item: Ability Shield
|-weather|SunnyDay|[from] ability: Orichalcum Pulse|[of] p1a: Koraidon
|-activate|p1a: Koraidon|Orichalcum Pulse|[source]
|turn|1
|
|t:|1750745293
|-terastallize|p2b: Kommo-o|Steel
|move|p1a: Koraidon|Protect|p1a: Koraidon
|-singleturn|p1a: Koraidon|Protect
|move|p1b: Weezing|Taunt|p2a: Lunala
|-start|p2a: Lunala|move: Taunt
|move|p2b: Kommo-o|Flash Cannon|p1b: Weezing
|-supereffective|p1b: Weezing
|-damage|p1b: Weezing|0 fnt
|faint|p1b: Weezing
|-end|p1b: Weezing|ability: Neutralizing Gas
|-damage|p2b: Kommo-o|90/100|[from] item: Life Orb
|cant|p2a: Lunala|move: Taunt|Trick Room
|
|-weather|SunnyDay|[upkeep]
|upkeep
|
|t:|1750745310
|switch|p1b: Calyrex|Calyrex-Shadow, L50|100/100
|-ability|p1b: Calyrex|As One
|-ability|p1b: Calyrex|Unnerve
|turn|2
|
|t:|1750745360
|move|p2b: Kommo-o|Protect|p2b: Kommo-o
|-singleturn|p2b: Kommo-o|Protect
|move|p1b: Calyrex|Astral Barrage|p2b: Kommo-o|[spread] p2a
|-activate|p2b: Kommo-o|move: Protect
|-supereffective|p2a: Lunala
|-damage|p2a: Lunala|23/100
|-damage|p1b: Calyrex|91/100|[from] item: Life Orb
|move|p1a: Koraidon|Flame Charge|p2a: Lunala
|-damage|p2a: Lunala|0 fnt
|-boost|p1a: Koraidon|spe|1
|faint|p2a: Lunala
|
|-weather|SunnyDay|[upkeep]
|upkeep
|
|t:|1750745373
|switch|p2a: Kyogre|Kyogre, L50|100/100
|-weather|RainDance|[from] ability: Drizzle|[of] p2a: Kyogre
|turn|3
|
|t:|1750745393
|move|p1a: Koraidon|Collision Course|p2b: Kommo-o
|-supereffective|p2b: Kommo-o
|-damage|p2b: Kommo-o|0 fnt
|faint|p2b: Kommo-o
|move|p1b: Calyrex|Astral Barrage|p2a: Kyogre
|-damage|p2a: Kyogre|40/100
|-damage|p1b: Calyrex|81/100|[from] item: Life Orb
|move|p2a: Kyogre|Origin Pulse|p1a: Koraidon|[spread] p1a,p1b
|-resisted|p1a: Koraidon
|-damage|p1a: Koraidon|70/100
|-damage|p1b: Calyrex|5/100
|
|-weather|RainDance|[upkeep]
|upkeep
|
|t:|1750745402
|switch|p2b: Amoonguss|Amoonguss, L50, M, shiny|100/100
|turn|4
|
|t:|1750745428
|move|p1a: Koraidon|Protect|p1a: Koraidon
|-singleturn|p1a: Koraidon|Protect
|move|p2a: Kyogre|Protect|p2a: Kyogre
|-singleturn|p2a: Kyogre|Protect
|move|p1b: Calyrex|Astral Barrage|p2b: Amoonguss|[spread] p2b
|-activate|p2a: Kyogre|move: Protect
|-damage|p2b: Amoonguss|40/100
|-damage|p1b: Calyrex|0 fnt|[from] item: Life Orb
|faint|p1b: Calyrex
|move|p2b: Amoonguss|Spore|p1a: Koraidon
|-activate|p1a: Koraidon|move: Protect
|
|-weather|RainDance|[upkeep]
|upkeep
|
|t:|1750745444
|switch|p1b: Raging Bolt|Raging Bolt, L50|100/100
|turn|5
|
|t:|1750745478
|-terastallize|p1b: Raging Bolt|Electric
|move|p2b: Amoonguss|Rage Powder|p2b: Amoonguss
|-singleturn|p2b: Amoonguss|move: Rage Powder
|move|p1a: Koraidon|Collision Course|p2b: Amoonguss
|-resisted|p2b: Amoonguss
|-damage|p2b: Amoonguss|18/100
|-damage|p1a: Koraidon|54/100|[from] item: Rocky Helmet|[of] p2b: Amoonguss
|move|p1b: Raging Bolt|Thunderbolt|p2b: Amoonguss
|-resisted|p2b: Amoonguss
|-damage|p2b: Amoonguss|0 fnt
|faint|p2b: Amoonguss
|move|p2a: Kyogre|Origin Pulse|p1b: Raging Bolt|[spread] p1a,p1b
|-resisted|p1a: Koraidon
|-damage|p1a: Koraidon|20/100
|-damage|p1b: Raging Bolt|60/100
|
|-weather|RainDance|[upkeep]
|upkeep
|turn|6
|
|t:|1750745495
|move|p2a: Kyogre|Protect|p2a: Kyogre
|-singleturn|p2a: Kyogre|Protect
|move|p1b: Raging Bolt|Thunderclap||[still]
|-fail|p1b: Raging Bolt
|move|p1a: Koraidon|Collision Course|p2a: Kyogre
|-activate|p2a: Kyogre|move: Protect
|
|-weather|RainDance|[upkeep]
|upkeep
|turn|7
|
|t:|1750745505
|move|p2a: Kyogre|Protect|p2a: Kyogre
|-singleturn|p2a: Kyogre|Protect
|move|p1b: Raging Bolt|Thunderclap||[still]
|-fail|p1b: Raging Bolt
|move|p1a: Koraidon|Collision Course|p2a: Kyogre
|-activate|p2a: Kyogre|move: Protect
|
|-weather|none
|upkeep
|turn|8
|c|☆cap2tology|lets get triple
|
|t:|1750745521
|move|p2a: Kyogre|Protect||[still]
|-fail|p2a: Kyogre
|move|p1b: Raging Bolt|Thunderclap||[still]
|-fail|p1b: Raging Bolt
|move|p1a: Koraidon|Collision Course|p2a: Kyogre
|-damage|p2a: Kyogre|0 fnt
|faint|p2a: Kyogre
|
|win|cap2tology
|raw|cap2tology's rating: 1399 &rarr; <strong>1420</strong><br />(+21 for winning)
|raw|Terminator7006's rating: 1423 &rarr; <strong>1402</strong><br />(-21 for losing)
|c|☆Terminator7006|almost
|l|☆Terminator7006
|player|p2|
|c|☆cap2tology|gg
|l|☆cap2tology
|player|p1|
