|j|☆Caleb092997
|j|☆Ludikrik
|t:|1750867525
|gametype|doubles
|player|p1|Caleb092997|266|1381
|player|p2|Ludikrik|chili|1437
|teamsize|p1|6
|teamsize|p2|6
|gen|9
|tier|[Gen 9] VGC 2025 Reg I
|rated|
|rule|Species Clause: Limit one of each Pokémon
|rule|Item Clause: Limit 1 of each item
|clearpoke
|poke|p1|Cinderace, L50, F|
|poke|p1|Koraidon, L50|
|poke|p1|Calyrex-Shadow, L50|
|poke|p1|Tornadus, L50, M|
|poke|p1|Brute Bonnet, L50|
|poke|p1|Walking Wake, L50|
|poke|p2|Groudon, L50|
|poke|p2|Lunala, L50|
|poke|p2|Scream Tail, L50|
|poke|p2|Incineroar, L50, F|
|poke|p2|Ogerpon-Hearthflame, L50, F|
|poke|p2|Grimmsnarl, L50, M|
|teampreview|4
|inactive|Battle timer is ON: inactive players will automatically lose when time's up. (requested by Caleb092997)
Ludikrik has agreed to open team sheets.
|inactive|Caleb092997 has 60 seconds left.
|
|t:|1750867571
|start
|switch|p1a: Koraidon|Koraidon, L50|100/100
|switch|p1b: Cinderace|Cinderace, L50, F|100/100
|switch|p2a: INFERNOOOOOOOOO|Incineroar, L50, F|100/100
|switch|p2b: Grimmsnarl|Grimmsnarl, L50, M|100/100
|-weather|SunnyDay|[from] ability: Orichalcum Pulse|[of] p1a: Koraidon
|-activate|p1a: Koraidon|Orichalcum Pulse|[source]
|-ability|p2a: INFERNOOOOOOOOO|Intimidate|boost
|-unboost|p1a: Koraidon|atk|1
|-unboost|p1b: Cinderace|atk|1
|turn|1
|inactive|Ludikrik has 30 seconds left.
|inactive|Ludikrik has 20 seconds left.
|inactive|Ludikrik has 15 seconds left.
|inactive|Ludikrik has 10 seconds left.
|
|t:|1750867617
|move|p1b: Cinderace|Protect|p1b: Cinderace
|-start|p1b: Cinderace|typechange|Normal|[from] ability: Libero
|-singleturn|p1b: Cinderace|Protect
|move|p1a: Koraidon|Protect|p1a: Koraidon
|-singleturn|p1a: Koraidon|Protect
|move|p2a: INFERNOOOOOOOOO|Fake Out|p1b: Cinderace
|-activate|p1b: Cinderace|move: Protect
|move|p2b: Grimmsnarl|Thunder Wave|p1a: Koraidon
|-activate|p1a: Koraidon|move: Protect
|
|-weather|SunnyDay|[upkeep]
|upkeep
|turn|2
|
|t:|1750867636
|switch|p2a: Moom|Lunala, L50|100/100
|-terastallize|p1a: Koraidon|Fire
|move|p2b: Grimmsnarl|Thunder Wave|p1a: Koraidon
|-status|p1a: Koraidon|par
|move|p1b: Cinderace|Pyro Ball|p2b: Grimmsnarl
|-damage|p2b: Grimmsnarl|58/100
|move|p1a: Koraidon|Flare Blitz|p2b: Grimmsnarl
|-damage|p2b: Grimmsnarl|0 fnt
|faint|p2b: Grimmsnarl
|-damage|p1a: Koraidon|82/100 par|[from] Recoil
|
|-weather|SunnyDay|[upkeep]
|upkeep
|
|t:|1750867658
|switch|p2b: INFERNOOOOOOOOO|Incineroar, L50, F|100/100
|-ability|p2b: INFERNOOOOOOOOO|Intimidate|boost
|-unboost|p1a: Koraidon|atk|1
|-unboost|p1b: Cinderace|atk|1
|turn|3
|
|t:|1750867683
|switch|p1b: Walking Wake|Walking Wake, L50|100/100
|-activate|p1b: Walking Wake|ability: Protosynthesis
|-start|p1b: Walking Wake|protosynthesisspe
|-terastallize|p2a: Moom|Fairy
|move|p1a: Koraidon|Protect|p1a: Koraidon
|-singleturn|p1a: Koraidon|Protect
|move|p2b: INFERNOOOOOOOOO|Fake Out|p1b: Walking Wake
|-crit|p1b: Walking Wake
|-damage|p1b: Walking Wake|82/100
|move|p2a: Moom|Calm Mind|p2a: Moom
|-boost|p2a: Moom|spa|1
|-boost|p2a: Moom|spd|1
|
|-weather|SunnyDay|[upkeep]
|upkeep
|turn|4
|inactive|Caleb092997 has 30 seconds left.
|
|t:|1750867709
|switch|p1a: Cinderace|Cinderace, L50, F|100/100
|move|p1b: Walking Wake|Hydro Steam|p2b: INFERNOOOOOOOOO
|-supereffective|p2b: INFERNOOOOOOOOO
|-damage|p2b: INFERNOOOOOOOOO|23/100
|move|p2a: Moom|Moonblast|p1b: Walking Wake
|-supereffective|p1b: Walking Wake
|-damage|p1b: Walking Wake|0 fnt
|faint|p1b: Walking Wake
|-end|p1b: Walking Wake|Protosynthesis|[silent]
|move|p2b: INFERNOOOOOOOOO|Knock Off|p1a: Cinderace
|-damage|p1a: Cinderace|50/100
|-enditem|p1a: Cinderace|Focus Sash|[from] move: Knock Off|[of] p2b: INFERNOOOOOOOOO
|
|-weather|SunnyDay|[upkeep]
|upkeep
|
|t:|1750867723
|switch|p1b: Koraidon|Koraidon, L50, tera:Fire|82/100 par
|-activate|p1b: Koraidon|ability: Orichalcum Pulse
|turn|5
|
|t:|1750867737
|switch|p2b: Goudron|Groudon, L50|100/100
|move|p2a: Moom|Protect|p2a: Moom
|-singleturn|p2a: Moom|Protect
|move|p1a: Cinderace|Pyro Ball|p2a: Moom
|-activate|p2a: Moom|move: Protect
|cant|p1b: Koraidon|par
|
|-weather|none
|upkeep
|turn|6
|inactive|Ludikrik has 30 seconds left.
|inactive|Ludikrik has 20 seconds left.
|
|t:|1750867777
|switch|p1b: Brute Bonnet|Brute Bonnet, L50|100/100
|move|p1a: Cinderace|Pyro Ball|p2a: Moom
|-damage|p2a: Moom|77/100
|-status|p2a: Moom|brn
|move|p2a: Moom|Moongeist Beam|p1b: Brute Bonnet
|-resisted|p1b: Brute Bonnet
|-damage|p1b: Brute Bonnet|68/100
|move|p2b: Goudron|Precipice Blades|p1b: Brute Bonnet|[spread] p1b
|-miss|p2b: Goudron|p1a: Cinderace
|-resisted|p1b: Brute Bonnet
|-damage|p1b: Brute Bonnet|53/100
|
|-heal|p2a: Moom|83/100 brn|[from] item: Leftovers
|-damage|p2a: Moom|77/100 brn|[from] brn
|upkeep
|turn|7
|inactive|Caleb092997 has 30 seconds left.
|
|t:|1750867808
|move|p2a: Moom|Protect|p2a: Moom
|-singleturn|p2a: Moom|Protect
|move|p1a: Cinderace|Pyro Ball|p2a: Moom
|-activate|p2a: Moom|move: Protect
|move|p2b: Goudron|Heat Crash|p1b: Brute Bonnet
|-supereffective|p1b: Brute Bonnet
|-damage|p1b: Brute Bonnet|0 fnt
|faint|p1b: Brute Bonnet
|-end|p1b: Brute Bonnet|Protosynthesis|[silent]
|
|-heal|p2a: Moom|83/100 brn|[from] item: Leftovers
|-damage|p2a: Moom|77/100 brn|[from] brn
|upkeep
|
|t:|1750867814
|switch|p1b: Koraidon|Koraidon, L50, tera:Fire|82/100 par
|-weather|SunnyDay|[from] ability: Orichalcum Pulse|[of] p1b: Koraidon
|-activate|p1b: Koraidon|Orichalcum Pulse|[source]
|turn|8
|inactive|Ludikrik has 30 seconds left.
|
|t:|1750867841
|switch|p2a: INFERNOOOOOOOOO|Incineroar, L50, F|23/100
|-ability|p2a: INFERNOOOOOOOOO|Intimidate|boost
|-unboost|p1a: Cinderace|atk|1
|-unboost|p1b: Koraidon|atk|1
|move|p1a: Cinderace|Pyro Ball|p2b: Goudron|[miss]
|-miss|p1a: Cinderace|p2b: Goudron
|move|p2b: Goudron|Precipice Blades|p1b: Koraidon|[spread] p1a,p1b
|-supereffective|p1a: Cinderace
|-supereffective|p1b: Koraidon
|-damage|p1a: Cinderace|0 fnt
|-damage|p1b: Koraidon|7/100 par
|faint|p1a: Cinderace
|move|p1b: Koraidon|Flare Blitz|p2b: Goudron
|-damage|p2b: Goudron|51/100
|-status|p2b: Goudron|brn
|-damage|p1b: Koraidon|0 fnt|[from] Recoil
|faint|p1b: Koraidon
|
|win|Ludikrik
|raw|Caleb092997's rating: 1381 &rarr; <strong>1364</strong><br />(-17 for losing)
|raw|Ludikrik's rating: 1437 &rarr; <strong>1454</strong><br />(+17 for winning)
|l|☆Ludikrik
|player|p2|
|l|☆Caleb092997
|player|p1|
