|j|☆BACD
|j|☆corndog7
|t:|1750820360
|gametype|doubles
|player|p1|BACD|flint|1191
|player|p2|corndog7|169|1272
|teamsize|p1|6
|teamsize|p2|6
|gen|9
|tier|[Gen 9] VGC 2025 Reg I
|rated|
|rule|Species Clause: Limit one of each Pokémon
|rule|Item Clause: Limit 1 of each item
|clearpoke
|poke|p1|Regieleki, L50|
|poke|p1|Calyrex-Shadow, L50|
|poke|p1|Zamazenta-*, L50|
|poke|p1|Brute Bonnet, L50|
|poke|p1|Ditto, L50|
|poke|p1|Chi-Yu, L50|
|poke|p2|Calyrex-Shadow, L50|
|poke|p2|Terapagos, L50, M|
|poke|p2|Dragonite, L50, M|
|poke|p2|Chien-Pao, L50|
|poke|p2|Amoonguss, L50, M|
|poke|p2|Incineroar, L50, F|
|teampreview|4
|inactive|Battle timer is ON: inactive players will automatically lose when time's up. (requested by corndog7)
|inactive|BACD has 60 seconds left.
|
|t:|1750820414
|start
|switch|p1a: Regieleki|Regieleki, L50, shiny|100/100
|switch|p1b: Zamazenta|Zamazenta-Crowned, L50|100/100
|switch|p2a: Terapagos|Terapagos, L50, M|100/100
|switch|p2b: Amoonguss|Amoonguss, L50, M|100/100
|-activate|p2a: Terapagos|ability: Tera Shift
|detailschange|p2a: Terapagos|Terapagos-Terastal, L50, M
|-heal|p2a: Terapagos|100/100|[silent]
|-ability|p1b: Zamazenta|Dauntless Shield|boost
|-boost|p1b: Zamazenta|def|1
|turn|1
|c|☆corndog7|Cbad
|inactive|BACD has 30 seconds left.
|inactive|BACD has 20 seconds left.
|inactive|BACD has 15 seconds left.
|inactive|BACD has 10 seconds left.
|inactive|BACD has 5 seconds left.
|
|t:|1750820465
|switch|p1b: Brute Bonnet|Brute Bonnet, L50|100/100
|move|p2b: Amoonguss|Rage Powder|p2b: Amoonguss
|-singleturn|p2b: Amoonguss|move: Rage Powder
|move|p1a: Regieleki|Electroweb|p2b: Amoonguss|[spread] p2a,p2b
|-activate|p2a: Terapagos|ability: Tera Shell
|-resisted|p2a: Terapagos
|-resisted|p2b: Amoonguss
|-damage|p2a: Terapagos|94/100
|-damage|p2b: Amoonguss|93/100
|-unboost|p2a: Terapagos|spe|1
|move|p2a: Terapagos|Earth Power|p1b: Brute Bonnet
|-resisted|p1b: Brute Bonnet
|-damage|p1b: Brute Bonnet|84/100
|
|upkeep
|turn|2
|
|t:|1750820487
|move|p1a: Regieleki|Light Screen|p1a: Regieleki
|-sidestart|p1: BACD|move: Light Screen
|move|p2a: Terapagos|Earth Power|p1a: Regieleki
|-supereffective|p1a: Regieleki
|-damage|p1a: Regieleki|0 fnt
|faint|p1a: Regieleki
|move|p1b: Brute Bonnet|Spore|p2a: Terapagos
|-status|p2a: Terapagos|slp|[from] move: Spore
|move|p2b: Amoonguss|Sludge Bomb|p1b: Brute Bonnet
|-supereffective|p1b: Brute Bonnet
|-damage|p1b: Brute Bonnet|58/100
|
|upkeep
|
|t:|1750820503
|switch|p1a: Zamazenta|Zamazenta-Crowned, L50|100/100
|turn|3
|
|t:|1750820519
|move|p2b: Amoonguss|Rage Powder|p2b: Amoonguss
|-singleturn|p2b: Amoonguss|move: Rage Powder
|move|p1a: Zamazenta|Body Press|p2b: Amoonguss
|-resisted|p2b: Amoonguss
|-damage|p2b: Amoonguss|75/100
|cant|p2a: Terapagos|slp
|move|p1b: Brute Bonnet|Pollen Puff|p2b: Amoonguss
|-damage|p2b: Amoonguss|59/100
|
|upkeep
|turn|4
|
|t:|1750820535
|move|p1a: Zamazenta|Body Press|p2a: Terapagos
|-supereffective|p2a: Terapagos
|-damage|p2a: Terapagos|25/100 slp
|-curestatus|p2a: Terapagos|slp|[msg]
|move|p2a: Terapagos|Earth Power|p1a: Zamazenta
|-supereffective|p1a: Zamazenta
|-damage|p1a: Zamazenta|62/100
|move|p1b: Brute Bonnet|Pollen Puff|p2b: Amoonguss
|-damage|p2b: Amoonguss|43/100
|move|p2b: Amoonguss|Spore|p1a: Zamazenta
|-status|p1a: Zamazenta|slp|[from] move: Spore
|
|upkeep
|turn|5
|inactive|BACD has 30 seconds left.
|
|t:|1750820568
|switch|p1a: Ditto|Ditto, L50, shiny|100/100
|-transform|p1a: Ditto|p2b: Amoonguss|[from] ability: Imposter
|move|p2a: Terapagos|Earth Power|p1a: Ditto
|-damage|p1a: Ditto|63/100
|-unboost|p1a: Ditto|spd|1
|move|p1b: Brute Bonnet|Spore|p2a: Terapagos
|-status|p2a: Terapagos|slp|[from] move: Spore
|move|p2b: Amoonguss|Pollen Puff|p2a: Terapagos
|-heal|p2a: Terapagos|75/100 slp
|
|upkeep
|turn|6
|
|t:|1750820590
|switch|p2a: Incineroar|Incineroar, L50, F|100/100
|-ability|p2a: Incineroar|Intimidate|boost
|-unboost|p1a: Ditto|atk|1
|-unboost|p1b: Brute Bonnet|atk|1
|move|p1b: Brute Bonnet|Pollen Puff|p2a: Incineroar
|-damage|p2a: Incineroar|92/100
|move|p1a: Ditto|Sludge Bomb|p2a: Incineroar
|-damage|p2a: Incineroar|77/100
|move|p2b: Amoonguss|Pollen Puff|p1b: Brute Bonnet
|-supereffective|p1b: Brute Bonnet
|-damage|p1b: Brute Bonnet|17/100
|
|-sideend|p1: BACD|move: Light Screen
|upkeep
|turn|7
|
|t:|1750820618
|move|p2a: Incineroar|U-turn|p1b: Brute Bonnet
|-supereffective|p1b: Brute Bonnet
|-damage|p1b: Brute Bonnet|0 fnt
|-damage|p2a: Incineroar|60/100|[from] item: Rocky Helmet|[of] p1b: Brute Bonnet
|faint|p1b: Brute Bonnet
|-end|p1b: Brute Bonnet|Protosynthesis|[silent]
|
|t:|1750820620
|switch|p2a: Terapagos|Terapagos-Terastal, L50, M|75/100 slp|[from] U-turn
|move|p1a: Ditto|Spore|p2a: Terapagos
|-fail|p2a: Terapagos|slp
|move|p2b: Amoonguss|Sludge Bomb|p1a: Ditto
|-damage|p1a: Ditto|11/100
|
|upkeep
|
|t:|1750820630
|switch|p1b: Zamazenta|Zamazenta-Crowned, L50|62/100 slp
|turn|8
|-message|BACD forfeited.
|
|win|corndog7
|raw|BACD's rating: 1191 &rarr; <strong>1172</strong><br />(-19 for losing)
|raw|corndog7's rating: 1272 &rarr; <strong>1291</strong><br />(+19 for winning)
|l|☆BACD
|player|p1|
