|j|‽miketrash123
|j|☆ELLOCOBLANCO
|t:|1750742334
|gametype|doubles
|player|p1|miketrash123|turo-ai|1202
|player|p2|ELLOCOBLANCO|gambler|1186
|teamsize|p1|6
|teamsize|p2|6
|gen|9
|tier|[Gen 9] VGC 2025 Reg I
|rated|
|rule|Species Clause: Limit one of each Pokémon
|rule|Item Clause: Limit 1 of each item
|clearpoke
|poke|p1|Calyrex-Ice, L50|
|poke|p1|Miraidon, L50|
|poke|p1|Iron Hands, L50|
|poke|p1|Grimmsnarl, L50, M|
|poke|p1|Farigiraf, L50, F|
|poke|p1|Chien-Pao, L50|
|poke|p2|Lugia, L50|
|poke|p2|Moltres-Galar, L50|
|poke|p2|Landorus-Therian, L50, M|
|poke|p2|Dragonite, L50, F|
|poke|p2|Thundurus-Therian, L50, M|
|poke|p2|Corviknight, L50, M|
|teampreview|4
|j| Baystonecoast
miketrash123 has agreed to open team sheets.
ELLOCOBLANCO rejected open team sheets.
|inactive|Battle timer is ON: inactive players will automatically lose when time's up. (requested by miketrash123)
|l| Baystonecoast
|
|t:|1750742360
|start
|switch|p1a: Miraidon|Miraidon, L50|100/100
|switch|p1b: Farigiraf|Farigiraf, L50, F|100/100
|switch|p2a: Landorus|Landorus-Therian, L50, M, shiny|100/100
|switch|p2b: Moltres|Moltres-Galar, L50, shiny|100/100
|-ability|p2a: Landorus|Intimidate|boost
|-unboost|p1a: Miraidon|atk|1
|-unboost|p1b: Farigiraf|atk|1
|-fieldstart|move: Electric Terrain|[from] ability: Hadron Engine|[of] p1a: Miraidon
|-enditem|p1b: Farigiraf|Electric Seed
|-boost|p1b: Farigiraf|def|1|[from] item: Electric Seed
|turn|1
|
|t:|1750742377
|switch|p2b: Thundurus|Thundurus-Therian, L50, M, shiny|100/100
|move|p2a: Landorus|Taunt|p1b: Farigiraf
|-start|p1b: Farigiraf|move: Taunt
|move|p1a: Miraidon|Volt Switch|p2b: Thundurus
|-immune|p2b: Thundurus|[from] ability: Volt Absorb
|cant|p1b: Farigiraf|move: Taunt|Trick Room
|
|upkeep
|turn|2
|
|t:|1750742398
|switch|p2a: Moltres|Moltres-Galar, L50, shiny|100/100
|switch|p1a: Chien-Pao|Chien-Pao, L50|100/100
|-ability|p1a: Chien-Pao|Sword of Ruin
|switch|p1b: Calyrex|Calyrex-Ice, L50|100/100
|-ability|p1b: Calyrex|As One
|-ability|p1b: Calyrex|Unnerve
|move|p2b: Thundurus|Thunderbolt|p1b: Calyrex
|-crit|p1b: Calyrex
|-damage|p1b: Calyrex|38/100
|-damage|p2b: Thundurus|91/100|[from] item: Life Orb
|
|upkeep
|turn|3
|
|t:|1750742419
|move|p1b: Calyrex|Protect|p1b: Calyrex
|-singleturn|p1b: Calyrex|Protect
|move|p1a: Chien-Pao|Ice Spinner|p2b: Thundurus
|-supereffective|p2b: Thundurus
|-damage|p2b: Thundurus|0 fnt
|-fieldend|move: Electric Terrain
|faint|p2b: Thundurus
|move|p2a: Moltres|Foul Play|p1b: Calyrex
|-activate|p1b: Calyrex|move: Protect
|
|upkeep
|
|t:|1750742425
|switch|p2b: Landorus|Landorus-Therian, L50, M, shiny|100/100
|-ability|p2b: Landorus|Intimidate|boost
|-unboost|p1a: Chien-Pao|atk|1
|-fail|p1b: Calyrex|unboost|[from] item: Clear Amulet|[of] p1b: Calyrex
|turn|4
|
|t:|1750742438
|-terastallize|p2b: Landorus|Ground
|move|p2b: Landorus|Earthquake|p1b: Calyrex|[spread] p1a,p1b
|-immune|p2a: Moltres
|-damage|p1a: Chien-Pao|27/100
|-damage|p1b: Calyrex|0 fnt
|faint|p1b: Calyrex
|move|p1a: Chien-Pao|Ice Spinner|p2a: Moltres
|-supereffective|p2a: Moltres
|-damage|p2a: Moltres|38/100
|-ability|p2a: Moltres|Berserk|boost
|-boost|p2a: Moltres|spa|1
|move|p2a: Moltres|Fiery Wrath|p1a: Chien-Pao
|-resisted|p1a: Chien-Pao
|-damage|p1a: Chien-Pao|0 fnt
|faint|p1a: Chien-Pao
|
|upkeep
|
|t:|1750742444
|switch|p1a: Farigiraf|Farigiraf, L50, F|100/100
|switch|p1b: Miraidon|Miraidon, L50|100/100
|-fieldstart|move: Electric Terrain|[from] ability: Hadron Engine|[of] p1b: Miraidon
|turn|5
|
|t:|1750742463
|move|p2b: Landorus|Earthquake|p1b: Miraidon|[spread] p1a,p1b
|-immune|p2a: Moltres
|-supereffective|p1b: Miraidon
|-damage|p1a: Farigiraf|53/100
|-damage|p1b: Miraidon|0 fnt
|faint|p1b: Miraidon
|move|p2a: Moltres|Snarl|p1a: Farigiraf
|-supereffective|p1a: Farigiraf
|-damage|p1a: Farigiraf|0 fnt
|faint|p1a: Farigiraf
|
|win|ELLOCOBLANCO
|raw|miketrash123's rating: 1202 &rarr; <strong>1176</strong><br />(-26 for losing)
|raw|ELLOCOBLANCO's rating: 1186 &rarr; <strong>1212</strong><br />(+26 for winning)
|l|‽miketrash123
|player|p1|
|l|☆ELLOCOBLANCO
|player|p2|
