|j|☆Kampfstube
|j|☆momentaueita
|t:|1750831217
|gametype|doubles
|player|p1|Kampfstube|volkner|1448
|player|p2|momentaueita|flint|1451
|teamsize|p1|6
|teamsize|p2|6
|gen|9
|tier|[Gen 9] VGC 2025 Reg I
|rated|
|rule|Species Clause: Limit one of each Pokémon
|rule|Item Clause: Limit 1 of each item
|clearpoke
|poke|p1|Miraidon, L50|
|poke|p1|Lunala, L50|
|poke|p1|Incineroar, L50, F|
|poke|p1|Grimmsnarl, L50, M|
|poke|p1|Ogerpon-Wellspring, L50, F|
|poke|p1|Ursaluna, L50, M|
|poke|p2|Scraggy, L50, F|
|poke|p2|Calyrex-Ice, L50|
|poke|p2|Miraidon, L50|
|poke|p2|Iron Hands, L50|
|poke|p2|Farigiraf, L50, M|
|poke|p2|Iron Valiant, L50|
|teampreview|4
|inactive|Battle timer is ON: inactive players will automatically lose when time's up. (requested by Kampfstube)
Kampfstube rejected open team sheets.
|
|t:|1750831244
|start
|switch|p1a: Miraidon|Miraidon, L50|100/100
|switch|p1b: Incineroar|Incineroar, L50, F|100/100
|switch|p2a: Miraidon|Miraidon, L50|100/100
|switch|p2b: Iron Valiant|Iron Valiant, L50, shiny|100/100
|-fieldstart|move: Electric Terrain|[from] ability: Hadron Engine|[of] p2a: Miraidon
|-activate|p2b: Iron Valiant|ability: Quark Drive
|-start|p2b: Iron Valiant|quarkdrivespe
|-activate|p1a: Miraidon|ability: Hadron Engine
|-ability|p1b: Incineroar|Intimidate|boost
|-unboost|p2a: Miraidon|atk|1
|-unboost|p2b: Iron Valiant|atk|1
|turn|1
|inactive|Kampfstube has 30 seconds left.
|
|t:|1750831278
|-end|p2b: Iron Valiant|Quark Drive|[silent]
|switch|p2b: Farigiraf|Farigiraf, L50, M|100/100
|-terastallize|p2a: Miraidon|Fairy
|move|p1b: Incineroar|Fake Out||[still]
|cant|p2b: Farigiraf|ability: Armor Tail|Fake Out|[of] p1b: Incineroar
|move|p2a: Miraidon|Dazzling Gleam|p1b: Incineroar|[spread] p1a,p1b
|-supereffective|p1a: Miraidon
|-damage|p1a: Miraidon|0 fnt
|-damage|p1b: Incineroar|61/100
|faint|p1a: Miraidon
|
|upkeep
|
|t:|1750831287
|switch|p1a: Lunala|Lunala, L50|100/100
|-enditem|p1a: Lunala|Electric Seed
|-boost|p1a: Lunala|def|1|[from] item: Electric Seed
|turn|2
|
|t:|1750831305
|switch|p2a: Iron Valiant|Iron Valiant, L50, shiny|100/100
|-activate|p2a: Iron Valiant|ability: Quark Drive
|-start|p2a: Iron Valiant|quarkdrivespe
|-terastallize|p1a: Lunala|Fairy
|move|p1b: Incineroar|U-turn|p2b: Farigiraf
|-supereffective|p2b: Farigiraf
|-damage|p2b: Farigiraf|69/100
|
|t:|1750831312
|switch|p1b: Ursaluna|Ursaluna, L50, M|100/100|[from] U-turn
|move|p1a: Lunala|Trick Room|p1a: Lunala
|-fieldstart|move: Trick Room|[of] p1a: Lunala
|move|p2b: Farigiraf|Trick Room|p2b: Farigiraf
|-fieldend|move: Trick Room
|
|-status|p1b: Ursaluna|brn|[from] item: Flame Orb
|upkeep
|turn|3
|inactive|momentaueita has 30 seconds left.
|
|t:|1750831342
|move|p2a: Iron Valiant|Encore|p1a: Lunala
|-start|p1a: Lunala|Encore
|move|p2b: Farigiraf|Psychic|p1b: Ursaluna
|-damage|p1b: Ursaluna|68/100 brn
|-unboost|p1b: Ursaluna|spd|1
|move|p1b: Ursaluna|Facade|p2b: Farigiraf
|-damage|p2b: Farigiraf|0 fnt
|faint|p2b: Farigiraf
|move|p1a: Lunala|Trick Room|p1a: Lunala
|-fieldstart|move: Trick Room|[of] p1a: Lunala
|
|-damage|p1b: Ursaluna|62/100 brn|[from] brn
|upkeep
|
|t:|1750831347
|switch|p2b: Calyrex|Calyrex-Ice, L50|100/100
|-ability|p2b: Calyrex|As One
|-ability|p2b: Calyrex|Unnerve
|turn|4
|
|t:|1750831367
|switch|p1a: Incineroar|Incineroar, L50, F|61/100
|-ability|p1a: Incineroar|Intimidate|boost
|-unboost|p2a: Iron Valiant|atk|1
|-fail|p2b: Calyrex|unboost|[from] item: Clear Amulet|[of] p2b: Calyrex
|move|p1b: Ursaluna|Protect|p1b: Ursaluna
|-singleturn|p1b: Ursaluna|Protect
|move|p2b: Calyrex|Glacial Lance|p1b: Ursaluna|[spread] p1a
|-activate|p1b: Ursaluna|move: Protect
|-resisted|p1a: Incineroar
|-damage|p1a: Incineroar|39/100
|move|p2a: Iron Valiant|Moonblast|p1a: Incineroar
|-damage|p1a: Incineroar|12/100
|
|-damage|p1b: Ursaluna|57/100 brn|[from] brn
|upkeep
|turn|5
|inactive|Kampfstube has 30 seconds left.
|
|t:|1750831397
|move|p2b: Calyrex|Protect|p2b: Calyrex
|-singleturn|p2b: Calyrex|Protect
|move|p1a: Incineroar|Fake Out|p2a: Iron Valiant
|-damage|p2a: Iron Valiant|87/100
|move|p1b: Ursaluna|Facade|p2a: Iron Valiant
|-damage|p2a: Iron Valiant|0 fnt
|faint|p2a: Iron Valiant
|-end|p2a: Iron Valiant|Quark Drive|[silent]
|
|-damage|p1b: Ursaluna|51/100 brn|[from] brn
|-fieldend|move: Electric Terrain
|upkeep
|
|t:|1750831402
|switch|p2a: Miraidon|Miraidon, L50, tera:Fairy|100/100
|-fieldstart|move: Electric Terrain|[from] ability: Hadron Engine|[of] p2a: Miraidon
|turn|6
|
|t:|1750831415
|move|p1b: Ursaluna|Protect|p1b: Ursaluna
|-singleturn|p1b: Ursaluna|Protect
|move|p2b: Calyrex|Glacial Lance|p1a: Incineroar|[spread] p1a
|-activate|p1b: Ursaluna|move: Protect
|-resisted|p1a: Incineroar
|-damage|p1a: Incineroar|0 fnt
|faint|p1a: Incineroar
|-ability|p2b: Calyrex|Chilling Neigh|boost
|-boost|p2b: Calyrex|atk|1
|move|p2a: Miraidon|Electro Drift|p1b: Ursaluna
|-activate|p1b: Ursaluna|move: Protect
|
|-damage|p1b: Ursaluna|45/100 brn|[from] brn
|upkeep
|
|t:|1750831428
|switch|p1a: Lunala|Lunala, L50, tera:Fairy|100/100
|turn|7
|
|t:|1750831446
|move|p1a: Lunala|Wide Guard|p1a: Lunala
|-singleturn|p1a: Lunala|Wide Guard
|move|p1b: Ursaluna|Earthquake|p2b: Calyrex|[spread] p2a,p2b
|-activate|p1a: Lunala|move: Wide Guard
|-damage|p2a: Miraidon|32/100
|-damage|p2b: Calyrex|56/100
|move|p2b: Calyrex|High Horsepower|p1b: Ursaluna
|-damage|p1b: Ursaluna|0 fnt
|faint|p1b: Ursaluna
|-ability|p2b: Calyrex|Chilling Neigh|boost
|-boost|p2b: Calyrex|atk|1
|move|p2a: Miraidon|Electro Drift|p1a: Lunala
|-damage|p1a: Lunala|54/100
|
|-fieldend|move: Trick Room
|upkeep
|turn|8
|inactive|Kampfstube has 30 seconds left.
|
|t:|1750831472
|move|p2a: Miraidon|Electro Drift|p1a: Lunala
|-damage|p1a: Lunala|0 fnt
|faint|p1a: Lunala
|
|win|momentaueita
|raw|Kampfstube's rating: 1448 &rarr; <strong>1428</strong><br />(-20 for losing)
|raw|momentaueita's rating: 1451 &rarr; <strong>1471</strong><br />(+20 for winning)
|l|☆Kampfstube
|player|p1|
|l|☆momentaueita
|player|p2|
