|j|☆YoshiKing94
|j|☆sunnyforces
|t:|1750781093
|gametype|doubles
|player|p1|YoshiKing94|caitlin|1193
|player|p2|sunnyforces|101|1150
|teamsize|p1|6
|teamsize|p2|6
|gen|9
|tier|[Gen 9] VGC 2025 Reg I
|rated|
|rule|Species Clause: Limit one of each Pokémon
|rule|Item Clause: Limit 1 of each item
|clearpoke
|poke|p1|Calyrex-Shadow, L50|
|poke|p1|Indeedee-F, L50, F|
|poke|p1|Roaring Moon, L50|
|poke|p1|Landorus, L50, M|
|poke|p1|Zamazenta-*, L50|
|poke|p1|Urshifu-*, L50, F|
|poke|p2|Zamazenta-*, L50|
|poke|p2|Raging Bolt, L50|
|poke|p2|Chien-Pao, L50|
|poke|p2|Urshifu-*, L50, F|
|poke|p2|Amoonguss, L50, F|
|poke|p2|Rillaboom, L50, M|
|teampreview|4
|inactive|Battle timer is ON: inactive players will automatically lose when time's up. (requested by sunnyforces)
|
|t:|1750781148
|start
|switch|p1a: Roaring Moon|Roaring Moon, L50|100/100
|switch|p1b: Landorus|Landorus, L50, M|100/100
|switch|p2a: Chien-Pao|Chien-Pao, L50|100/100
|switch|p2b: Urshifu|Urshifu, L50, F|100/100
|-ability|p2a: Chien-Pao|Sword of Ruin
|-enditem|p1a: Roaring Moon|Booster Energy
|-activate|p1a: Roaring Moon|ability: Protosynthesis|[fromitem]
|-start|p1a: Roaring Moon|protosynthesisspe
|turn|1
|
|t:|1750781169
|move|p2b: Urshifu|Protect|p2b: Urshifu
|-singleturn|p2b: Urshifu|Protect
|move|p1a: Roaring Moon|Tailwind|p1a: Roaring Moon
|-sidestart|p1: YoshiKing94|move: Tailwind
|move|p1b: Landorus|U-turn|p2a: Chien-Pao
|-supereffective|p2a: Chien-Pao
|-damage|p2a: Chien-Pao|37/100
|-damage|p1b: Landorus|91/100|[from] item: Life Orb
|inactive|YoshiKing94 has 30 seconds left.
|inactive|YoshiKing94 has 20 seconds left.
|
|t:|1750781208
|switch|p1b: Zamazenta|Zamazenta-Crowned, L50|100/100|[from] U-turn
|-ability|p1b: Zamazenta|Dauntless Shield|boost
|-boost|p1b: Zamazenta|def|1
|move|p2a: Chien-Pao|Icicle Crash|p1b: Zamazenta
|-resisted|p1b: Zamazenta
|-damage|p1b: Zamazenta|90/100
|
|upkeep
|turn|2
|inactive|YoshiKing94 has 30 seconds left.
|inactive|YoshiKing94 has 20 seconds left.
|
|t:|1750781246
|move|p1a: Roaring Moon|Dragon Claw|p2a: Chien-Pao
|-damage|p2a: Chien-Pao|0 fnt
|faint|p2a: Chien-Pao
|move|p1b: Zamazenta|Body Press|p2b: Urshifu
|-supereffective|p2b: Urshifu
|-damage|p2b: Urshifu|0 fnt
|faint|p2b: Urshifu
|
|upkeep
|
|t:|1750781257
|switch|p2a: Zamazenta|Zamazenta-Crowned, L50|100/100
|switch|p2b: Rillaboom|Rillaboom, L50, M|100/100
|-ability|p2a: Zamazenta|Dauntless Shield|boost
|-boost|p2a: Zamazenta|def|1
|-fieldstart|move: Grassy Terrain|[from] ability: Grassy Surge|[of] p2b: Rillaboom
|turn|3
|inactive|YoshiKing94 has 30 seconds left.
|inactive|YoshiKing94 has 20 seconds left.
|
|t:|1750781293
|move|p2a: Zamazenta|Protect|p2a: Zamazenta
|-singleturn|p2a: Zamazenta|Protect
|move|p2b: Rillaboom|Grassy Glide|p1a: Roaring Moon
|-resisted|p1a: Roaring Moon
|-damage|p1a: Roaring Moon|83/100
|move|p1a: Roaring Moon|Knock Off|p2b: Rillaboom
|-crit|p2b: Rillaboom
|-damage|p2b: Rillaboom|37/100
|-enditem|p2b: Rillaboom|Assault Vest|[from] move: Knock Off|[of] p1a: Roaring Moon
|move|p1b: Zamazenta|Body Press|p2b: Rillaboom
|-damage|p2b: Rillaboom|0 fnt
|faint|p2b: Rillaboom
|
|-heal|p1a: Roaring Moon|89/100|[from] Grassy Terrain
|-heal|p1b: Zamazenta|96/100|[from] Grassy Terrain
|upkeep
|turn|4
|
|t:|1750781317
|move|p2a: Zamazenta|Protect|p2a: Zamazenta
|-singleturn|p2a: Zamazenta|Protect
|move|p1a: Roaring Moon|Dragon Claw|p2a: Zamazenta
|-activate|p2a: Zamazenta|move: Protect
|move|p1b: Zamazenta|Body Press|p2a: Zamazenta
|-activate|p2a: Zamazenta|move: Protect
|
|-heal|p1a: Roaring Moon|95/100|[from] Grassy Terrain
|-heal|p1b: Zamazenta|100/100|[from] Grassy Terrain
|-sideend|p1: YoshiKing94|move: Tailwind
|upkeep
|turn|5
|
|t:|1750781337
|-terastallize|p2a: Zamazenta|Grass
|move|p1a: Roaring Moon|Tailwind|p1a: Roaring Moon
|-sidestart|p1: YoshiKing94|move: Tailwind
|move|p1b: Zamazenta|Body Press|p2a: Zamazenta
|-damage|p2a: Zamazenta|65/100
|move|p2a: Zamazenta|Body Press|p1b: Zamazenta
|-supereffective|p1b: Zamazenta
|-damage|p1b: Zamazenta|58/100
|
|-heal|p1a: Roaring Moon|100/100|[from] Grassy Terrain
|-heal|p1b: Zamazenta|64/100|[from] Grassy Terrain
|-heal|p2a: Zamazenta|71/100|[from] Grassy Terrain
|upkeep
|turn|6
|
|t:|1750781353
|move|p1a: Roaring Moon|Taunt|p2a: Zamazenta
|-start|p2a: Zamazenta|move: Taunt
|move|p1b: Zamazenta|Body Press|p2a: Zamazenta
|-damage|p2a: Zamazenta|40/100
|cant|p2a: Zamazenta|move: Taunt|Iron Defense
|
|-heal|p1b: Zamazenta|70/100|[from] Grassy Terrain
|-heal|p2a: Zamazenta|46/100|[from] Grassy Terrain
|upkeep
|turn|7
|-message|sunnyforces forfeited.
|
|win|YoshiKing94
|raw|YoshiKing94's rating: 1193 &rarr; <strong>1215</strong><br />(+22 for winning)
|raw|sunnyforces's rating: 1150 &rarr; <strong>1128</strong><br />(-22 for losing)
|l|☆sunnyforces
|player|p2|
