|j|☆broodedgy
|j|☆AJOIII
|t:|1750879997
|gametype|doubles
|player|p1|broodedgy|266|1573
|player|p2|AJOIII|chuck|1523
|teamsize|p1|6
|teamsize|p2|6
|gen|9
|tier|[Gen 9] VGC 2025 Reg I
|rated|
|rule|Species Clause: Limit one of each Pokémon
|rule|Item Clause: Limit 1 of each item
|clearpoke
|poke|p1|Farigiraf, L50, M|
|poke|p1|Miraidon, L50|
|poke|p1|Rayquaza, L50|
|poke|p1|Iron Hands, L50|
|poke|p1|Volcarona, L50, M|
|poke|p1|Ogerpon-Wellspring, L50, F|
|poke|p2|Dialga, L50|
|poke|p2|Groudon, L50|
|poke|p2|Incineroar, L50, M|
|poke|p2|Jumpluff, L50, M|
|poke|p2|Raging Bolt, L50|
|poke|p2|Urshifu-*, L50, F|
|teampreview|4
|inactive|Battle timer is ON: inactive players will automatically lose when time's up. (requested by broodedgy)
|inactive|broodedgy has 60 seconds left.
|inactive|AJOIII has 60 seconds left.
|inactive|broodedgy has 30 seconds left.
|inactive|broodedgy has 20 seconds left.
|
|t:|1750880071
|start
|switch|p1a: Rayquaza|Rayquaza, L50|100/100
|switch|p1b: Ogerpon|Ogerpon-Wellspring, L50, F|100/100
|switch|p2a: Dialga|Dialga, L50|100/100
|switch|p2b: Urshifu|Urshifu, L50, F|100/100
|-ability|p1a: Rayquaza|Air Lock
|turn|1
|
|t:|1750880095
|switch|p2b: Incineroar|Incineroar, L50, M|100/100
|-ability|p2b: Incineroar|Intimidate|boost
|-unboost|p1a: Rayquaza|atk|1
|-unboost|p1b: Ogerpon|atk|1
|move|p1b: Ogerpon|Follow Me|p1b: Ogerpon
|-singleturn|p1b: Ogerpon|move: Follow Me
|move|p1a: Rayquaza|Dragon Ascent|p2b: Incineroar
|-damage|p2b: Incineroar|24/100
|-unboost|p1a: Rayquaza|def|1
|-unboost|p1a: Rayquaza|spd|1
|move|p2a: Dialga|Draco Meteor|p1b: Ogerpon
|-damage|p1b: Ogerpon|16/100
|-unboost|p2a: Dialga|spa|2
|-enditem|p2a: Dialga|Eject Pack
|inactive|AJOIII has 30 seconds left.
|
|t:|1750880129
|switch|p2a: Urshifu|Urshifu, L50, F|100/100
|
|upkeep
|turn|2
|
|t:|1750880147
|switch|p1b: Miraidon|Miraidon, L50|100/100
|-fieldstart|move: Electric Terrain|[from] ability: Hadron Engine|[of] p1b: Miraidon
|switch|p1a: Iron Hands|Iron Hands, L50|100/100
|-activate|p1a: Iron Hands|ability: Quark Drive
|-start|p1a: Iron Hands|quarkdriveatk
|-terastallize|p2a: Urshifu|Stellar
|move|p2b: Incineroar|Fake Out|p1b: Miraidon
|-damage|p1b: Miraidon|91/100
|move|p2a: Urshifu|Wicked Blow|p1a: Iron Hands
|-resisted|p1a: Iron Hands
|-crit|p1a: Iron Hands
|-damage|p1a: Iron Hands|73/100
|
|upkeep
|turn|3
|inactive|AJOIII has 30 seconds left.
|inactive|AJOIII has 20 seconds left.
|inactive|AJOIII has 15 seconds left.
|
|t:|1750880191
|move|p2a: Urshifu|Detect|p2a: Urshifu
|-singleturn|p2a: Urshifu|Protect
|move|p1a: Iron Hands|Fake Out|p2a: Urshifu
|-activate|p2a: Urshifu|move: Protect
|move|p1b: Miraidon|Draco Meteor|p2b: Incineroar
|-damage|p2b: Incineroar|0 fnt
|-unboost|p1b: Miraidon|spa|2
|faint|p2b: Incineroar
|
|upkeep
|
|t:|1750880202
|switch|p2b: Groudon|Groudon, L50|100/100
|-weather|SunnyDay|[from] ability: Drought|[of] p2b: Groudon
|turn|4
|
|t:|1750880216
|-end|p1a: Iron Hands|Quark Drive|[silent]
|switch|p1a: Rayquaza|Rayquaza, L50|100/100
|-ability|p1a: Rayquaza|Air Lock
|move|p1b: Miraidon|Draco Meteor|p2a: Urshifu
|-damage|p2a: Urshifu|27/100
|-unboost|p1b: Miraidon|spa|2
|move|p2a: Urshifu|Close Combat|p1b: Miraidon
|-damage|p1b: Miraidon|4/100
|-unboost|p2a: Urshifu|def|1
|-unboost|p2a: Urshifu|spd|1
|move|p2b: Groudon|Precipice Blades|p1a: Rayquaza|[spread] p1b
|-immune|p1a: Rayquaza
|-supereffective|p1b: Miraidon
|-damage|p1b: Miraidon|0 fnt
|faint|p1b: Miraidon
|-damage|p2b: Groudon|91/100|[from] item: Life Orb
|
|-weather|SunnyDay|[upkeep]
|upkeep
|
|t:|1750880231
|switch|p1b: Ogerpon|Ogerpon-Wellspring, L50, F|16/100
|turn|5
|
|t:|1750880257
|move|p1a: Rayquaza|Extreme Speed|p2a: Urshifu
|-damage|p2a: Urshifu|0 fnt
|faint|p2a: Urshifu
|move|p1b: Ogerpon|Horn Leech|p2b: Groudon
|-supereffective|p2b: Groudon
|-damage|p2b: Groudon|34/100
|-heal|p1b: Ogerpon|48/100|[from] drain|[of] p2b: Groudon
|move|p2b: Groudon|Heat Crash|p1b: Ogerpon
|-damage|p1b: Ogerpon|0 fnt
|faint|p1b: Ogerpon
|-damage|p2b: Groudon|24/100|[from] item: Life Orb
|
|-weather|SunnyDay|[upkeep]
|upkeep
|
|t:|1750880266
|switch|p1b: Iron Hands|Iron Hands, L50|73/100
|switch|p2a: Dialga|Dialga, L50|100/100
|-activate|p1b: Iron Hands|ability: Quark Drive
|-start|p1b: Iron Hands|quarkdriveatk
|turn|6
|
|t:|1750880279
|move|p2b: Groudon|Protect|p2b: Groudon
|-singleturn|p2b: Groudon|Protect
|move|p2a: Dialga|Protect|p2a: Dialga
|-singleturn|p2a: Dialga|Protect
|move|p1b: Iron Hands|Fake Out|p2a: Dialga
|-activate|p2a: Dialga|move: Protect
|move|p1a: Rayquaza|Extreme Speed|p2b: Groudon
|-activate|p2b: Groudon|move: Protect
|
|-weather|SunnyDay|[upkeep]
|-fieldend|move: Electric Terrain
|-end|p1b: Iron Hands|Quark Drive
|upkeep
|turn|7
|
|t:|1750880292
|-terastallize|p1a: Rayquaza|Normal
|move|p2b: Groudon|Protect||[still]
|-fail|p2b: Groudon
|move|p1a: Rayquaza|Extreme Speed|p2b: Groudon
|-damage|p2b: Groudon|0 fnt
|faint|p2b: Groudon
|move|p2a: Dialga|Draco Meteor|p1a: Rayquaza
|-damage|p1a: Rayquaza|23/100
|-unboost|p2a: Dialga|spa|2
|move|p1b: Iron Hands|Low Kick|p2a: Dialga
|-supereffective|p2a: Dialga
|-damage|p2a: Dialga|0 fnt
|faint|p2a: Dialga
|
|win|broodedgy
|raw|broodedgy's rating: 1573 &rarr; <strong>1590</strong><br />(+17 for winning)
|raw|AJOIII's rating: 1523 &rarr; <strong>1506</strong><br />(-17 for losing)
|l|☆AJOIII
|player|p2|
|l|☆broodedgy
|player|p1|
