|j|☆AaronAstro
|j|☆dfaxs
|t:|1750782252
|gametype|doubles
|player|p1|AaronAstro|ethan|1110
|player|p2|dfaxs|169|1101
|teamsize|p1|6
|teamsize|p2|6
|gen|9
|tier|[Gen 9] VGC 2025 Reg I
|rated|
|rule|Species Clause: Limit one of each Pokémon
|rule|Item Clause: Limit 1 of each item
|clearpoke
|poke|p1|Zamazenta-*, L50|
|poke|p1|Miraidon, L50|
|poke|p1|Urshifu-*, L50, M|
|poke|p1|Raichu-Alola, L50, M|
|poke|p1|Landorus, L50, M|
|poke|p1|Tornadus, L50, M|
|poke|p2|Koraidon, L50|
|poke|p2|Clefairy, L50, F|
|poke|p2|Terapagos, L50, M|
|poke|p2|Iron Valiant, L50|
|poke|p2|Amoonguss, L50, F|
|poke|p2|Regieleki, L50|
|teampreview|4
|inactive|Battle timer is ON: inactive players will automatically lose when time's up. (requested by dfaxs)
|
|t:|1750782294
|start
|switch|p1a: Tornadus|Tornadus, L50, M|100/100
|switch|p1b: Landorus|Landorus, L50, M|100/100
|switch|p2a: Amoonguss|Amoonguss, L50, F|100/100
|switch|p2b: Koraidon|Koraidon, L50|100/100
|-weather|SunnyDay|[from] ability: Orichalcum Pulse|[of] p2b: Koraidon
|-activate|p2b: Koraidon|Orichalcum Pulse|[source]
|turn|1
|
|t:|1750782318
|move|p1b: Landorus|Protect|p1b: Landorus
|-singleturn|p1b: Landorus|Protect
|move|p1a: Tornadus|Rain Dance|p1a: Tornadus
|-weather|RainDance
|move|p2b: Koraidon|Flare Blitz|p1a: Tornadus
|-damage|p1a: Tornadus|68/100
|-damage|p2b: Koraidon|91/100|[from] Recoil
|-damage|p2b: Koraidon|81/100|[from] item: Life Orb
|move|p2a: Amoonguss|Spore|p1b: Landorus
|-activate|p1b: Landorus|move: Protect
|
|-weather|RainDance|[upkeep]
|upkeep
|turn|2
|
|t:|1750782337
|switch|p2b: Clefairy|Clefairy, L50, F, shiny|100/100
|move|p1b: Landorus|Sludge Bomb|p2b: Clefairy
|-supereffective|p2b: Clefairy
|-damage|p2b: Clefairy|20/100
|move|p1a: Tornadus|Bleakwind Storm|p2a: Amoonguss|[spread] p2a,p2b
|-supereffective|p2a: Amoonguss
|-damage|p2a: Amoonguss|58/100
|-damage|p2b: Clefairy|0 fnt
|faint|p2b: Clefairy
|move|p2a: Amoonguss|Spore|p1b: Landorus
|-status|p1b: Landorus|slp|[from] move: Spore
|
|-weather|RainDance|[upkeep]
|upkeep
|
|t:|1750782352
|switch|p2b: Terapagos|Terapagos, L50, M|100/100
|-activate|p2b: Terapagos|ability: Tera Shift
|detailschange|p2b: Terapagos|Terapagos-Terastal, L50, M
|-heal|p2b: Terapagos|100/100|[silent]
|turn|3
|
|t:|1750782373
|-terastallize|p2b: Terapagos|Stellar
|detailschange|p2b: Terapagos|Terapagos-Stellar, L50, M, tera:Stellar
|-heal|p2b: Terapagos|100/100|[silent]
|-ability|p2b: Terapagos|Teraform Zero
|-weather|none
|cant|p1b: Landorus|slp
|move|p1a: Tornadus|Taunt|p2a: Amoonguss
|-start|p2a: Amoonguss|move: Taunt
|move|p2b: Terapagos|Meteor Beam||[still]
|-prepare|p2b: Terapagos|Meteor Beam
|-boost|p2b: Terapagos|spa|1
|-enditem|p2b: Terapagos|Power Herb
|-anim|p2b: Terapagos|Meteor Beam|p1a: Tornadus
|-supereffective|p1a: Tornadus
|-damage|p1a: Tornadus|0 fnt
|faint|p1a: Tornadus
|move|p2a: Amoonguss|Pollen Puff|p1b: Landorus
|-resisted|p1b: Landorus
|-damage|p1b: Landorus|90/100 slp
|
|upkeep
|inactive|AaronAstro has 30 seconds left.
|
|t:|1750782400
|switch|p1a: Miraidon|Miraidon, L50|100/100
|-fieldstart|move: Electric Terrain|[from] ability: Hadron Engine|[of] p1a: Miraidon
|turn|4
|
|t:|1750782414
|switch|p2a: Koraidon|Koraidon, L50|81/100
|-weather|SunnyDay|[from] ability: Orichalcum Pulse|[of] p2a: Koraidon
|-activate|p2a: Koraidon|Orichalcum Pulse|[source]
|move|p1a: Miraidon|Electro Drift|p2b: Terapagos
|-damage|p2b: Terapagos|11/100
|cant|p1b: Landorus|slp
|move|p2b: Terapagos|Tera Starstorm|p1a: Miraidon|[spread] p1a,p1b
|-damage|p1a: Miraidon|60/100
|-damage|p1b: Landorus|22/100 slp
|
|-weather|SunnyDay|[upkeep]
|upkeep
|turn|5
|
|t:|1750782438
|move|p1a: Miraidon|Electro Drift|p2b: Terapagos
|-damage|p2b: Terapagos|0 fnt
|faint|p2b: Terapagos
|detailschange|p2: Terapagos|Terapagos, L50, M|[silent]
|-curestatus|p1b: Landorus|slp|[msg]
|move|p1b: Landorus|Sandsear Storm|p2a: Koraidon
|-damage|p2a: Koraidon|17/100
|move|p2a: Koraidon|Flare Blitz|p1a: Miraidon
|-resisted|p1a: Miraidon
|-damage|p1a: Miraidon|2/100
|-status|p1a: Miraidon|brn
|-damage|p2a: Koraidon|0 fnt|[from] Recoil
|faint|p2a: Koraidon
|
|-weather|SunnyDay|[upkeep]
|-damage|p1a: Miraidon|0 fnt|[from] brn
|faint|p1a: Miraidon
|upkeep
|
|t:|1750782457
|switch|p1a: Raichu|Raichu-Alola, L50, M|100/100
|switch|p2a: Amoonguss|Amoonguss, L50, F|91/100
|turn|6
|
|t:|1750782479
|-terastallize|p1b: Landorus|Poison
|move|p2a: Amoonguss|Protect|p2a: Amoonguss
|-singleturn|p2a: Amoonguss|Protect
|move|p1a: Raichu|Fake Tears|p2a: Amoonguss
|-activate|p2a: Amoonguss|move: Protect
|move|p1b: Landorus|Sludge Bomb|p2a: Amoonguss
|-activate|p2a: Amoonguss|move: Protect
|
|-weather|SunnyDay|[upkeep]
|upkeep
|turn|7
|
|t:|1750782493
|move|p1a: Raichu|Encore|p2a: Amoonguss
|-start|p2a: Amoonguss|Encore
|move|p1b: Landorus|Sludge Bomb|p2a: Amoonguss
|-damage|p2a: Amoonguss|33/100
|move|p2a: Amoonguss|Protect||[still]
|-fail|p2a: Amoonguss
|
|-weather|SunnyDay|[upkeep]
|upkeep
|turn|8
|
|t:|1750782504
|move|p2a: Amoonguss|Protect|p2a: Amoonguss
|-singleturn|p2a: Amoonguss|Protect
|move|p1a: Raichu|Volt Switch|p2a: Amoonguss
|-activate|p2a: Amoonguss|move: Protect
|move|p1b: Landorus|Sludge Bomb|p2a: Amoonguss
|-activate|p2a: Amoonguss|move: Protect
|
|-weather|none
|-fieldend|move: Electric Terrain
|upkeep
|turn|9
|
|t:|1750782515
|move|p2a: Amoonguss|Protect||[still]
|-fail|p2a: Amoonguss
|move|p1a: Raichu|Electroweb|p2a: Amoonguss
|-resisted|p2a: Amoonguss
|-damage|p2a: Amoonguss|22/100
|-unboost|p2a: Amoonguss|spe|1
|move|p1b: Landorus|Sludge Bomb|p2a: Amoonguss
|-damage|p2a: Amoonguss|0 fnt
|faint|p2a: Amoonguss
|
|win|AaronAstro
|raw|AaronAstro's rating: 1110 &rarr; <strong>1134</strong><br />(+24 for winning)
|raw|dfaxs's rating: 1101 &rarr; <strong>1077</strong><br />(-24 for losing)
|l|☆dfaxs
|player|p2|
