|j|☆i luv squoosh
|j|☆Duttub
|t:|1750868305
|gametype|doubles
|player|p1|i luv squoosh|169|1087
|player|p2|Duttub|101|1054
|teamsize|p1|6
|teamsize|p2|6
|gen|9
|tier|[Gen 9] VGC 2025 Reg I
|rated|
|rule|Species Clause: Limit one of each Pokémon
|rule|Item Clause: Limit 1 of each item
|clearpoke
|poke|p1|Torkoal, L50, M|
|poke|p1|Urshifu-*, L50, F|
|poke|p1|Zamazenta-*, L50|
|poke|p1|Calyrex-Ice, L50|
|poke|p1|Indeedee-F, L50, F|
|poke|p1|Raging Bolt, L50|
|poke|p2|Miraidon, L50|
|poke|p2|Incineroar, L50, F|
|poke|p2|Groudon, L50|
|poke|p2|Flutter Mane, L50|
|poke|p2|Exeggutor, L50, F|
|poke|p2|Dewgong, L50, F|
|teampreview|4
|inactive|Battle timer is ON: inactive players will automatically lose when time's up. (requested by Duttub)
|inactive|Duttub has 60 seconds left.
i luv squoosh has agreed to open team sheets.
|
|t:|1750868353
|start
|switch|p1a: Torkoal|Torkoal, L50, M, shiny|100/100
|switch|p1b: Indeedee|Indeedee-F, L50, F|100/100
|switch|p2a: Groudon|Groudon, L50|100/100
|switch|p2b: Fangs|Dewgong, L50, F, shiny|100/100
|-weather|SunnyDay|[from] ability: Drought|[of] p2a: Groudon
|-fieldstart|move: Psychic Terrain|[from] ability: Psychic Surge|[of] p1b: Indeedee
|-enditem|p1b: Indeedee|Psychic Seed
|-boost|p1b: Indeedee|spd|1|[from] item: Psychic Seed
|turn|1
|
|t:|1750868371
|-terastallize|p2a: Groudon|Fire
|move|p1a: Torkoal|Protect|p1a: Torkoal
|-singleturn|p1a: Torkoal|Protect
|move|p2b: Fangs|Aqua Jet|p2a: Groudon
|-supereffective|p2a: Groudon
|-damage|p2a: Groudon|93/100
|-enditem|p2a: Groudon|Weakness Policy
|-boost|p2a: Groudon|atk|2|[from] item: Weakness Policy
|-boost|p2a: Groudon|spa|2|[from] item: Weakness Policy
|move|p2a: Groudon|Precipice Blades|p1a: Torkoal|[spread] 
|-activate|p1a: Torkoal|move: Protect
|-miss|p2a: Groudon|p1b: Indeedee
|move|p1b: Indeedee|Trick Room|p1b: Indeedee
|-fieldstart|move: Trick Room|[of] p1b: Indeedee
|
|-weather|SunnyDay|[upkeep]
|upkeep
|turn|2
|inactive|i luv squoosh has 30 seconds left.
|inactive|Duttub has 30 seconds left.
|
|t:|1750868401
|move|p1b: Indeedee|Helping Hand|p1a: Torkoal
|-singleturn|p1a: Torkoal|Helping Hand|[of] p1b: Indeedee
|move|p2b: Fangs|Protect|p2b: Fangs
|-singleturn|p2b: Fangs|Protect
|move|p1a: Torkoal|Earth Power|p2a: Groudon
|-supereffective|p2a: Groudon
|-damage|p2a: Groudon|20/100
|move|p2a: Groudon|Earthquake|p1a: Torkoal|[spread] p1a,p1b
|-activate|p2b: Fangs|move: Protect
|-supereffective|p1a: Torkoal
|-crit|p1a: Torkoal
|-damage|p1a: Torkoal|0 fnt
|-damage|p1b: Indeedee|5/100
|faint|p1a: Torkoal
|
|-weather|SunnyDay|[upkeep]
|upkeep
|
|t:|1750868420
|switch|p1a: Zamazenta|Zamazenta-Crowned, L50|100/100
|-ability|p1a: Zamazenta|Dauntless Shield|boost
|-boost|p1a: Zamazenta|def|1
|turn|3
|
|t:|1750868435
|-terastallize|p1a: Zamazenta|Fighting
|move|p2b: Fangs|Helping Hand|p2a: Groudon
|-singleturn|p2a: Groudon|Helping Hand|[of] p2b: Fangs
|move|p1a: Zamazenta|Wide Guard|p1a: Zamazenta
|-singleturn|p1a: Zamazenta|Wide Guard
|move|p1b: Indeedee|Healing Wish|p1b: Indeedee
|faint|p1b: Indeedee
|move|p2a: Groudon|Earthquake|p1a: Zamazenta|[spread] p2b
|-activate|p1a: Zamazenta|move: Wide Guard
|-damage|p2b: Fangs|0 fnt
|faint|p2b: Fangs
|
|-weather|SunnyDay|[upkeep]
|upkeep
|
|t:|1750868450
|switch|p1b: Urshifu|Urshifu-Rapid-Strike, L50, F|100/100
|switch|p2b: Miraidon|Miraidon, L50|100/100
|-fieldstart|move: Electric Terrain|[from] ability: Hadron Engine|[of] p2b: Miraidon
|turn|4
|
|t:|1750868475
|move|p1b: Urshifu|Aqua Jet|p2a: Groudon
|-supereffective|p2a: Groudon
|-damage|p2a: Groudon|0 fnt
|faint|p2a: Groudon
|move|p1a: Zamazenta|Body Press|p2b: Miraidon
|-damage|p2b: Miraidon|2/100
|move|p2b: Miraidon|Electro Drift|p1a: Zamazenta
|-damage|p1a: Zamazenta|0 fnt
|faint|p1a: Zamazenta
|
|-weather|SunnyDay|[upkeep]
|upkeep
|
|t:|1750868488
|switch|p2a: Flutter Mane|Flutter Mane, L50, shiny|100/100
|-activate|p2a: Flutter Mane|ability: Protosynthesis
|-start|p2a: Flutter Mane|protosynthesisspe
|turn|5
|
|t:|1750868497
|move|p1b: Urshifu|Aqua Jet|p2b: Miraidon
|-resisted|p2b: Miraidon
|-damage|p2b: Miraidon|0 fnt
|faint|p2b: Miraidon
|move|p2a: Flutter Mane|Moonblast|p1b: Urshifu
|-supereffective|p1b: Urshifu
|-damage|p1b: Urshifu|0 fnt
|faint|p1b: Urshifu
|
|win|Duttub
|raw|i luv squoosh's rating: 1087 &rarr; <strong>1062</strong><br />(-25 for losing)
|raw|Duttub's rating: 1054 &rarr; <strong>1089</strong><br />(+35 for winning)
|l|☆i luv squoosh
|player|p1|
|l|☆Duttub
|player|p2|
