|j|☆Jacq21212121
|j|☆MoBugz
|t:|1750839034
|gametype|doubles
|player|p1|Jacq21212121|n|1201
|player|p2|MoBugz|fisherman-gen4|1173
|teamsize|p1|6
|teamsize|p2|6
|gen|9
|tier|[Gen 9] VGC 2025 Reg I
|rated|
|rule|Species Clause: Limit one of each Pokémon
|rule|Item Clause: Limit 1 of each item
|clearpoke
|poke|p1|Calyrex-Ice, L50|
|poke|p1|Landorus, L50, M|
|poke|p1|Tornadus, L50, M|
|poke|p1|Urshifu-*, L50, M|
|poke|p1|Archaludon, L50, F|
|poke|p1|Ogerpon-Hearthflame, L50, F|
|poke|p2|Calyrex-Ice, L50|
|poke|p2|Kyogre, L50|
|poke|p2|Glimmora, L50, F|
|poke|p2|Comfey, L50, F|
|poke|p2|Cresselia, L50, F|
|poke|p2|Venusaur, L50, F|
|teampreview|4
|inactive|Battle timer is ON: inactive players will automatically lose when time's up. (requested by MoBugz)
|
|t:|1750839067
|start
|switch|p1a: Whoosh|Tornadus, L50, M, shiny|100/100
|switch|p1b: Bridge|Archaludon, L50, F|100/100
|switch|p2a: Glimmora|Glimmora, L50, F, shiny|100/100
|switch|p2b: Calyrex|Calyrex-Ice, L50|100/100
|-ability|p2b: Calyrex|As One
|-ability|p2b: Calyrex|Unnerve
|turn|1
|inactive|Jacq21212121 has 30 seconds left.
|
|t:|1750839094
|move|p1a: Whoosh|Rain Dance|p1a: Whoosh
|-weather|RainDance
|move|p2a: Glimmora|Mortal Spin|p1a: Whoosh|[spread] p1a
|-immune|p1b: Bridge
|-damage|p1a: Whoosh|95/100
|-status|p1a: Whoosh|psn
|move|p1b: Bridge|Electro Shot||[still]
|-prepare|p1b: Bridge|Electro Shot
|-boost|p1b: Bridge|spa|1
|-anim|p1b: Bridge|Electro Shot|p2b: Calyrex
|-damage|p2b: Calyrex|60/100
|move|p2b: Calyrex|Leech Seed|p1b: Bridge|[miss]
|-miss|p2b: Calyrex|p1b: Bridge
|
|-weather|RainDance|[upkeep]
|-heal|p2b: Calyrex|66/100|[from] item: Leftovers
|-damage|p1a: Whoosh|83/100 psn|[from] psn
|upkeep
|turn|2
|
|t:|1750839116
|move|p2b: Calyrex|Protect|p2b: Calyrex
|-singleturn|p2b: Calyrex|Protect
|move|p1a: Whoosh|Hurricane|p2b: Calyrex
|-activate|p2b: Calyrex|move: Protect
|move|p2a: Glimmora|Stealth Rock|p1a: Whoosh
|-sidestart|p1: Jacq21212121|move: Stealth Rock
|move|p1b: Bridge|Electro Shot||[still]
|-prepare|p1b: Bridge|Electro Shot
|-boost|p1b: Bridge|spa|1
|-anim|p1b: Bridge|Electro Shot|p2b: Calyrex
|-activate|p2b: Calyrex|move: Protect
|
|-weather|RainDance|[upkeep]
|-heal|p2b: Calyrex|72/100|[from] item: Leftovers
|-damage|p1a: Whoosh|70/100 psn|[from] psn
|upkeep
|turn|3
|
|t:|1750839136
|move|p1a: Whoosh|Tailwind|p1a: Whoosh
|-sidestart|p1: Jacq21212121|move: Tailwind
|move|p1b: Bridge|Electro Shot||[still]
|-prepare|p1b: Bridge|Electro Shot
|-boost|p1b: Bridge|spa|1
|-anim|p1b: Bridge|Electro Shot|p2b: Calyrex
|-damage|p2b: Calyrex|3/100
|move|p2a: Glimmora|Earth Power|p1b: Bridge
|-supereffective|p1b: Bridge
|-damage|p1b: Bridge|19/100
|-ability|p1b: Bridge|Stamina|boost
|-boost|p1b: Bridge|def|1
|move|p2b: Calyrex|Leech Seed|p1b: Bridge
|-start|p1b: Bridge|move: Leech Seed
|
|-weather|RainDance|[upkeep]
|-heal|p1b: Bridge|25/100|[from] item: Leftovers
|-heal|p2b: Calyrex|9/100|[from] item: Leftovers
|-damage|p1b: Bridge|13/100|[from] Leech Seed|[of] p2b: Calyrex
|-heal|p2b: Calyrex|19/100|[silent]
|-damage|p1a: Whoosh|58/100 psn|[from] psn
|upkeep
|turn|4
|inactive|Jacq21212121 has 30 seconds left.
|
|t:|1750839165
|move|p2a: Glimmora|Spiky Shield|p2a: Glimmora
|-singleturn|p2a: Glimmora|move: Protect
|move|p2b: Calyrex|Protect|p2b: Calyrex
|-singleturn|p2b: Calyrex|Protect
|move|p1a: Whoosh|Hurricane|p2b: Calyrex
|-activate|p2b: Calyrex|move: Protect
|move|p1b: Bridge|Electro Shot||[still]
|-prepare|p1b: Bridge|Electro Shot
|-boost|p1b: Bridge|spa|1
|-anim|p1b: Bridge|Electro Shot|p2a: Glimmora
|-activate|p2a: Glimmora|move: Protect
|
|-weather|RainDance|[upkeep]
|-heal|p1b: Bridge|19/100|[from] item: Leftovers
|-heal|p2b: Calyrex|25/100|[from] item: Leftovers
|-damage|p1b: Bridge|7/100|[from] Leech Seed|[of] p2b: Calyrex
|-heal|p2b: Calyrex|34/100|[silent]
|-damage|p1a: Whoosh|46/100 psn|[from] psn
|upkeep
|turn|5
|inactive|MoBugz has 30 seconds left.
|
|t:|1750839194
|switch|p2b: Cresselia|Cresselia, L50, F|100/100
|move|p1a: Whoosh|Taunt|p2a: Glimmora
|-start|p2a: Glimmora|move: Taunt
|move|p1b: Bridge|Electro Shot||[still]
|-prepare|p1b: Bridge|Electro Shot
|-boost|p1b: Bridge|spa|1
|-anim|p1b: Bridge|Electro Shot|p2b: Cresselia
|-damage|p2b: Cresselia|2/100
|move|p2a: Glimmora|Earth Power|p1b: Bridge
|-supereffective|p1b: Bridge
|-damage|p1b: Bridge|0 fnt
|faint|p1b: Bridge
|
|-weather|RainDance|[upkeep]
|-damage|p1a: Whoosh|33/100 psn|[from] psn
|upkeep
|
|t:|1750839207
|switch|p1b: Horsey|Calyrex-Ice, L50|100/100
|-ability|p1b: Horsey|As One
|-ability|p1b: Horsey|Unnerve
|-damage|p1b: Horsey|76/100|[from] Stealth Rock
|turn|6
|
|t:|1750839230
|-terastallize|p1b: Horsey|Fairy
|move|p2b: Cresselia|Ally Switch|p2b: Cresselia
|swap|p2b: Cresselia|0|[from] move: Ally Switch
|move|p1a: Whoosh|Taunt||[still]
|-fail|p1a: Whoosh
|move|p1b: Horsey|Glacial Lance|p2a: Cresselia|[spread] p2a,p2b
|-damage|p2a: Cresselia|0 fnt
|-damage|p2b: Glimmora|47/100
|-activate|p2b: Glimmora|ability: Toxic Debris
|-sidestart|p1: Jacq21212121|move: Toxic Spikes
|faint|p2a: Cresselia
|-ability|p1b: Horsey|Chilling Neigh|boost
|-boost|p1b: Horsey|atk|1
|move|p2b: Glimmora|Mortal Spin|p1b: Horsey|[spread] p1a,p1b
|-supereffective|p1b: Horsey
|-damage|p1a: Whoosh|28/100 psn
|-damage|p1b: Horsey|70/100
|-status|p1b: Horsey|psn
|
|-weather|RainDance|[upkeep]
|-damage|p1a: Whoosh|16/100 psn|[from] psn
|-damage|p1b: Horsey|58/100 psn|[from] psn
|-sideend|p1: Jacq21212121|move: Tailwind
|upkeep
|
|t:|1750839254
|switch|p2a: Calyrex|Calyrex-Ice, L50|34/100
|-ability|p2a: Calyrex|As One
|-ability|p2a: Calyrex|Unnerve
|turn|7
|
|t:|1750839265
|move|p2a: Calyrex|Protect|p2a: Calyrex
|-singleturn|p2a: Calyrex|Protect
|move|p1a: Whoosh|Tailwind|p1a: Whoosh
|-sidestart|p1: Jacq21212121|move: Tailwind
|move|p1b: Horsey|Glacial Lance|p2b: Glimmora|[spread] p2b
|-activate|p2a: Calyrex|move: Protect
|-damage|p2b: Glimmora|0 fnt
|-activate|p2b: Glimmora|ability: Toxic Debris
|-sidestart|p1: Jacq21212121|move: Toxic Spikes
|faint|p2b: Glimmora
|-ability|p1b: Horsey|Chilling Neigh|boost
|-boost|p1b: Horsey|atk|1
|
|-weather|RainDance|[upkeep]
|-heal|p2a: Calyrex|40/100|[from] item: Leftovers
|-damage|p1a: Whoosh|3/100 psn|[from] psn
|-damage|p1b: Horsey|46/100 psn|[from] psn
|upkeep
|
|t:|1750839283
|switch|p2b: Comfey|Comfey, L50, F|100/100
|turn|8
|
|t:|1750839306
|move|p2b: Comfey|Floral Healing|p2a: Calyrex
|-heal|p2a: Calyrex|90/100
|move|p1a: Whoosh|Taunt|p2b: Comfey
|-start|p2b: Comfey|move: Taunt
|move|p1b: Horsey|Glacial Lance|p2b: Comfey|[spread] p2a,p2b
|-resisted|p2a: Calyrex
|-damage|p2a: Calyrex|60/100
|-damage|p2b: Comfey|0 fnt
|faint|p2b: Comfey
|-ability|p1b: Horsey|Chilling Neigh|boost
|-boost|p1b: Horsey|atk|1
|move|p2a: Calyrex|Glacial Lance|p1a: Whoosh|[spread] p1a,p1b
|-supereffective|p1a: Whoosh
|-damage|p1a: Whoosh|0 fnt
|-damage|p1b: Horsey|15/100 psn
|faint|p1a: Whoosh
|-ability|p2a: Calyrex|Chilling Neigh|boost
|-boost|p2a: Calyrex|atk|1
|
|-weather|none
|-heal|p2a: Calyrex|66/100|[from] item: Leftovers
|-damage|p1b: Horsey|3/100 psn|[from] psn
|upkeep
|
|t:|1750839315
|switch|p1a: Last suprise|Ogerpon-Hearthflame, L50, F|100/100
|-damage|p1a: Last suprise|76/100|[from] Stealth Rock
|-status|p1a: Last suprise|tox
|-ability|p1a: Last suprise|Mold Breaker
|turn|9
|
|t:|1750839335
|move|p2a: Calyrex|Protect|p2a: Calyrex
|-singleturn|p2a: Calyrex|Protect
|move|p1a: Last suprise|Ivy Cudgel|p2a: Calyrex|[anim] Ivy Cudgel Fire
|-activate|p2a: Calyrex|move: Protect
|move|p1b: Horsey|High Horsepower|p2a: Calyrex
|-activate|p2a: Calyrex|move: Protect
|
|-heal|p2a: Calyrex|72/100|[from] item: Leftovers
|-damage|p1a: Last suprise|70/100 tox|[from] psn
|-damage|p1b: Horsey|0 fnt|[from] psn
|faint|p1b: Horsey
|upkeep
|turn|10
|
|t:|1750839352
|move|p1a: Last suprise|Ivy Cudgel|p2a: Calyrex|[anim] Ivy Cudgel Fire
|-supereffective|p2a: Calyrex
|-damage|p2a: Calyrex|21/100
|move|p2a: Calyrex|Leech Seed|p1a: Last suprise
|-immune|p1a: Last suprise
|
|-heal|p2a: Calyrex|27/100|[from] item: Leftovers
|-damage|p1a: Last suprise|58/100 tox|[from] psn
|-sideend|p1: Jacq21212121|move: Tailwind
|upkeep
|turn|11
|
|t:|1750839363
|move|p2a: Calyrex|Protect|p2a: Calyrex
|-singleturn|p2a: Calyrex|Protect
|move|p1a: Last suprise|Ivy Cudgel|p2a: Calyrex|[anim] Ivy Cudgel Fire
|-activate|p2a: Calyrex|move: Protect
|
|-heal|p2a: Calyrex|33/100|[from] item: Leftovers
|-damage|p1a: Last suprise|40/100 tox|[from] psn
|upkeep
|turn|12
|
|t:|1750839376
|move|p2a: Calyrex|Protect|p2a: Calyrex
|-singleturn|p2a: Calyrex|Protect
|move|p1a: Last suprise|Ivy Cudgel|p2a: Calyrex|[anim] Ivy Cudgel Fire
|-activate|p2a: Calyrex|move: Protect
|
|-heal|p2a: Calyrex|39/100|[from] item: Leftovers
|-damage|p1a: Last suprise|16/100 tox|[from] psn
|upkeep
|turn|13
|
|t:|1750839385
|move|p1a: Last suprise|Ivy Cudgel|p2a: Calyrex|[anim] Ivy Cudgel Fire
|-supereffective|p2a: Calyrex
|-damage|p2a: Calyrex|0 fnt
|faint|p2a: Calyrex
|
|win|Jacq21212121
|raw|Jacq21212121's rating: 1201 &rarr; <strong>1224</strong><br />(+23 for winning)
|raw|MoBugz's rating: 1173 &rarr; <strong>1150</strong><br />(-23 for losing)
|c|☆MoBugz|emm
|c|☆MoBugz|close
|c|☆Jacq21212121|Should have went for the triple
|c|☆Jacq21212121|i guess
|c|☆MoBugz|hhhh
|c|☆Jacq21212121|gg
|c|☆MoBugz|gg
|l|☆MoBugz
|player|p2|
|l|☆Jacq21212121
|player|p1|
