|j|☆Allhailhippo
|j|☆AxeP91
|t:|1750720144
|gametype|doubles
|player|p1|Allhailhippo|101|1479
|player|p2|AxeP91|169|1491
|teamsize|p1|6
|teamsize|p2|6
|gen|9
|tier|[Gen 9] VGC 2025 Reg I
|rated|
|rule|Species Clause: Limit one of each Pokémon
|rule|Item Clause: Limit 1 of each item
|clearpoke
|poke|p1|Necrozma-Dusk-Mane, L50|
|poke|p1|Calyrex-Ice, L50|
|poke|p1|Farigiraf, L50, F|
|poke|p1|Tornadus, L50, M|
|poke|p1|Flutter Mane, L50|
|poke|p1|Ursaluna, L50, F|
|poke|p2|Calyrex-Shadow, L50|
|poke|p2|Zamazenta-*, L50|
|poke|p2|Volcarona, L50, M|
|poke|p2|Whimsicott, L50, M|
|poke|p2|Urshifu-*, L50, M|
|poke|p2|Incineroar, L50, M|
|teampreview|4
|inactive|Battle timer is ON: inactive players will automatically lose when time's up. (requested by Allhailhippo)
|inactive|AxeP91 has 60 seconds left.
|
|t:|1750720185
|start
|switch|p1a: Necrozma|Necrozma-Dusk-Mane, L50|100/100
|switch|p1b: Farigiraf|Farigiraf, L50, F|100/100
|switch|p2a: Urshifu|Urshifu-Rapid-Strike, L50, M|100/100
|switch|p2b: Incineroar|Incineroar, L50, M|100/100
|-ability|p2b: Incineroar|Intimidate|boost
|-fail|p1a: Necrozma|unboost|[from] item: Clear Amulet|[of] p1a: Necrozma
|-unboost|p1b: Farigiraf|atk|1
|turn|1
|inactive|AxeP91 has 30 seconds left.
|inactive|AxeP91 has 20 seconds left.
|inactive|AxeP91 has 15 seconds left.
|inactive|AxeP91 has 10 seconds left.
|
|t:|1750720231
|move|p2a: Urshifu|U-turn|p1b: Farigiraf
|-supereffective|p1b: Farigiraf
|-damage|p1b: Farigiraf|39/100
|
|t:|1750720237
|switch|p2a: Zamazenta|Zamazenta-Crowned, L50|100/100|[from] U-turn
|-ability|p2a: Zamazenta|Dauntless Shield|boost
|-boost|p2a: Zamazenta|def|1
|move|p1a: Necrozma|Swords Dance|p1a: Necrozma
|-boost|p1a: Necrozma|atk|2
|move|p2b: Incineroar|Knock Off|p1a: Necrozma
|-supereffective|p1a: Necrozma
|-damage|p1a: Necrozma|62/100
|-enditem|p1a: Necrozma|Clear Amulet|[from] move: Knock Off|[of] p2b: Incineroar
|move|p1b: Farigiraf|Trick Room|p1b: Farigiraf
|-fieldstart|move: Trick Room|[of] p1b: Farigiraf
|
|upkeep
|turn|2
|
|t:|1750720260
|switch|p2b: Calyrex|Calyrex-Shadow, L50|100/100
|-ability|p2b: Calyrex|As One
|-ability|p2b: Calyrex|Unnerve
|move|p2a: Zamazenta|Protect|p2a: Zamazenta
|-singleturn|p2a: Zamazenta|Protect
|move|p1b: Farigiraf|Dazzling Gleam|p2a: Zamazenta|[spread] p2b
|-activate|p2a: Zamazenta|move: Protect
|-damage|p2b: Calyrex|86/100
|move|p1a: Necrozma|Sunsteel Strike|p2b: Calyrex
|-damage|p2b: Calyrex|0 fnt
|faint|p2b: Calyrex
|
|upkeep
|
|t:|1750720276
|switch|p2b: Incineroar|Incineroar, L50, M|100/100
|-ability|p2b: Incineroar|Intimidate|boost
|-unboost|p1a: Necrozma|atk|1
|-unboost|p1b: Farigiraf|atk|1
|turn|3
|
|t:|1750720290
|move|p1b: Farigiraf|Helping Hand|p1a: Necrozma
|-singleturn|p1a: Necrozma|Helping Hand|[of] p1b: Farigiraf
|move|p2b: Incineroar|Fake Out||[still]
|cant|p1b: Farigiraf|ability: Armor Tail|Fake Out|[of] p2b: Incineroar
|move|p1a: Necrozma|Sunsteel Strike|p2a: Zamazenta
|-resisted|p2a: Zamazenta
|-damage|p2a: Zamazenta|66/100
|move|p2a: Zamazenta|Body Press|p1b: Farigiraf
|-damage|p1b: Farigiraf|0 fnt
|faint|p1b: Farigiraf
|
|upkeep
|
|t:|1750720303
|switch|p1b: Ursaluna|Ursaluna, L50, F|100/100
|turn|4
|
|t:|1750720315
|switch|p2b: Urshifu|Urshifu-Rapid-Strike, L50, M|100/100
|move|p2a: Zamazenta|Protect|p2a: Zamazenta
|-singleturn|p2a: Zamazenta|Protect
|move|p1b: Ursaluna|Headlong Rush|p2b: Urshifu
|-damage|p2b: Urshifu|20/100
|-unboost|p1b: Ursaluna|def|1
|-unboost|p1b: Ursaluna|spd|1
|move|p1a: Necrozma|Swords Dance|p1a: Necrozma
|-boost|p1a: Necrozma|atk|2
|
|-status|p1b: Ursaluna|brn|[from] item: Flame Orb
|upkeep
|turn|5
|inactive|AxeP91 has 30 seconds left.
|inactive|Allhailhippo has 30 seconds left.
|
|t:|1750720354
|switch|p2a: Incineroar|Incineroar, L50, M|100/100
|-ability|p2a: Incineroar|Intimidate|boost
|-unboost|p1a: Necrozma|atk|1
|-unboost|p1b: Ursaluna|atk|1
|move|p2b: Urshifu|Aqua Jet|p1b: Ursaluna
|-supereffective|p1b: Ursaluna
|-damage|p1b: Ursaluna|26/100 brn
|move|p1b: Ursaluna|Headlong Rush|p2a: Incineroar
|-supereffective|p2a: Incineroar
|-damage|p2a: Incineroar|0 fnt
|-unboost|p1b: Ursaluna|def|1
|-unboost|p1b: Ursaluna|spd|1
|faint|p2a: Incineroar
|move|p1a: Necrozma|Sunsteel Strike|p2b: Urshifu
|-resisted|p2b: Urshifu
|-damage|p2b: Urshifu|0 fnt
|faint|p2b: Urshifu
|
|-damage|p1b: Ursaluna|20/100 brn|[from] brn
|-fieldend|move: Trick Room
|upkeep
|
|t:|1750720370
|switch|p2b: Zamazenta|Zamazenta-Crowned, L50|66/100
|turn|6
|
|t:|1750720388
|switch|p1b: Calyrex|Calyrex-Ice, L50|100/100
|-ability|p1b: Calyrex|As One
|-ability|p1b: Calyrex|Unnerve
|move|p2b: Zamazenta|Body Press|p1a: Necrozma
|-damage|p1a: Necrozma|33/100
|move|p1a: Necrozma|Trick Room|p1a: Necrozma
|-fieldstart|move: Trick Room|[of] p1a: Necrozma
|
|upkeep
|turn|7
|-message|AxeP91 forfeited.
|
|win|Allhailhippo
|raw|Allhailhippo's rating: 1479 &rarr; <strong>1500</strong><br />(+21 for winning)
|raw|AxeP91's rating: 1491 &rarr; <strong>1470</strong><br />(-21 for losing)
|l|☆AxeP91
|player|p2|
|l|☆Allhailhippo
|player|p1|
