|j|☆khal_draco1472
|j|☆drsithlord
|t:|1750880737
|gametype|doubles
|player|p1|khal_draco1472|265|1566
|player|p2|drsithlord|rood|1669
|teamsize|p1|6
|teamsize|p2|6
|gen|9
|tier|[Gen 9] VGC 2025 Reg I
|rated|
|rule|Species Clause: Limit one of each Pokémon
|rule|Item Clause: Limit 1 of each item
|clearpoke
|poke|p1|Calyrex-Shadow, L50|
|poke|p1|Koraidon, L50|
|poke|p1|Weezing-Galar, L50, F|
|poke|p1|Incineroar, L50, F|
|poke|p1|Walking Wake, L50|
|poke|p1|Chi-Yu, L50|
|poke|p2|Iron Hands, L50|
|poke|p2|Volcarona, L50, M|
|poke|p2|Chien-Pao, L50|
|poke|p2|Miraidon, L50|
|poke|p2|Grimmsnarl, L50, M|
|poke|p2|Zamazenta-*, L50|
|teampreview|4
|inactive|Battle timer is ON: inactive players will automatically lose when time's up. (requested by drsithlord)
|c|☆drsithlord|Glhf
|
|t:|1750880765
|start
|switch|p1a: Koraidon|Koraidon, L50|100/100
|switch|p1b: Weezing|Weezing-Galar, L50, F, shiny|100/100
|switch|p2a: Miraidon|Miraidon, L50|100/100
|switch|p2b: Volcarona|Volcarona, L50, M|100/100
|-ability|p1b: Weezing|Neutralizing Gas
|-block|p1a: Koraidon|item: Ability Shield
|-weather|SunnyDay|[from] ability: Orichalcum Pulse|[of] p1a: Koraidon
|-activate|p1a: Koraidon|Orichalcum Pulse|[source]
|turn|1
|c|☆khal_draco1472|u2
|inactive|khal_draco1472 has 30 seconds left.
|inactive|drsithlord has 30 seconds left.
|
|t:|1750880799
|-terastallize|p1a: Koraidon|Fire
|-terastallize|p2b: Volcarona|Dragon
|move|p2a: Miraidon|Electro Drift|p1a: Koraidon
|-damage|p1a: Koraidon|33/100
|move|p1a: Koraidon|Flare Blitz|p2b: Volcarona
|-resisted|p2b: Volcarona
|-damage|p2b: Volcarona|21/100
|-damage|p1a: Koraidon|7/100|[from] Recoil
|move|p2b: Volcarona|Quiver Dance|p2b: Volcarona
|-boost|p2b: Volcarona|spa|1
|-boost|p2b: Volcarona|spd|1
|-boost|p2b: Volcarona|spe|1
|move|p1b: Weezing|Sludge Bomb|p2a: Miraidon
|-damage|p2a: Miraidon|75/100
|
|-weather|SunnyDay|[upkeep]
|-heal|p2b: Volcarona|27/100|[from] item: Leftovers
|upkeep
|turn|2
|inactive|drsithlord has 30 seconds left.
|inactive|drsithlord has 20 seconds left.
|inactive|drsithlord has 15 seconds left.
|inactive|drsithlord has 10 seconds left.
|j| jmxney69
|
|t:|1750880846
|move|p1a: Koraidon|Protect|p1a: Koraidon
|-singleturn|p1a: Koraidon|Protect
|move|p2b: Volcarona|Struggle Bug|p1b: Weezing|[spread] p1b
|-activate|p1a: Koraidon|move: Protect
|-resisted|p1b: Weezing
|-damage|p1b: Weezing|94/100
|move|p2a: Miraidon|Electro Drift|p1b: Weezing
|-damage|p1b: Weezing|17/100
|move|p1b: Weezing|Sludge Bomb|p2a: Miraidon
|-damage|p2a: Miraidon|51/100
|
|-weather|SunnyDay|[upkeep]
|-heal|p2b: Volcarona|33/100|[from] item: Leftovers
|upkeep
|turn|3
|j| skill issue vgc
|inactive|drsithlord has 30 seconds left.
|
|t:|1750880880
|switch|p1a: Walking Wake|Walking Wake, L50|100/100
|move|p1b: Weezing|Protect|p1b: Weezing
|-singleturn|p1b: Weezing|Protect
|move|p2b: Volcarona|Quiver Dance|p2b: Volcarona
|-boost|p2b: Volcarona|spa|1
|-boost|p2b: Volcarona|spd|1
|-boost|p2b: Volcarona|spe|1
|move|p2a: Miraidon|Electro Drift|p1a: Walking Wake
|-damage|p1a: Walking Wake|48/100
|
|-weather|SunnyDay|[upkeep]
|-heal|p2b: Volcarona|40/100|[from] item: Leftovers
|upkeep
|turn|4
|l| jmxney69
|inactive|drsithlord has 30 seconds left.
|inactive|drsithlord has 20 seconds left.
|inactive|drsithlord has 15 seconds left.
|inactive|drsithlord has 10 seconds left.
|
|t:|1750880925
|-end|p1b: Weezing|ability: Neutralizing Gas
|-fieldstart|move: Electric Terrain|[from] ability: Hadron Engine|[of] p2a: Miraidon
|-activate|p1a: Walking Wake|ability: Protosynthesis
|-start|p1a: Walking Wake|protosynthesisspe
|switch|p1b: Incineroar|Incineroar, L50, F, shiny|100/100
|-ability|p1b: Incineroar|Intimidate|boost
|-unboost|p2a: Miraidon|atk|1
|-unboost|p2b: Volcarona|atk|1
|move|p2b: Volcarona|Struggle Bug|p1b: Incineroar|[spread] p1a,p1b
|-damage|p1a: Walking Wake|22/100
|-damage|p1b: Incineroar|72/100
|-unboost|p1a: Walking Wake|spa|1
|-unboost|p1b: Incineroar|spa|1
|move|p1a: Walking Wake|Draco Meteor|p2a: Miraidon
|-supereffective|p2a: Miraidon
|-damage|p2a: Miraidon|0 fnt
|-unboost|p1a: Walking Wake|spa|2
|faint|p2a: Miraidon
|
|-weather|SunnyDay|[upkeep]
|-heal|p2b: Volcarona|46/100|[from] item: Leftovers
|upkeep
|inactive|drsithlord has 30 seconds left.
|inactive|drsithlord has 20 seconds left.
|
|t:|1750880962
|switch|p2a: Zamazenta|Zamazenta-Crowned, L50|100/100
|-ability|p2a: Zamazenta|Dauntless Shield|boost
|-boost|p2a: Zamazenta|def|1
|turn|5
|
|t:|1750880974
|move|p2b: Volcarona|Protect|p2b: Volcarona
|-singleturn|p2b: Volcarona|Protect
|move|p2a: Zamazenta|Protect|p2a: Zamazenta
|-singleturn|p2a: Zamazenta|Protect
|move|p1b: Incineroar|Fake Out|p2b: Volcarona
|-activate|p2b: Volcarona|move: Protect
|move|p1a: Walking Wake|Draco Meteor|p2b: Volcarona
|-activate|p2b: Volcarona|move: Protect
|
|-weather|none
|-end|p1a: Walking Wake|Protosynthesis
|-heal|p2b: Volcarona|52/100|[from] item: Leftovers
|upkeep
|turn|6
|
|t:|1750880998
|-end|p1a: Walking Wake|Protosynthesis|[silent]
|switch|p1a: Weezing|Weezing-Galar, L50, F, shiny|17/100
|-ability|p1a: Weezing|Neutralizing Gas
|move|p2b: Volcarona|Struggle Bug|p1a: Weezing|[spread] p1a,p1b
|-resisted|p1a: Weezing
|-damage|p1a: Weezing|8/100
|-damage|p1b: Incineroar|39/100
|-unboost|p1b: Incineroar|spa|1
|move|p2a: Zamazenta|Body Press|p1b: Incineroar
|-supereffective|p1b: Incineroar
|-damage|p1b: Incineroar|0 fnt
|faint|p1b: Incineroar
|
|-heal|p2b: Volcarona|58/100|[from] item: Leftovers
|upkeep
|-message|khal_draco1472 forfeited.
|
|win|drsithlord
|raw|khal_draco1472's rating: 1566 &rarr; <strong>1552</strong><br />(-14 for losing)
|raw|drsithlord's rating: 1669 &rarr; <strong>1683</strong><br />(+14 for winning)
|l|☆khal_draco1472
|player|p1|
|l| skill issue vgc
