|j|☆Aylawayla
|j|☆Borislax
|t:|1750807539
|gametype|doubles
|player|p1|Aylawayla|dawn|1419
|player|p2|Borislax|elesa|1511
|teamsize|p1|6
|teamsize|p2|6
|gen|9
|tier|[Gen 9] VGC 2025 Reg I
|rated|
|rule|Species Clause: Limit one of each Pokémon
|rule|Item Clause: Limit 1 of each item
|clearpoke
|poke|p1|Calyrex-Ice, L50|
|poke|p1|Terapagos, L50, M|
|poke|p1|Rillaboom, L50, F|
|poke|p1|Smeargle, L50, F|
|poke|p1|Farigiraf, L50, F|
|poke|p1|Annihilape, L50, F|
|poke|p2|Rayquaza, L50|
|poke|p2|Chien-Pao, L50|
|poke|p2|Dondozo, L50, M|
|poke|p2|Tatsugiri, L50, F|
|poke|p2|Calyrex-Shadow, L50|
|poke|p2|Chi-Yu, L50|
|teampreview|4
|inactive|Battle timer is ON: inactive players will automatically lose when time's up. (requested by Borislax)
Borislax has agreed to open team sheets.
|
|t:|1750807576
|start
|switch|p1a: Smeargle|Smeargle, L50, F|100/100
|switch|p1b: Farigiraf|Farigiraf, L50, F|100/100
|switch|p2a: Say Gex|Calyrex-Shadow, L50|100/100
|switch|p2b: Gex|Chi-Yu, L50|100/100
|-ability|p2a: Say Gex|As One
|-ability|p2a: Say Gex|Unnerve
|-ability|p2b: Gex|Beads of Ruin
|turn|1
|inactive|Aylawayla has 30 seconds left.
|inactive|Borislax has 30 seconds left.
|inactive|Aylawayla has 20 seconds left.
|
|t:|1750807616
|move|p1a: Smeargle|Fake Out|p2b: Gex
|-damage|p2b: Gex|92/100
|cant|p2b: Gex|flinch
|move|p2a: Say Gex|Psychic|p1b: Farigiraf
|-resisted|p1b: Farigiraf
|-damage|p1b: Farigiraf|65/100
|move|p1b: Farigiraf|Trick Room|p1b: Farigiraf
|-fieldstart|move: Trick Room|[of] p1b: Farigiraf
|
|-ability|p1a: Smeargle|Moody|boost
|-boost|p1a: Smeargle|spd|2
|-unboost|p1a: Smeargle|spa|1
|upkeep
|turn|2
|
|t:|1750807635
|switch|p2a: Peetuh the hoarse|Dondozo, L50, M|100/100
|switch|p2b: buble|Tatsugiri, L50, F, shiny|100/100
|-activate|p2b: buble|ability: Commander|[of] p2a: Peetuh the hoarse
|-boost|p2a: Peetuh the hoarse|atk|2
|-boost|p2a: Peetuh the hoarse|spa|2
|-boost|p2a: Peetuh the hoarse|spe|2
|-boost|p2a: Peetuh the hoarse|def|2
|-boost|p2a: Peetuh the hoarse|spd|2
|move|p1b: Farigiraf|Foul Play|p2a: Peetuh the hoarse
|-damage|p2a: Peetuh the hoarse|92/100
|move|p1a: Smeargle|Spore|p2b: buble|[miss]
|-miss|p1a: Smeargle|p2b: buble
|
|-ability|p1a: Smeargle|Moody|boost
|-boost|p1a: Smeargle|spd|2
|-unboost|p1a: Smeargle|def|1
|upkeep
|turn|3
|inactive|Aylawayla has 30 seconds left.
|inactive|Borislax has 30 seconds left.
|inactive|Aylawayla has 20 seconds left.
|inactive|Aylawayla has 15 seconds left.
|inactive|Aylawayla has 10 seconds left.
|
|t:|1750807683
|switch|p1b: Terapagos|Terapagos, L50, M|100/100
|-activate|p1b: Terapagos|ability: Tera Shift
|detailschange|p1b: Terapagos|Terapagos-Terastal, L50, M
|-heal|p1b: Terapagos|100/100|[silent]
|-terastallize|p2a: Peetuh the hoarse|Grass
|move|p2a: Peetuh the hoarse|Earthquake|p1a: Smeargle|[spread] p1a,p1b
|-miss|p2a: Peetuh the hoarse|p2b: buble
|-activate|p1b: Terapagos|ability: Tera Shell
|-resisted|p1b: Terapagos
|-damage|p1a: Smeargle|46/100
|-damage|p1b: Terapagos|85/100
|move|p1a: Smeargle|Decorate|p1b: Terapagos
|-boost|p1b: Terapagos|atk|2
|-boost|p1b: Terapagos|spa|2
|
|-ability|p1a: Smeargle|Moody|boost
|-boost|p1a: Smeargle|spa|2
|-unboost|p1a: Smeargle|atk|1
|upkeep
|turn|4
|inactive|Aylawayla has 30 seconds left.
|
|t:|1750807716
|switch|p1a: Farigiraf|Farigiraf, L50, F|65/100
|-terastallize|p1b: Terapagos|Stellar
|detailschange|p1b: Terapagos|Terapagos-Stellar, L50, M, tera:Stellar
|-heal|p1b: Terapagos|89/100|[silent]
|move|p2a: Peetuh the hoarse|Earthquake|p1a: Farigiraf|[spread] p1a,p1b
|-miss|p2a: Peetuh the hoarse|p2b: buble
|-damage|p1a: Farigiraf|36/100
|-damage|p1b: Terapagos|63/100
|move|p1b: Terapagos|Tera Starstorm|p2b: buble|[spread] p2a
|-miss|p1b: Terapagos|p2b: buble
|-supereffective|p2a: Peetuh the hoarse
|-damage|p2a: Peetuh the hoarse|54/100
|
|upkeep
|turn|5
|inactive|Borislax has 30 seconds left.
|
|t:|1750807745
|move|p1a: Farigiraf|Psychic|p2a: Peetuh the hoarse
|-damage|p2a: Peetuh the hoarse|41/100
|move|p2a: Peetuh the hoarse|Earthquake|p1a: Farigiraf|[spread] p1a,p1b
|-miss|p2a: Peetuh the hoarse|p2b: buble
|-damage|p1a: Farigiraf|11/100
|-damage|p1b: Terapagos|38/100
|move|p1b: Terapagos|Tera Starstorm|p2a: Peetuh the hoarse|[spread] p2a
|-miss|p1b: Terapagos|p2b: buble
|-supereffective|p2a: Peetuh the hoarse
|-damage|p2a: Peetuh the hoarse|0 fnt
|faint|p2a: Peetuh the hoarse
|
|-fieldend|move: Trick Room
|upkeep
|
|t:|1750807760
|switch|p2a: Gex|Chi-Yu, L50|92/100
|-ability|p2a: Gex|Beads of Ruin
|turn|6
|
|t:|1750807777
|move|p2a: Gex|Heat Wave|p1a: Farigiraf|[spread] p1a,p1b
|-damage|p1a: Farigiraf|0 fnt
|-damage|p1b: Terapagos|4/100
|-status|p1b: Terapagos|brn
|faint|p1a: Farigiraf
|move|p1b: Terapagos|Tera Starstorm|p2b: buble|[spread] p2a,p2b
|-damage|p2a: Gex|0 fnt
|-damage|p2b: buble|0 fnt
|faint|p2a: Gex
|faint|p2b: buble
|
|-damage|p1b: Terapagos|0 fnt|[from] brn
|faint|p1b: Terapagos
|detailschange|p1: Terapagos|Terapagos, L50, M|[silent]
|upkeep
|
|t:|1750807791
|switch|p2b: Say Gex|Calyrex-Shadow, L50|100/100
|switch|p1b: Annihilape|Annihilape, L50, F|100/100
|switch|p1a: Smeargle|Smeargle, L50, F|46/100
|-ability|p2b: Say Gex|As One
|-ability|p2b: Say Gex|Unnerve
|turn|7
|
|t:|1750807819
|move|p1b: Annihilape|Phantom Force||[still]
|-prepare|p1b: Annihilape|Phantom Force
|move|p2b: Say Gex|Psychic|p1b: Annihilape|[miss]
|-miss|p2b: Say Gex|p1b: Annihilape
|move|p1a: Smeargle|Spore|p2b: Say Gex
|-status|p2b: Say Gex|slp|[from] move: Spore
|
|-ability|p1a: Smeargle|Moody|boost
|-boost|p1a: Smeargle|spe|2
|-unboost|p1a: Smeargle|atk|1
|upkeep
|turn|8
|
|t:|1750807832
|cant|p2b: Say Gex|slp
|move|p1a: Smeargle|Decorate|p1b: Annihilape|[miss]
|-miss|p1a: Smeargle|p1b: Annihilape
|move|p1b: Annihilape|Phantom Force|p2b: Say Gex|[from] lockedmove
|-supereffective|p2b: Say Gex
|-damage|p2b: Say Gex|0 fnt
|faint|p2b: Say Gex
|
|win|Aylawayla
|raw|Aylawayla's rating: 1419 &rarr; <strong>1444</strong><br />(+25 for winning)
|raw|Borislax's rating: 1500 &rarr; <strong>1475</strong><br />(-25 for losing)
