|j|☆SnorlaxPikachu1
|j|☆Gurrasnurra5
|t:|1750776114
|gametype|doubles
|player|p1|SnorlaxPikachu1|palmer|
|player|p2|Gurrasnurra5|wattson|
|teamsize|p1|6
|teamsize|p2|6
|gen|9
|tier|[Gen 9] VGC 2025 Reg I
|rated|Tournament battle
|rule|Species Clause: Limit one of each Pokémon
|rule|Item Clause: Limit 1 of each item
|raw|<div class="infobox"><details class="readmore" open><summary><strong>2 custom rules:</strong></summary> Force Open Team Sheets, !Open Team Sheets</details></div>
|clearpoke
|poke|p1|Calyrex-Shadow, L50|
|poke|p1|Smeargle, L50, M|
|poke|p1|Zamazenta-*, L50|
|poke|p1|Whimsicott, L50, F|
|poke|p1|Rillaboom, L50, F|
|poke|p1|Ogerpon-Cornerstone, L50, F|
|poke|p2|Koraidon, L50|
|poke|p2|Whimsicott, L50, M|
|poke|p2|Chi-Yu, L50|
|poke|p2|Calyrex-Shadow, L50|
|poke|p2|Smeargle, L50, M|
|poke|p2|Rillaboom, L50, M|
|teampreview|4
|showteam|p1|Calyrex-Shadow||LifeOrb|AsOneSpectrier|AstralBarrage,Psychic,NastyPlot,Protect||||||50|,,,,,Dark]Smeargle||FocusSash|Moody|Spore,FollowMe,WideGuard,FakeOut|||M|||50|,,,,,Grass]Zamazenta-Crowned||RustedShield|DauntlessShield|BodyPress,HeavySlam,WideGuard,Protect||||||50|,,,,,Dragon]Whimsicott||CovertCloak|Prankster|Moonblast,Tailwind,Encore,HelpingHand|||F|||50|,,,,,Dark]Rillaboom||AssaultVest|GrassySurge|GrassyGlide,WoodHammer,FakeOut,Uturn|||F|||50|,,,,,Fire]Ogerpon-Cornerstone||CornerstoneMask|Sturdy|IvyCudgel,FollowMe,SpikyShield,Taunt|||F|||50|,,,,,Rock
|showteam|p2|Koraidon||LifeOrb|OrichalcumPulse|Protect,FlameCharge,FlareBlitz,CloseCombat||||||50|,,,,,Fire]Whimsicott||CovertCloak|Prankster|LightScreen,Tailwind,Encore,Moonblast|||M|||50|,,,,,Dark]Chi-Yu||ChoiceScarf|BeadsofRuin|Overheat,HeatWave,DarkPulse,Snarl||||||50|,,,,,Ghost]Calyrex-Shadow||SpookyPlate|AsOneSpectrier|Protect,AstralBarrage,Psychic,NastyPlot||||||50|,,,,,Dark]Smeargle||FocusSash|Moody|Spore,FollowMe,Decorate,FakeOut|||M|||50|,,,,,Grass]Rillaboom||AssaultVest|GrassySurge|WoodHammer,GrassyGlide,Uturn,FakeOut|||M|||50|,,,,,Fire
|j| N0rthana
|j| TheNoMination
|j| Ducktile
|j| pumpkinflame
|c|☆Gurrasnurra5|glhf"
|j| cubeandcroc
|c|☆SnorlaxPikachu1|glhf
|j| mysticmarshtomp
|j| fogdocker
|j| CertifiedCartiFan
|j| Po1510
|j| Astro Nation Shoe
|j| Indigo mask
|inactive|Battle timer is ON: inactive players will automatically lose when time's up. (requested by Gurrasnurra5)
|j| konothedrew
|
|t:|1750776175
|start
|switch|p1a: Thalia|Ogerpon-Cornerstone, L50, F|100/100
|switch|p1b: Hecate|Calyrex-Shadow, L50|100/100
|switch|p2a: Smeargle|Smeargle, L50, M|100/100
|switch|p2b: Koraidon|Koraidon, L50|100/100
|-ability|p1b: Hecate|As One
|-ability|p1b: Hecate|Unnerve
|-weather|SunnyDay|[from] ability: Orichalcum Pulse|[of] p2b: Koraidon
|-activate|p2b: Koraidon|Orichalcum Pulse|[source]
|turn|1
|
|t:|1750776193
|move|p1b: Hecate|Protect|p1b: Hecate
|-singleturn|p1b: Hecate|Protect
|move|p1a: Thalia|Spiky Shield|p1a: Thalia
|-singleturn|p1a: Thalia|move: Protect
|move|p2b: Koraidon|Flame Charge|p1b: Hecate
|-activate|p1b: Hecate|move: Protect
|move|p2a: Smeargle|Decorate|p2b: Koraidon
|-boost|p2b: Koraidon|atk|2
|-boost|p2b: Koraidon|spa|2
|
|-weather|SunnyDay|[upkeep]
|-ability|p2a: Smeargle|Moody|boost
|-boost|p2a: Smeargle|spd|2
|-unboost|p2a: Smeargle|spa|1
|upkeep
|turn|2
|inactive|SnorlaxPikachu1 has 30 seconds left.
|inactive|Gurrasnurra5 has 30 seconds left.
|
|t:|1750776226
|move|p1a: Thalia|Follow Me|p1a: Thalia
|-singleturn|p1a: Thalia|move: Follow Me
|move|p2a: Smeargle|Follow Me|p2a: Smeargle
|-singleturn|p2a: Smeargle|move: Follow Me
|move|p1b: Hecate|Psychic|p2a: Smeargle
|-enditem|p2a: Smeargle|Focus Sash
|-damage|p2a: Smeargle|1/100
|-damage|p1b: Hecate|91/100|[from] item: Life Orb
|move|p2b: Koraidon|Flame Charge|p1a: Thalia
|-ability|p1a: Thalia|Sturdy
|-damage|p1a: Thalia|1/100
|-boost|p2b: Koraidon|spe|1
|-damage|p2b: Koraidon|91/100|[from] item: Life Orb
|
|-weather|SunnyDay|[upkeep]
|-ability|p2a: Smeargle|Moody|boost
|-boost|p2a: Smeargle|spe|2
|-unboost|p2a: Smeargle|atk|1
|upkeep
|turn|3
|
|t:|1750776247
|move|p2a: Smeargle|Follow Me|p2a: Smeargle
|-singleturn|p2a: Smeargle|move: Follow Me
|move|p1a: Thalia|Follow Me|p1a: Thalia
|-singleturn|p1a: Thalia|move: Follow Me
|move|p2b: Koraidon|Flame Charge|p1a: Thalia
|-damage|p1a: Thalia|0 fnt
|-boost|p2b: Koraidon|spe|1
|faint|p1a: Thalia
|-damage|p2b: Koraidon|82/100|[from] item: Life Orb
|move|p1b: Hecate|Psychic|p2a: Smeargle
|-damage|p2a: Smeargle|0 fnt
|faint|p2a: Smeargle
|-ability|p1b: Hecate|Grim Neigh|boost
|-boost|p1b: Hecate|spa|1
|-damage|p1b: Hecate|81/100|[from] item: Life Orb
|
|-weather|SunnyDay|[upkeep]
|upkeep
|
|t:|1750776256
|switch|p1a: Hypnos|Smeargle, L50, M|100/100
|switch|p2a: Whimsicott|Whimsicott, L50, M|100/100
|turn|4
|l| Indigo mask
|j| wagie get in cagie
|inactive|Gurrasnurra5 has 30 seconds left.
|
|t:|1750776286
|-terastallize|p2a: Whimsicott|Dark
|move|p1a: Hypnos|Follow Me|p1a: Hypnos
|-singleturn|p1a: Hypnos|move: Follow Me
|move|p2a: Whimsicott|Light Screen|p2a: Whimsicott
|-sidestart|p2: Gurrasnurra5|move: Light Screen
|move|p2b: Koraidon|Flame Charge|p1a: Hypnos
|-enditem|p1a: Hypnos|Focus Sash
|-damage|p1a: Hypnos|1/100
|-boost|p2b: Koraidon|spe|1
|-damage|p2b: Koraidon|72/100|[from] item: Life Orb
|move|p1b: Hecate|Astral Barrage|p2a: Whimsicott|[spread] p2a,p2b
|-resisted|p2a: Whimsicott
|-damage|p2a: Whimsicott|56/100
|-damage|p2b: Koraidon|0 fnt
|faint|p2b: Koraidon
|-ability|p1b: Hecate|Grim Neigh|boost
|-boost|p1b: Hecate|spa|1
|-damage|p1b: Hecate|72/100|[from] item: Life Orb
|
|-weather|SunnyDay|[upkeep]
|-ability|p1a: Hypnos|Moody|boost
|-boost|p1a: Hypnos|spe|2
|-unboost|p1a: Hypnos|atk|1
|upkeep
|l| wagie get in cagie
|
|t:|1750776294
|switch|p2b: Calyrex|Calyrex-Shadow, L50|100/100
|-ability|p2b: Calyrex|As One
|-ability|p2b: Calyrex|Unnerve
|turn|5
|inactive|Gurrasnurra5 has 30 seconds left.
|inactive|Gurrasnurra5 has 20 seconds left.
|inactive|Gurrasnurra5 has 15 seconds left.
|inactive|Gurrasnurra5 has 10 seconds left.
|j| Indigo mask
|inactive|Gurrasnurra5 has 5 seconds left.
|
|t:|1750776346
|-terastallize|p1b: Hecate|Dark
|move|p1a: Hypnos|Wide Guard|p1a: Hypnos
|-singleturn|p1a: Hypnos|Wide Guard
|move|p2a: Whimsicott|Tailwind|p2a: Whimsicott
|-sidestart|p2: Gurrasnurra5|move: Tailwind
|move|p2b: Calyrex|Astral Barrage|p1a: Hypnos|[spread] 
|-activate|p1a: Hypnos|move: Wide Guard
|-activate|p1b: Hecate|move: Wide Guard
|move|p1b: Hecate|Astral Barrage|p2a: Whimsicott|[spread] p2a,p2b
|-resisted|p2a: Whimsicott
|-supereffective|p2b: Calyrex
|-damage|p2a: Whimsicott|0 fnt
|-damage|p2b: Calyrex|0 fnt
|faint|p2a: Whimsicott
|faint|p2b: Calyrex
|-damage|p1b: Hecate|62/100|[from] item: Life Orb
|
|win|SnorlaxPikachu1
|n|☆SnorlaxPikachu1|snorlaxpikachu1
|n|☆Gurrasnurra5|gurrasnurra5
|n| N0rthana|n0rthana
|n| TheNoMination|thenomination
|n| Ducktile|ducktile
|n| pumpkinflame|pumpkinflame
|n| cubeandcroc|cubeandcroc
|n| mysticmarshtomp|mysticmarshtomp
|n| fogdocker|fogdocker
|n| CertifiedCartiFan|certifiedcartifan
|n| Po1510|po1510
|n| Astro Nation Shoe|astronationshoe
|n| konothedrew|konothedrew
|n| Indigo mask|indigomask
