|j|☆JordanokeefeVGC
|j|☆SGK_KHOA
|t:|1750839600
|gametype|doubles
|player|p1|JordanokeefeVGC|266|1183
|player|p2|SGK_KHOA|lucas|1194
|teamsize|p1|6
|teamsize|p2|6
|gen|9
|tier|[Gen 9] VGC 2025 Reg I
|rated|
|rule|Species Clause: Limit one of each Pokémon
|rule|Item Clause: Limit 1 of each item
|clearpoke
|poke|p1|Ceruledge, L50, F|
|poke|p1|Calyrex-Shadow, L50|
|poke|p1|Smeargle, L50, F|
|poke|p1|Zamazenta-*, L50|
|poke|p1|Tornadus, L50, M|
|poke|p1|Incineroar, L50, M|
|poke|p2|Koraidon, L50|
|poke|p2|Calyrex-Shadow, L50|
|poke|p2|Weezing-Galar, L50, M|
|poke|p2|Chi-Yu, L50|
|poke|p2|Brute Bonnet, L50|
|poke|p2|Raging Bolt, L50|
|teampreview|4
|inactive|Battle timer is ON: inactive players will automatically lose when time's up. (requested by SGK_KHOA)
|inactive|JordanokeefeVGC has 60 seconds left.
|
|t:|1750839641
|start
|switch|p1a: Smeargle|Smeargle, L50, F|100/100
|switch|p1b: Ceruledge|Ceruledge, L50, F|100/100
|switch|p2a: Koraidon|Koraidon, L50|100/100
|switch|p2b: Con Gâu Gâu|Raging Bolt, L50|100/100
|-weather|SunnyDay|[from] ability: Orichalcum Pulse|[of] p2a: Koraidon
|-activate|p2b: Con Gâu Gâu|ability: Protosynthesis
|-start|p2b: Con Gâu Gâu|protosynthesisspa
|-activate|p2a: Koraidon|Orichalcum Pulse|[source]
|turn|1
|inactive|JordanokeefeVGC has 30 seconds left.
|inactive|SGK_KHOA has 30 seconds left.
|
|t:|1750839670
|-terastallize|p2a: Koraidon|Fire
|move|p2a: Koraidon|Flare Blitz|p1b: Ceruledge
|-start|p1b: Ceruledge|ability: Flash Fire
|move|p1a: Smeargle|Decorate|p1b: Ceruledge
|-boost|p1b: Ceruledge|atk|2
|-boost|p1b: Ceruledge|spa|2
|move|p1b: Ceruledge|Poltergeist|p2b: Con Gâu Gâu
|-activate|p2b: Con Gâu Gâu|move: Poltergeist|Assault Vest
|-damage|p2b: Con Gâu Gâu|13/100
|move|p2b: Con Gâu Gâu|Dragon Pulse|p1b: Ceruledge
|-crit|p1b: Ceruledge
|-damage|p1b: Ceruledge|34/100
|
|-weather|SunnyDay|[upkeep]
|-ability|p1a: Smeargle|Moody|boost
|-boost|p1a: Smeargle|atk|2
|-unboost|p1a: Smeargle|spd|1
|upkeep
|turn|2
|inactive|JordanokeefeVGC has 30 seconds left.
|inactive|JordanokeefeVGC has 20 seconds left.
|
|t:|1750839708
|move|p1b: Ceruledge|Shadow Sneak|p2b: Con Gâu Gâu
|-damage|p2b: Con Gâu Gâu|0 fnt
|faint|p2b: Con Gâu Gâu
|-end|p2b: Con Gâu Gâu|Protosynthesis|[silent]
|move|p2a: Koraidon|Collision Course|p1b: Ceruledge
|-immune|p1b: Ceruledge
|move|p1a: Smeargle|Spore|p2a: Koraidon
|-status|p2a: Koraidon|slp|[from] move: Spore
|
|-weather|SunnyDay|[upkeep]
|-ability|p1a: Smeargle|Moody|boost
|-boost|p1a: Smeargle|spe|2
|-unboost|p1a: Smeargle|atk|1
|upkeep
|
|t:|1750839719
|switch|p2b: Calyrex|Calyrex-Shadow, L50|100/100
|-ability|p2b: Calyrex|As One
|-ability|p2b: Calyrex|Unnerve
|turn|3
|
|t:|1750839734
|move|p1b: Ceruledge|Shadow Sneak|p2b: Calyrex
|-supereffective|p2b: Calyrex
|-crit|p2b: Calyrex
|-enditem|p2b: Calyrex|Focus Sash
|-damage|p2b: Calyrex|1/100
|move|p1a: Smeargle|Spore|p2b: Calyrex
|-status|p2b: Calyrex|slp|[from] move: Spore
|cant|p2b: Calyrex|slp
|cant|p2a: Koraidon|slp
|
|-weather|SunnyDay|[upkeep]
|-ability|p1a: Smeargle|Moody|boost
|-boost|p1a: Smeargle|atk|2
|-unboost|p1a: Smeargle|spd|1
|upkeep
|turn|4
|inactive|JordanokeefeVGC has 30 seconds left.
|
|t:|1750839767
|-curestatus|p2b: Calyrex|slp|[msg]
|move|p2b: Calyrex|Protect|p2b: Calyrex
|-singleturn|p2b: Calyrex|Protect
|cant|p2a: Koraidon|slp
|move|p1b: Ceruledge|Shadow Sneak|p2b: Calyrex
|-activate|p2b: Calyrex|move: Protect
|move|p1a: Smeargle|Spore|p2a: Koraidon
|-fail|p2a: Koraidon|slp
|
|-weather|SunnyDay|[upkeep]
|-ability|p1a: Smeargle|Moody|boost
|-boost|p1a: Smeargle|def|2
|-unboost|p1a: Smeargle|spe|1
|upkeep
|turn|5
|
|t:|1750839779
|move|p1b: Ceruledge|Shadow Sneak|p2b: Calyrex
|-supereffective|p2b: Calyrex
|-damage|p2b: Calyrex|0 fnt
|faint|p2b: Calyrex
|move|p1a: Smeargle|Spore|p2a: Koraidon
|-fail|p2a: Koraidon|slp
|-curestatus|p2a: Koraidon|slp|[msg]
|move|p2a: Koraidon|Collision Course|p1a: Smeargle
|-supereffective|p1a: Smeargle
|-enditem|p1a: Smeargle|Focus Sash
|-damage|p1a: Smeargle|1/100
|
|-weather|none
|-ability|p1a: Smeargle|Moody|boost
|-boost|p1a: Smeargle|spd|2
|-unboost|p1a: Smeargle|atk|1
|upkeep
|
|t:|1750839783
|switch|p2b: Chi-Yu|Chi-Yu, L50|100/100
|-ability|p2b: Chi-Yu|Beads of Ruin
|turn|6
|inactive|JordanokeefeVGC has 30 seconds left.
|inactive|JordanokeefeVGC has 20 seconds left.
|inactive|JordanokeefeVGC has 15 seconds left.
|inactive|JordanokeefeVGC has 10 seconds left.
|
|t:|1750839829
|move|p1a: Smeargle|Follow Me|p1a: Smeargle
|-singleturn|p1a: Smeargle|move: Follow Me
|move|p2b: Chi-Yu|Heat Wave|p1a: Smeargle|[spread] p1a
|-immune|p1b: Ceruledge|[from] ability: Flash Fire
|-damage|p1a: Smeargle|0 fnt
|faint|p1a: Smeargle
|move|p2a: Koraidon|Flare Blitz|p1b: Ceruledge
|-immune|p1b: Ceruledge|[from] ability: Flash Fire
|move|p1b: Ceruledge|Poltergeist|p2a: Koraidon
|-activate|p2a: Koraidon|move: Poltergeist|Ability Shield
|-damage|p2a: Koraidon|15/100
|
|upkeep
|
|t:|1750839847
|switch|p1a: Incineroar|Incineroar, L50, M|100/100
|-ability|p1a: Incineroar|Intimidate|boost
|-unboost|p2a: Koraidon|atk|1
|-unboost|p2b: Chi-Yu|atk|1
|turn|7
|
|t:|1750839853
|move|p2a: Koraidon|Protect|p2a: Koraidon
|-singleturn|p2a: Koraidon|Protect
|move|p1a: Incineroar|Fake Out|p2b: Chi-Yu
|-damage|p2b: Chi-Yu|82/100
|move|p1b: Ceruledge|Shadow Sneak|p2a: Koraidon
|-activate|p2a: Koraidon|move: Protect
|cant|p2b: Chi-Yu|flinch
|
|upkeep
|turn|8
|
|t:|1750839867
|-terastallize|p1b: Ceruledge|Dark
|move|p1b: Ceruledge|Shadow Sneak|p2a: Koraidon
|-damage|p2a: Koraidon|0 fnt
|faint|p2a: Koraidon
|move|p2b: Chi-Yu|Heat Wave|p1a: Incineroar|[spread] p1a
|-immune|p1b: Ceruledge|[from] ability: Flash Fire
|-resisted|p1a: Incineroar
|-damage|p1a: Incineroar|80/100
|move|p1a: Incineroar|Parting Shot|p2b: Chi-Yu
|-unboost|p2b: Chi-Yu|atk|1
|-unboost|p2b: Chi-Yu|spa|1
|
|t:|1750839878
|switch|p1a: Calyrex|Calyrex-Shadow, L50|100/100|[from] Parting Shot
|-ability|p1a: Calyrex|As One
|-ability|p1a: Calyrex|Unnerve
|
|upkeep
|turn|9
|
|t:|1750839883
|move|p2b: Chi-Yu|Heat Wave|p1b: Ceruledge|[spread] p1a
|-immune|p1b: Ceruledge|[from] ability: Flash Fire
|-damage|p1a: Calyrex|71/100
|move|p1a: Calyrex|Astral Barrage|p2b: Chi-Yu
|-resisted|p2b: Chi-Yu
|-damage|p2b: Chi-Yu|31/100
|-damage|p1a: Calyrex|62/100|[from] item: Life Orb
|move|p1b: Ceruledge|Close Combat|p2b: Chi-Yu
|-supereffective|p2b: Chi-Yu
|-damage|p2b: Chi-Yu|0 fnt
|-unboost|p1b: Ceruledge|def|1
|-unboost|p1b: Ceruledge|spd|1
|faint|p2b: Chi-Yu
|
|win|JordanokeefeVGC
|raw|JordanokeefeVGC's rating: 1183 &rarr; <strong>1209</strong><br />(+26 for winning)
|raw|SGK_KHOA's rating: 1194 &rarr; <strong>1168</strong><br />(-26 for losing)
