|j|☆Fidgettoysforkids
|j|☆LovelyLilypad
|html|<table width="100%"><tr><td align="left">Fidgettoysforkids</td><td align="right">LovelyLilypad</tr><tr><td align="left"><i class="fa fa-circle-o"></i> <i class="fa fa-circle-o"></i> </td><td align="right"><i class="fa fa-circle-o"></i> <i class="fa fa-circle-o"></i> </tr></table>
|uhtml|bestof|<h2><strong>Game 1</strong> of <a href="/game-bestof3-gen9vgc2025regi-2390649612">a best-of-3</a></h2>
|t:|1750742523
|gametype|doubles
|player|p1|Fidgettoysforkids|pokemonrangerf-gen4|
|player|p2|LovelyLilypad|caitlin|
|teamsize|p1|6
|teamsize|p2|6
|gen|9
|tier|[Gen 9] VGC 2025 Reg I
|rule|Species Clause: Limit one of each Pokémon
|rule|Item Clause: Limit 1 of each item
|raw|<div class="infobox"><details class="readmore" open><summary><strong>1 custom rule:</strong></summary> Best of = 3</details></div>
|clearpoke
|poke|p1|Koraidon, L50|
|poke|p1|Flutter Mane, L50|
|poke|p1|Zamazenta-*, L50|
|poke|p1|Amoonguss, L50, F|
|poke|p1|Incineroar, L50, M|
|poke|p1|Gouging Fire, L50|
|poke|p2|Whimsicott, L50, F|
|poke|p2|Calyrex-Shadow, L50|
|poke|p2|Miraidon, L50|
|poke|p2|Incineroar, L50, M|
|poke|p2|Iron Hands, L50|
|poke|p2|Chi-Yu, L50|
|teampreview|4
LovelyLilypad has agreed to open team sheets.
Fidgettoysforkids has agreed to open team sheets.
|showteam|p1|Koraidon||LifeOrb|OrichalcumPulse|CloseCombat,FlameCharge,FlareBlitz,Protect||||||50|,,,,,Fire]Flutter Mane||FocusSash|Protosynthesis|DazzlingGleam,Protect,ShadowBall,Thunderbolt||||||50|,,,,,Fairy]Zamazenta-Crowned||RustedShield|DauntlessShield|WideGuard,BodyPress,IronDefense,WildCharge||||||50|,,,,,Fire]Amoonguss||RockyHelmet|EffectSpore|SludgeBomb,Spore,RagePowder,Protect|||F|||50|,,,,,Water]Incineroar||AssaultVest|Intimidate|FlareBlitz,KnockOff,FakeOut,Uturn|||M|||50|,,,,,Grass]Gouging Fire||SafetyGoggles|Protosynthesis|FlareBlitz,DragonClaw,Roar,TemperFlare||||||50|,,,,,Fire
|showteam|p2|Whimsicott||CovertCloak|Prankster|FakeTears,Moonblast,Tailwind,Encore|||F|||50|,,,,,Water]Calyrex-Shadow||FocusSash|AsOneSpectrier|AstralBarrage,Psychic,Disable,Protect||||||50|,,,,,Ghost]Miraidon||ChoiceSpecs|HadronEngine|VoltSwitch,ElectroDrift,DracoMeteor,DazzlingGleam||||||50|,,,,,Fairy]Incineroar||RockyHelmet|Intimidate|KnockOff,WillOWisp,PartingShot,FakeOut|||M|||50|,,,,,Water]Iron Hands||AssaultVest|QuarkDrive|DrainPunch,LowKick,WildCharge,FakeOut||||||50|,,,,,Bug]Chi-Yu||ChoiceScarf|BeadsofRuin|HeatWave,Flamethrower,Snarl,Ruination||||||50|,,,,,Ghost
|
|t:|1750742580
|start
|switch|p1a: Zamazenta|Zamazenta-Crowned, L50|100/100
|switch|p1b: Incineroar|Incineroar, L50, M|100/100
|switch|p2a: Whimsicott|Whimsicott, L50, F, shiny|100/100
|switch|p2b: Miraidon|Miraidon, L50|100/100
|-fieldstart|move: Electric Terrain|[from] ability: Hadron Engine|[of] p2b: Miraidon
|-ability|p1a: Zamazenta|Dauntless Shield|boost
|-boost|p1a: Zamazenta|def|1
|-ability|p1b: Incineroar|Intimidate|boost
|-unboost|p2a: Whimsicott|atk|1
|-unboost|p2b: Miraidon|atk|1
|turn|1
|
|t:|1750742687
|switch|p2a: Chi-Yu|Chi-Yu, L50|100/100
|-ability|p2a: Chi-Yu|Beads of Ruin
|move|p1b: Incineroar|Fake Out|p2b: Miraidon
|-damage|p2b: Miraidon|91/100
|cant|p2b: Miraidon|flinch
|move|p1a: Zamazenta|Iron Defense|p1a: Zamazenta
|-boost|p1a: Zamazenta|def|2
|
|upkeep
|turn|2
|
|t:|1750742732
|-terastallize|p1a: Zamazenta|Fire
|move|p2a: Chi-Yu|Ruination|p1a: Zamazenta
|-damage|p1a: Zamazenta|51/100
|move|p2b: Miraidon|Volt Switch|p1a: Zamazenta
|-damage|p1a: Zamazenta|0 fnt
|faint|p1a: Zamazenta
|
|t:|1750742740
|switch|p2b: Whimsicott|Whimsicott, L50, F, shiny|100/100|[from] Volt Switch
|move|p1b: Incineroar|Flare Blitz|p2b: Whimsicott
|-supereffective|p2b: Whimsicott
|-damage|p2b: Whimsicott|0 fnt
|faint|p2b: Whimsicott
|-damage|p1b: Incineroar|71/100|[from] Recoil
|
|upkeep
|
|t:|1750742751
|switch|p2b: Miraidon|Miraidon, L50|91/100
|switch|p1a: Koraidon|Koraidon, L50|100/100
|-activate|p2b: Miraidon|ability: Hadron Engine
|-weather|SunnyDay|[from] ability: Orichalcum Pulse|[of] p1a: Koraidon
|-activate|p1a: Koraidon|Orichalcum Pulse|[source]
|turn|3
|
|t:|1750742800
|switch|p1b: Flutter Mane|Flutter Mane, L50|100/100
|-activate|p1b: Flutter Mane|ability: Protosynthesis
|-start|p1b: Flutter Mane|protosynthesisspe
|-terastallize|p2a: Chi-Yu|Ghost
|move|p1a: Koraidon|Protect|p1a: Koraidon
|-singleturn|p1a: Koraidon|Protect
|move|p2a: Chi-Yu|Ruination|p1b: Flutter Mane
|-damage|p1b: Flutter Mane|50/100
|move|p2b: Miraidon|Draco Meteor|p1a: Koraidon
|-activate|p1a: Koraidon|move: Protect
|
|-weather|SunnyDay|[upkeep]
|upkeep
|turn|4
|
|t:|1750742842
|move|p1b: Flutter Mane|Dazzling Gleam|p2a: Chi-Yu|[spread] p2a,p2b
|-supereffective|p2b: Miraidon
|-damage|p2a: Chi-Yu|61/100
|-damage|p2b: Miraidon|24/100
|move|p2a: Chi-Yu|Ruination|p1a: Koraidon|[miss]
|-miss|p2a: Chi-Yu|p1a: Koraidon
|move|p2b: Miraidon|Draco Meteor|p1a: Koraidon
|-supereffective|p1a: Koraidon
|-damage|p1a: Koraidon|0 fnt
|-unboost|p2b: Miraidon|spa|2
|faint|p1a: Koraidon
|
|-weather|SunnyDay|[upkeep]
|upkeep
|
|t:|1750742855
|switch|p1a: Incineroar|Incineroar, L50, M|71/100
|-ability|p1a: Incineroar|Intimidate|boost
|-unboost|p2a: Chi-Yu|atk|1
|-unboost|p2b: Miraidon|atk|1
|turn|5
|
|t:|1750742867
|move|p1a: Incineroar|Fake Out|p2b: Miraidon
|-damage|p2b: Miraidon|15/100
|move|p1b: Flutter Mane|Dazzling Gleam|p2a: Chi-Yu|[spread] p2a,p2b
|-supereffective|p2b: Miraidon
|-damage|p2a: Chi-Yu|24/100
|-damage|p2b: Miraidon|0 fnt
|faint|p2b: Miraidon
|move|p2a: Chi-Yu|Ruination|p1a: Incineroar
|-damage|p1a: Incineroar|36/100
|
|-weather|SunnyDay|[upkeep]
|-fieldend|move: Electric Terrain
|upkeep
|
|t:|1750742877
|switch|p2b: Calyrex|Calyrex-Shadow, L50|100/100
|-ability|p2b: Calyrex|As One
|-ability|p2b: Calyrex|Unnerve
|turn|6
|
|t:|1750742889
|move|p1b: Flutter Mane|Dazzling Gleam|p2b: Calyrex|[spread] p2a,p2b
|-damage|p2a: Chi-Yu|0 fnt
|-damage|p2b: Calyrex|59/100
|faint|p2a: Chi-Yu
|move|p2b: Calyrex|Astral Barrage|p1b: Flutter Mane|[spread] p1a,p1b
|-resisted|p1a: Incineroar
|-supereffective|p1b: Flutter Mane
|-damage|p1a: Incineroar|20/100
|-damage|p1b: Flutter Mane|0 fnt
|faint|p1b: Flutter Mane
|-end|p1b: Flutter Mane|Protosynthesis|[silent]
|-ability|p2b: Calyrex|Grim Neigh|boost
|-boost|p2b: Calyrex|spa|1
|move|p1a: Incineroar|Knock Off|p2b: Calyrex
|-supereffective|p2b: Calyrex
|-damage|p2b: Calyrex|0 fnt
|-enditem|p2b: Calyrex|Focus Sash|[from] move: Knock Off|[of] p1a: Incineroar
|faint|p2b: Calyrex
|
|win|Fidgettoysforkids
||Fidgettoysforkids is ready for game 2.
|inactive|LovelyLilypad has 30 seconds to confirm battle start!
||LovelyLilypad is ready for game 2.
|uhtml|next|Next: <a href="/battle-gen9vgc2025regi-2390651610"><strong>Game 2 of 3</strong></a>
|l|☆LovelyLilypad
|player|p2|
|l|☆Fidgettoysforkids
|player|p1|
|j|☆Fidgettoysforkids
|player|p1|Fidgettoysforkids|pokemonrangerf-gen4|
