|j|‽mjbucks
|j|☆JwDYan
|t:|1750855117
|gametype|doubles
|player|p1|mjbucks|pokemaniac|1367
|player|p2|JwDYan|169|1444
|teamsize|p1|6
|teamsize|p2|6
|gen|9
|tier|[Gen 9] VGC 2025 Reg I
|rated|
|rule|Species Clause: Limit one of each Pokémon
|rule|Item Clause: Limit 1 of each item
|clearpoke
|poke|p1|Groudon, L50|
|poke|p1|Terapagos, L50, M|
|poke|p1|Raging Bolt, L50|
|poke|p1|Whimsicott, L50, M|
|poke|p1|Ogerpon-Wellspring, L50, F|
|poke|p1|Chi-Yu, L50|
|poke|p2|Ho-Oh, L50|
|poke|p2|Grimmsnarl, L50, M|
|poke|p2|Terapagos, L50, M|
|poke|p2|Glimmora, L50, F|
|poke|p2|Amoonguss, L50, F|
|poke|p2|Ogerpon-Wellspring, L50, F|
|teampreview|4
|inactive|Battle timer is ON: inactive players will automatically lose when time's up. (requested by mjbucks)
|inactive|JwDYan also wants the timer to be on.
|
|t:|1750855141
|start
|switch|p1a: Raging Bolt|Raging Bolt, L50|100/100
|switch|p1b: Chi-Yu|Chi-Yu, L50|100/100
|switch|p2a: Ho-Oh|Ho-Oh, L50, shiny|100/100
|switch|p2b: Grimmsnarl|Grimmsnarl, L50, M, shiny|100/100
|-ability|p1b: Chi-Yu|Beads of Ruin
|turn|1
|
|t:|1750855160
|switch|p2a: Terapagos|Terapagos, L50, M|100/100
|-activate|p2a: Terapagos|ability: Tera Shift
|detailschange|p2a: Terapagos|Terapagos-Terastal, L50, M
|-heal|p2a: Terapagos|100/100|[silent]
|move|p2b: Grimmsnarl|Light Screen|p2b: Grimmsnarl
|-sidestart|p2: JwDYan|move: Light Screen
|move|p1b: Chi-Yu|Heat Wave|p2b: Grimmsnarl|[spread] p2b
|-miss|p1b: Chi-Yu|p2a: Terapagos
|-damage|p2b: Grimmsnarl|60/100
|move|p1a: Raging Bolt|Electroweb|p2a: Terapagos|[spread] p2a,p2b
|-activate|p2a: Terapagos|ability: Tera Shell
|-resisted|p2a: Terapagos
|-damage|p2a: Terapagos|92/100
|-damage|p2b: Grimmsnarl|34/100
|-unboost|p2a: Terapagos|spe|1
|-unboost|p2b: Grimmsnarl|spe|1
|
|-heal|p2a: Terapagos|98/100|[from] item: Leftovers
|upkeep
|turn|2
|inactive|mjbucks has 30 seconds left.
|inactive|mjbucks has 20 seconds left.
|inactive|mjbucks has 15 seconds left.
|inactive|mjbucks has 10 seconds left.
|inactive|mjbucks has 5 seconds left.
|
|t:|1750855212
|move|p2b: Grimmsnarl|Reflect|p2b: Grimmsnarl
|-sidestart|p2: JwDYan|Reflect
|move|p1b: Chi-Yu|Heat Wave|p2b: Grimmsnarl|[spread] p2a,p2b
|-damage|p2a: Terapagos|74/100
|-damage|p2b: Grimmsnarl|0 fnt
|-status|p2a: Terapagos|brn
|faint|p2b: Grimmsnarl
|move|p1a: Raging Bolt|Snarl|p2a: Terapagos
|-damage|p2a: Terapagos|58/100 brn
|-unboost|p2a: Terapagos|spa|1
|move|p2a: Terapagos|Calm Mind|p2a: Terapagos
|-boost|p2a: Terapagos|spa|1
|-boost|p2a: Terapagos|spd|1
|
|-heal|p2a: Terapagos|64/100 brn|[from] item: Leftovers
|-damage|p2a: Terapagos|58/100 brn|[from] brn
|upkeep
|
|t:|1750855220
|switch|p2b: Ho-Oh|Ho-Oh, L50, shiny|100/100
|turn|3
|
|t:|1750855230
|move|p2a: Terapagos|Protect|p2a: Terapagos
|-singleturn|p2a: Terapagos|Protect
|move|p1b: Chi-Yu|Snarl|p2a: Terapagos|[spread] p2b
|-activate|p2a: Terapagos|move: Protect
|-damage|p2b: Ho-Oh|90/100
|-unboost|p2b: Ho-Oh|spa|1
|move|p2b: Ho-Oh|Brave Bird|p1b: Chi-Yu
|-damage|p1b: Chi-Yu|17/100
|-damage|p2b: Ho-Oh|73/100|[from] Recoil
|move|p1a: Raging Bolt|Electroweb|p2a: Terapagos|[spread] p2b
|-activate|p2a: Terapagos|move: Protect
|-supereffective|p2b: Ho-Oh
|-damage|p2b: Ho-Oh|50/100
|-unboost|p2b: Ho-Oh|spe|1
|-enditem|p2b: Ho-Oh|Sitrus Berry|[eat]
|-heal|p2b: Ho-Oh|75/100|[from] item: Sitrus Berry
|
|-heal|p2a: Terapagos|64/100 brn|[from] item: Leftovers
|-damage|p2a: Terapagos|58/100 brn|[from] brn
|upkeep
|turn|4
|
|t:|1750855249
|move|p1b: Chi-Yu|Snarl|p2b: Ho-Oh|[spread] p2a,p2b
|-damage|p2a: Terapagos|48/100 brn
|-damage|p2b: Ho-Oh|65/100
|-unboost|p2a: Terapagos|spa|1
|-unboost|p2b: Ho-Oh|spa|1
|move|p1a: Raging Bolt|Snarl|p2b: Ho-Oh|[spread] p2a,p2b
|-damage|p2a: Terapagos|40/100 brn
|-damage|p2b: Ho-Oh|57/100
|-unboost|p2a: Terapagos|spa|1
|-unboost|p2b: Ho-Oh|spa|1
|move|p2b: Ho-Oh|Life Dew|p2b: Ho-Oh|[spread] p2a,p2b
|-heal|p2a: Terapagos|65/100 brn
|-heal|p2b: Ho-Oh|82/100
|move|p2a: Terapagos|Calm Mind|p2a: Terapagos
|-boost|p2a: Terapagos|spa|1
|-boost|p2a: Terapagos|spd|1
|
|-heal|p2a: Terapagos|71/100 brn|[from] item: Leftovers
|-damage|p2a: Terapagos|65/100 brn|[from] brn
|upkeep
|turn|5
|
|t:|1750855267
|move|p2a: Terapagos|Protect|p2a: Terapagos
|-singleturn|p2a: Terapagos|Protect
|move|p1b: Chi-Yu|Heat Wave|p2a: Terapagos|[spread] p2b
|-activate|p2a: Terapagos|move: Protect
|-resisted|p2b: Ho-Oh
|-damage|p2b: Ho-Oh|72/100
|move|p1a: Raging Bolt|Electroweb|p2b: Ho-Oh|[spread] p2b
|-activate|p2a: Terapagos|move: Protect
|-supereffective|p2b: Ho-Oh
|-crit|p2b: Ho-Oh
|-damage|p2b: Ho-Oh|17/100
|-unboost|p2b: Ho-Oh|spe|1
|move|p2b: Ho-Oh|Brave Bird|p1b: Chi-Yu
|-crit|p1b: Chi-Yu
|-damage|p1b: Chi-Yu|0 fnt
|faint|p1b: Chi-Yu
|-damage|p2b: Ho-Oh|14/100|[from] Recoil
|
|-heal|p2a: Terapagos|71/100 brn|[from] item: Leftovers
|-damage|p2a: Terapagos|65/100 brn|[from] brn
|upkeep
|
|t:|1750855281
|switch|p1b: Terapagos|Terapagos, L50, M|100/100
|-activate|p1b: Terapagos|ability: Tera Shift
|detailschange|p1b: Terapagos|Terapagos-Terastal, L50, M
|-heal|p1b: Terapagos|100/100|[silent]
|turn|6
|
|t:|1750855290
|switch|p2b: Glimmora|Glimmora, L50, F, shiny|100/100
|move|p1b: Terapagos|Calm Mind|p1b: Terapagos
|-boost|p1b: Terapagos|spa|1
|-boost|p1b: Terapagos|spd|1
|move|p1a: Raging Bolt|Electroweb|p2a: Terapagos|[spread] p2a
|-miss|p1a: Raging Bolt|p2b: Glimmora
|-damage|p2a: Terapagos|59/100 brn
|-unboost|p2a: Terapagos|spe|1
|move|p2a: Terapagos|Calm Mind|p2a: Terapagos
|-boost|p2a: Terapagos|spa|1
|-boost|p2a: Terapagos|spd|1
|
|-heal|p2a: Terapagos|65/100 brn|[from] item: Leftovers
|-damage|p2a: Terapagos|59/100 brn|[from] brn
|upkeep
|turn|7
|inactive|JwDYan has 30 seconds left.
|
|t:|1750855321
|move|p2b: Glimmora|Toxic|p1b: Terapagos
|-status|p1b: Terapagos|tox
|move|p1b: Terapagos|Earth Power|p2b: Glimmora
|-supereffective|p2b: Glimmora
|-damage|p2b: Glimmora|0 fnt
|faint|p2b: Glimmora
|move|p1a: Raging Bolt|Snarl|p2a: Terapagos
|-damage|p2a: Terapagos|54/100 brn
|-unboost|p2a: Terapagos|spa|1
|move|p2a: Terapagos|Calm Mind|p2a: Terapagos
|-boost|p2a: Terapagos|spa|1
|-boost|p2a: Terapagos|spd|1
|
|-heal|p2a: Terapagos|60/100 brn|[from] item: Leftovers
|-damage|p1b: Terapagos|95/100 tox|[from] psn
|-damage|p2a: Terapagos|54/100 brn|[from] brn
|upkeep
|
|t:|1750855336
|switch|p2b: Ho-Oh|Ho-Oh, L50, shiny|47/100
|turn|8
|
|t:|1750855348
|-terastallize|p1b: Terapagos|Stellar
|detailschange|p1b: Terapagos|Terapagos-Stellar, L50, M, tera:Stellar
|-heal|p1b: Terapagos|96/100 tox|[silent]
|move|p2b: Ho-Oh|Life Dew|p2b: Ho-Oh|[spread] p2a,p2b
|-heal|p2a: Terapagos|80/100 brn
|-heal|p2b: Ho-Oh|72/100
|move|p1b: Terapagos|Tera Starstorm|p2b: Ho-Oh|[spread] p2a,p2b
|-damage|p2a: Terapagos|69/100 brn
|-damage|p2b: Ho-Oh|50/100
|move|p1a: Raging Bolt|Electroweb|p2a: Terapagos|[spread] p2b
|-miss|p1a: Raging Bolt|p2a: Terapagos
|-supereffective|p2b: Ho-Oh
|-damage|p2b: Ho-Oh|31/100
|-unboost|p2b: Ho-Oh|spe|1
|move|p2a: Terapagos|Calm Mind|p2a: Terapagos
|-boost|p2a: Terapagos|spa|1
|-boost|p2a: Terapagos|spd|1
|
|-heal|p1b: Terapagos|100/100 tox|[from] item: Leftovers
|-heal|p2a: Terapagos|75/100 brn|[from] item: Leftovers
|-damage|p1b: Terapagos|89/100 tox|[from] psn
|-damage|p2a: Terapagos|69/100 brn|[from] brn
|-sideend|p2: JwDYan|move: Light Screen
|upkeep
|turn|9
|
|t:|1750855371
|move|p1b: Terapagos|Tera Starstorm|p2b: Ho-Oh|[spread] p2a,p2b
|-damage|p2a: Terapagos|55/100 brn
|-damage|p2b: Ho-Oh|0 fnt
|faint|p2b: Ho-Oh
|move|p1a: Raging Bolt|Electroweb|p2a: Terapagos
|-damage|p2a: Terapagos|48/100 brn
|-unboost|p2a: Terapagos|spe|1
|move|p2a: Terapagos|Calm Mind|p2a: Terapagos
|-boost|p2a: Terapagos|spa|1
|-boost|p2a: Terapagos|spd|1
|
|-heal|p1b: Terapagos|95/100 tox|[from] item: Leftovers
|-heal|p2a: Terapagos|54/100 brn|[from] item: Leftovers
|-damage|p1b: Terapagos|77/100 tox|[from] psn
|-damage|p2a: Terapagos|48/100 brn|[from] brn
|-sideend|p2: JwDYan|Reflect
|upkeep
|turn|10
|-message|JwDYan forfeited.
|
|win|mjbucks
|raw|mjbucks's rating: 1367 &rarr; <strong>1391</strong><br />(+24 for winning)
|raw|JwDYan's rating: 1444 &rarr; <strong>1420</strong><br />(-24 for losing)
|l|☆JwDYan
|player|p2|
