|j|☆Lewissquire
|j|☆urukhai01
|t:|1750777461
|gametype|doubles
|player|p1|Lewissquire|2|1484
|player|p2|urukhai01|zinzolin|1441
|teamsize|p1|6
|teamsize|p2|6
|gen|9
|tier|[Gen 9] VGC 2025 Reg I
|rated|
|rule|Species Clause: Limit one of each Pokémon
|rule|Item Clause: Limit 1 of each item
|clearpoke
|poke|p1|Zamazenta-*, L50|
|poke|p1|Raging Bolt, L50|
|poke|p1|Incineroar, L50, F|
|poke|p1|Rillaboom, L50, M|
|poke|p1|Ogerpon-Hearthflame, L50, F|
|poke|p1|Calyrex-Shadow, L50|
|poke|p2|Eternatus, L50|
|poke|p2|Zacian-*, L50|
|poke|p2|Heatran, L50, F|
|poke|p2|Grimmsnarl, L50, M|
|poke|p2|Chi-Yu, L50|
|poke|p2|Ogerpon-Cornerstone, L50, F|
|teampreview|4
|inactive|Battle timer is ON: inactive players will automatically lose when time's up. (requested by urukhai01)
|inactive|Lewissquire has 60 seconds left.
|inactive|urukhai01 has 60 seconds left.
|
|t:|1750777505
|start
|switch|p1a: Incineroar|Incineroar, L50, F|100/100
|switch|p1b: Rillaboom|Rillaboom, L50, M|100/100
|switch|p2a: Eternatus|Eternatus, L50|100/100
|switch|p2b: Grimmsnarl|Grimmsnarl, L50, M|100/100
|-ability|p2a: Eternatus|Pressure
|-fieldstart|move: Grassy Terrain|[from] ability: Grassy Surge|[of] p1b: Rillaboom
|-ability|p1a: Incineroar|Intimidate|boost
|-unboost|p2a: Eternatus|atk|1
|-unboost|p2b: Grimmsnarl|atk|1
|turn|1
|
|t:|1750777527
|-terastallize|p2a: Eternatus|Ghost
|move|p1a: Incineroar|Fake Out|p2a: Eternatus
|-immune|p2a: Eternatus
|move|p2b: Grimmsnarl|Thunder Wave|p1b: Rillaboom
|-status|p1b: Rillaboom|par
|move|p2a: Eternatus|Meteor Beam||[still]
|-prepare|p2a: Eternatus|Meteor Beam
|-boost|p2a: Eternatus|spa|1
|-enditem|p2a: Eternatus|Power Herb
|-anim|p2a: Eternatus|Meteor Beam|p1a: Incineroar
|-supereffective|p1a: Incineroar
|-damage|p1a: Incineroar|0 fnt
|faint|p1a: Incineroar
|move|p1b: Rillaboom|Wood Hammer|p2b: Grimmsnarl
|-damage|p2b: Grimmsnarl|18/100
|-damage|p1b: Rillaboom|74/100 par|[from] Recoil
|
|-heal|p2b: Grimmsnarl|24/100|[from] Grassy Terrain
|-heal|p1b: Rillaboom|80/100 par|[from] Grassy Terrain
|upkeep
|
|t:|1750777547
|switch|p1a: Calyrex|Calyrex-Shadow, L50|100/100
|-ability|p1a: Calyrex|As One
|-ability|p1a: Calyrex|Unnerve
|turn|2
|
|t:|1750777566
|move|p2a: Eternatus|Protect|p2a: Eternatus
|-singleturn|p2a: Eternatus|Protect
|move|p2b: Grimmsnarl|Light Screen|p2b: Grimmsnarl
|-sidestart|p2: urukhai01|move: Light Screen
|move|p1a: Calyrex|Astral Barrage|p2a: Eternatus|[spread] p2b
|-activate|p2a: Eternatus|move: Protect
|-resisted|p2b: Grimmsnarl
|-damage|p2b: Grimmsnarl|6/100
|-damage|p1a: Calyrex|91/100|[from] item: Life Orb
|move|p1b: Rillaboom|U-turn|p2b: Grimmsnarl
|-damage|p2b: Grimmsnarl|0 fnt
|faint|p2b: Grimmsnarl
|
|t:|1750777580
|switch|p1b: Zamazenta|Zamazenta-Crowned, L50|100/100|[from] U-turn
|-ability|p1b: Zamazenta|Dauntless Shield|boost
|-boost|p1b: Zamazenta|def|1
|
|-heal|p1a: Calyrex|97/100|[from] Grassy Terrain
|upkeep
|
|t:|1750777583
|switch|p2b: Chi-Yu|Chi-Yu, L50|100/100
|-ability|p2b: Chi-Yu|Beads of Ruin
|turn|3
|
|t:|1750777608
|-terastallize|p1b: Zamazenta|Water
|move|p1a: Calyrex|Protect|p1a: Calyrex
|-singleturn|p1a: Calyrex|Protect
|move|p2b: Chi-Yu|Snarl|p1a: Calyrex|[spread] 
|-activate|p1a: Calyrex|move: Protect
|-miss|p2b: Chi-Yu|p1b: Zamazenta
|move|p2a: Eternatus|Dynamax Cannon|p1b: Zamazenta
|-damage|p1b: Zamazenta|30/100
|move|p1b: Zamazenta|Body Press|p2b: Chi-Yu
|-supereffective|p2b: Chi-Yu
|-damage|p2b: Chi-Yu|0 fnt
|faint|p2b: Chi-Yu
|
|-heal|p1a: Calyrex|100/100|[from] Grassy Terrain
|-heal|p1b: Zamazenta|36/100|[from] Grassy Terrain
|upkeep
|
|t:|1750777621
|switch|p2b: Zacian|Zacian-Crowned, L50|100/100
|-ability|p2b: Zacian|Intrepid Sword|boost
|-boost|p2b: Zacian|atk|1
|turn|4
|
|t:|1750777639
|move|p1a: Calyrex|Astral Barrage|p2b: Zacian|[spread] p2a,p2b
|-supereffective|p2a: Eternatus
|-damage|p2a: Eternatus|26/100
|-damage|p2b: Zacian|66/100
|-damage|p1a: Calyrex|91/100|[from] item: Life Orb
|move|p2a: Eternatus|Dynamax Cannon|p1b: Zamazenta
|-damage|p1b: Zamazenta|0 fnt
|faint|p1b: Zamazenta
|move|p2b: Zacian|Behemoth Blade|p1a: Calyrex
|-damage|p1a: Calyrex|9/100
|
|-heal|p1a: Calyrex|15/100|[from] Grassy Terrain
|-heal|p2a: Eternatus|32/100|[from] Grassy Terrain
|-heal|p2b: Zacian|73/100|[from] Grassy Terrain
|upkeep
|
|t:|1750777649
|switch|p1b: Rillaboom|Rillaboom, L50, M|80/100 par
|turn|5
|
|t:|1750777659
|move|p2a: Eternatus|Protect|p2a: Eternatus
|-singleturn|p2a: Eternatus|Protect
|move|p2b: Zacian|Protect|p2b: Zacian
|-singleturn|p2b: Zacian|Protect
|move|p1b: Rillaboom|Fake Out|p2b: Zacian
|-activate|p2b: Zacian|move: Protect
|move|p1a: Calyrex|Astral Barrage|p2b: Zacian|[spread] 
|-activate|p2a: Eternatus|move: Protect
|-activate|p2b: Zacian|move: Protect
|
|-heal|p1a: Calyrex|21/100|[from] Grassy Terrain
|-heal|p2a: Eternatus|38/100|[from] Grassy Terrain
|-heal|p2b: Zacian|79/100|[from] Grassy Terrain
|-heal|p1b: Rillaboom|86/100 par|[from] Grassy Terrain
|-fieldend|move: Grassy Terrain
|upkeep
|turn|6
|
|t:|1750777681
|move|p1a: Calyrex|Astral Barrage|p2b: Zacian|[spread] p2a,p2b
|-supereffective|p2a: Eternatus
|-damage|p2a: Eternatus|0 fnt
|-damage|p2b: Zacian|47/100
|faint|p2a: Eternatus
|-ability|p1a: Calyrex|Grim Neigh|boost
|-boost|p1a: Calyrex|spa|1
|-damage|p1a: Calyrex|12/100|[from] item: Life Orb
|move|p2b: Zacian|Behemoth Blade|p1a: Calyrex
|-damage|p1a: Calyrex|0 fnt
|faint|p1a: Calyrex
|move|p1b: Rillaboom|Wood Hammer|p2b: Zacian
|-resisted|p2b: Zacian
|-damage|p2b: Zacian|20/100
|-damage|p1b: Rillaboom|77/100 par|[from] Recoil
|
|upkeep
|turn|7
|
|t:|1750777699
|move|p2b: Zacian|Behemoth Blade|p1b: Rillaboom
|-damage|p1b: Rillaboom|0 fnt
|faint|p1b: Rillaboom
|
|win|urukhai01
|raw|Lewissquire's rating: 1484 &rarr; <strong>1462</strong><br />(-22 for losing)
|raw|urukhai01's rating: 1441 &rarr; <strong>1463</strong><br />(+22 for winning)
|c|☆urukhai01|Gg
