|j|☆FBDshadow
|j|☆GG=Groudon Gaming
|t:|1750834968
|gametype|doubles
|player|p1|FBDshadow|ethan|1059
|player|p2|GG=Groudon Gaming|acerola-masters2|1079
|teamsize|p1|6
|teamsize|p2|6
|gen|9
|tier|[Gen 9] VGC 2025 Reg I
|rated|
|rule|Species Clause: Limit one of each Pokémon
|rule|Item Clause: Limit 1 of each item
|clearpoke
|poke|p1|Typhlosion-Hisui, L50, M|
|poke|p1|Groudon, L50|
|poke|p1|Koraidon, L50|
|poke|p1|Incineroar, L50, M|
|poke|p1|Salazzle, L50, F|
|poke|p1|Amoonguss, L50, F|
|poke|p2|Groudon, L50|
|poke|p2|Miraidon, L50|
|poke|p2|Entei, L50|
|poke|p2|Whimsicott, L50, F|
|poke|p2|Flutter Mane, L50|
|poke|p2|Volcarona, L50, M|
|teampreview|4
|inactive|Battle timer is ON: inactive players will automatically lose when time's up. (requested by GG=Groudon Gaming)
|inactive|GG=Groudon Gaming has 60 seconds left.
|
|t:|1750835024
|start
|switch|p1a: Amoonguss|Amoonguss, L50, F, shiny|100/100
|switch|p1b: Salazzle|Salazzle, L50, F, shiny|100/100
|switch|p2a: Miraidon|Miraidon, L50|100/100
|switch|p2b: Whimsicott|Whimsicott, L50, F|100/100
|-fieldstart|move: Electric Terrain|[from] ability: Hadron Engine|[of] p2a: Miraidon
|turn|1
|
|t:|1750835042
|move|p1a: Amoonguss|Rage Powder|p1a: Amoonguss
|-singleturn|p1a: Amoonguss|move: Rage Powder
|move|p2b: Whimsicott|Tailwind|p2b: Whimsicott
|-sidestart|p2: GG=Groudon Gaming|move: Tailwind
|move|p2a: Miraidon|Electro Drift|p1a: Amoonguss
|-resisted|p1a: Amoonguss
|-damage|p1a: Amoonguss|54/100
|-damage|p2a: Miraidon|84/100|[from] item: Rocky Helmet|[of] p1a: Amoonguss
|move|p1b: Salazzle|Toxic|p2a: Miraidon
|-status|p2a: Miraidon|tox
|
|-damage|p2a: Miraidon|78/100 tox|[from] psn
|upkeep
|turn|2
|
|t:|1750835067
|move|p1a: Amoonguss|Rage Powder|p1a: Amoonguss
|-singleturn|p1a: Amoonguss|move: Rage Powder
|move|p2b: Whimsicott|Moonblast|p1a: Amoonguss
|-resisted|p1a: Amoonguss
|-damage|p1a: Amoonguss|45/100
|move|p2a: Miraidon|Electro Drift|p1a: Amoonguss
|-resisted|p1a: Amoonguss
|-damage|p1a: Amoonguss|0 fnt
|-damage|p2a: Miraidon|62/100 tox|[from] item: Rocky Helmet|[of] p1a: Amoonguss
|faint|p1a: Amoonguss
|move|p1b: Salazzle|Sludge Bomb|p2b: Whimsicott
|-supereffective|p2b: Whimsicott
|-damage|p2b: Whimsicott|0 fnt
|faint|p2b: Whimsicott
|
|-damage|p2a: Miraidon|49/100 tox|[from] psn
|upkeep
|
|t:|1750835084
|switch|p2b: Groudon|Groudon, L50|100/100
|switch|p1a: Typhlosion|Typhlosion-Hisui, L50, M, shiny|100/100
|-weather|SunnyDay|[from] ability: Drought|[of] p2b: Groudon
|-item|p2a: Miraidon|Choice Specs|[from] ability: Frisk|[of] p1a: Typhlosion
|-item|p2b: Groudon|Clear Amulet|[from] ability: Frisk|[of] p1a: Typhlosion
|turn|3
|
|t:|1750835096
|switch|p1a: Groudon|Groudon, L50|100/100
|move|p2a: Miraidon|Electro Drift|p1a: Groudon
|-immune|p1a: Groudon
|move|p2b: Groudon|Precipice Blades|p1b: Salazzle|[spread] p1a,p1b
|-supereffective|p1b: Salazzle
|-damage|p1a: Groudon|66/100
|-enditem|p1b: Salazzle|Focus Sash
|-damage|p1b: Salazzle|1/100
|move|p1b: Salazzle|Toxic|p2b: Groudon
|-status|p2b: Groudon|tox
|
|-weather|SunnyDay|[upkeep]
|-heal|p1a: Groudon|72/100|[from] item: Leftovers
|-damage|p2a: Miraidon|31/100 tox|[from] psn
|-damage|p2b: Groudon|95/100 tox|[from] psn
|upkeep
|turn|4
|inactive|FBDshadow has 30 seconds left.
|
|t:|1750835122
|move|p1a: Groudon|Protect|p1a: Groudon
|-singleturn|p1a: Groudon|Protect
|move|p2a: Miraidon|Electro Drift|p1b: Salazzle
|-damage|p1b: Salazzle|0 fnt
|faint|p1b: Salazzle
|move|p2b: Groudon|Precipice Blades|p1a: Groudon
|-activate|p1a: Groudon|move: Protect
|
|-weather|SunnyDay|[upkeep]
|-heal|p1a: Groudon|77/100|[from] item: Leftovers
|-damage|p2a: Miraidon|6/100 tox|[from] psn
|-damage|p2b: Groudon|83/100 tox|[from] psn
|-sideend|p2: GG=Groudon Gaming|move: Tailwind
|upkeep
|
|t:|1750835137
|switch|p1b: Typhlosion|Typhlosion-Hisui, L50, M, shiny|100/100
|-item|p2a: Miraidon|Choice Specs|[from] ability: Frisk|[of] p1b: Typhlosion
|-item|p2b: Groudon|Clear Amulet|[from] ability: Frisk|[of] p1b: Typhlosion
|turn|5
|
|t:|1750835158
|move|p2b: Groudon|Protect|p2b: Groudon
|-singleturn|p2b: Groudon|Protect
|move|p2a: Miraidon|Electro Drift|p1b: Typhlosion
|-crit|p1b: Typhlosion
|-damage|p1b: Typhlosion|0 fnt
|faint|p1b: Typhlosion
|move|p1a: Groudon|Precipice Blades|p2b: Groudon|[spread] p2a
|-activate|p2b: Groudon|move: Protect
|-supereffective|p2a: Miraidon
|-damage|p2a: Miraidon|0 fnt
|faint|p2a: Miraidon
|
|-weather|SunnyDay|[upkeep]
|-heal|p1a: Groudon|83/100|[from] item: Leftovers
|-damage|p2b: Groudon|66/100 tox|[from] psn
|-fieldend|move: Electric Terrain
|upkeep
|
|t:|1750835167
|switch|p2a: Entei|Entei, L50|100/100
|turn|6
|
|t:|1750835174
|move|p2a: Entei|Eruption|p1a: Groudon
|-damage|p1a: Groudon|0 fnt
|faint|p1a: Groudon
|
|win|GG=Groudon Gaming
|raw|FBDshadow's rating: 1059 &rarr; <strong>1042</strong><br />(-17 for losing)
|raw|GG=Groudon Gaming's rating: 1101 &rarr; <strong>1123</strong><br />(+22 for winning)
|l|☆FBDshadow
|player|p1|
|l|☆GG=Groudon Gaming
|player|p2|
