|j|☆The Lesko
|j|☆nolemonnomelon
|t:|1750719402
|gametype|doubles
|player|p1|The Lesko|acetrainer-gen4dp|1630
|player|p2|nolemonnomelon|hilda|1576
|teamsize|p1|6
|teamsize|p2|6
|gen|9
|tier|[Gen 9] VGC 2025 Reg I
|rated|
|rule|Species Clause: Limit one of each Pokémon
|rule|Item Clause: Limit 1 of each item
|clearpoke
|poke|p1|Lunala, L50|
|poke|p1|Miraidon, L50|
|poke|p1|Urshifu-*, L50, M|
|poke|p1|Iron Hands, L50|
|poke|p1|Incineroar, L50, M|
|poke|p1|Iron Leaves, L50|
|poke|p2|Kyogre, L50|
|poke|p2|Tornadus, L50, M|
|poke|p2|Incineroar, L50, M|
|poke|p2|Farigiraf, L50, M|
|poke|p2|Tinkaton, L50, F|
|poke|p2|Calyrex-Ice, L50|
|teampreview|4
|inactive|Battle timer is ON: inactive players will automatically lose when time's up. (requested by nolemonnomelon)
|j| Ghouldengo enjoyer
|inactive|nolemonnomelon has 60 seconds left.
|
|t:|1750719440
|start
|switch|p1a: RAOUF|Urshifu-Rapid-Strike, L50, M|100/100
|switch|p1b: Lakovievic|Lunala, L50|100/100
|switch|p2a: Kyogre|Kyogre, L50|100/100
|switch|p2b: Tinkaton|Tinkaton, L50, F|100/100
|-ability|p2b: Tinkaton|Mold Breaker
|-weather|RainDance|[from] ability: Drizzle|[of] p2a: Kyogre
|turn|1
|
|t:|1750719455
|move|p2b: Tinkaton|Fake Out|p1a: RAOUF
|-damage|p1a: RAOUF|92/100
|move|p1b: Lakovievic|Wide Guard|p1b: Lakovievic
|-singleturn|p1b: Lakovievic|Wide Guard
|cant|p1a: RAOUF|flinch
|move|p2a: Kyogre|Water Spout|p1a: RAOUF|[spread] 
|-activate|p1a: RAOUF|move: Wide Guard
|-activate|p1b: Lakovievic|move: Wide Guard
|
|-weather|RainDance|[upkeep]
|upkeep
|turn|2
|inactive|The Lesko has 30 seconds left.
|inactive|The Lesko has 20 seconds left.
|inactive|The Lesko has 15 seconds left.
|
|t:|1750719499
|-terastallize|p2b: Tinkaton|Dragon
|move|p2b: Tinkaton|Feint|p1a: RAOUF
|-damage|p1a: RAOUF|85/100
|move|p1a: RAOUF|Surging Strikes|p2b: Tinkaton
|-resisted|p2b: Tinkaton
|-crit|p2b: Tinkaton
|-damage|p2b: Tinkaton|85/100
|-resisted|p2b: Tinkaton
|-crit|p2b: Tinkaton
|-damage|p2b: Tinkaton|69/100
|-resisted|p2b: Tinkaton
|-crit|p2b: Tinkaton
|-damage|p2b: Tinkaton|54/100
|-hitcount|p2b: Tinkaton|3
|move|p2a: Kyogre|Water Spout|p1b: Lakovievic|[spread] p1a,p1b
|-resisted|p1a: RAOUF
|-damage|p1a: RAOUF|0 fnt
|-damage|p1b: Lakovievic|41/100
|faint|p1a: RAOUF
|move|p1b: Lakovievic|Moongeist Beam|p2a: Kyogre
|-crit|p2a: Kyogre
|-damage|p2a: Kyogre|41/100
|
|-weather|RainDance|[upkeep]
|upkeep
|c|☆nolemonnomelon|crit is scary
|inactive|The Lesko has 30 seconds left.
|
|t:|1750719526
|switch|p1a: Il Vesc|Miraidon, L50|100/100
|-fieldstart|move: Electric Terrain|[from] ability: Hadron Engine|[of] p1a: Il Vesc
|-enditem|p1b: Lakovievic|Electric Seed
|-boost|p1b: Lakovievic|def|1|[from] item: Electric Seed
|turn|3
|
|t:|1750719536
|switch|p2a: Incineroar|Incineroar, L50, M|100/100
|-ability|p2a: Incineroar|Intimidate|boost
|-unboost|p1a: Il Vesc|atk|1
|-unboost|p1b: Lakovievic|atk|1
|-terastallize|p1a: Il Vesc|Electric
|move|p1b: Lakovievic|Wide Guard|p1b: Lakovievic
|-singleturn|p1b: Lakovievic|Wide Guard
|move|p1a: Il Vesc|Discharge|p2a: Incineroar|[spread] p2a,p2b
|-activate|p1b: Lakovievic|move: Wide Guard
|-resisted|p2b: Tinkaton
|-damage|p2a: Incineroar|0 fnt
|-damage|p2b: Tinkaton|24/100
|faint|p2a: Incineroar
|-damage|p1a: Il Vesc|91/100|[from] item: Life Orb
|move|p2b: Tinkaton|Play Rough|p1a: Il Vesc
|-damage|p1a: Il Vesc|65/100
|
|-weather|RainDance|[upkeep]
|upkeep
|inactive|nolemonnomelon has 30 seconds left.
|
|t:|1750719571
|switch|p2a: Calyrex|Calyrex-Ice, L50|100/100
|-ability|p2a: Calyrex|As One
|-ability|p2a: Calyrex|Unnerve
|turn|4
|inactive|The Lesko has 30 seconds left.
|inactive|nolemonnomelon has 30 seconds left.
|inactive|nolemonnomelon has 20 seconds left.
|
|t:|1750719606
|move|p1a: Il Vesc|Electro Drift|p2b: Tinkaton
|-resisted|p2b: Tinkaton
|-damage|p2b: Tinkaton|0 fnt
|faint|p2b: Tinkaton
|-damage|p1a: Il Vesc|55/100|[from] item: Life Orb
|move|p1b: Lakovievic|Moongeist Beam|p2a: Calyrex
|-supereffective|p2a: Calyrex
|-damage|p2a: Calyrex|16/100
|move|p2a: Calyrex|Trick Room|p2a: Calyrex
|-fieldstart|move: Trick Room|[of] p2a: Calyrex
|
|-weather|RainDance|[upkeep]
|upkeep
|
|t:|1750719609
|switch|p2b: Kyogre|Kyogre, L50|41/100
|turn|5
|inactive|nolemonnomelon has 30 seconds left.
|
|t:|1750719641
|move|p1b: Lakovievic|Wide Guard|p1b: Lakovievic
|-singleturn|p1b: Lakovievic|Wide Guard
|move|p2a: Calyrex|Icicle Spear|p1a: Il Vesc
|-damage|p1a: Il Vesc|40/100
|-damage|p1a: Il Vesc|23/100
|-damage|p1a: Il Vesc|8/100
|-damage|p1a: Il Vesc|0 fnt
|faint|p1a: Il Vesc
|-ability|p2a: Calyrex|Chilling Neigh|boost
|-boost|p2a: Calyrex|atk|1
|-hitcount|p1: Il Vesc|4
|move|p2b: Kyogre|Thunder|p1b: Lakovievic
|-damage|p1b: Lakovievic|0 fnt
|faint|p1b: Lakovievic
|
|-weather|none
|upkeep
|
|t:|1750719649
|switch|p1b: TiaConty|Iron Leaves, L50|100/100
|-activate|p1b: TiaConty|ability: Quark Drive
|-start|p1b: TiaConty|quarkdrivespe
|turn|6
|c|☆The Lesko|spear is crazzyyyyyy
|
|t:|1750719662
|move|p2a: Calyrex|Glacial Lance|p1b: TiaConty
|-supereffective|p1b: TiaConty
|-damage|p1b: TiaConty|0 fnt
|faint|p1b: TiaConty
|-end|p1b: TiaConty|Quark Drive|[silent]
|
|win|nolemonnomelon
|raw|The Lesko's rating: 1630 &rarr; <strong>1607</strong><br />(-23 for losing)
|raw|nolemonnomelon's rating: 1576 &rarr; <strong>1599</strong><br />(+23 for winning)
|l|☆The Lesko
|player|p1|
|c|☆nolemonnomelon|the closed team sheet experience
|l|☆nolemonnomelon
|player|p2|
|l| Ghouldengo enjoyer
