|j|☆SuperDruper
|j|☆sandstrummie
|t:|1750768683
|gametype|doubles
|player|p1|SuperDruper|hooligans|1502
|player|p2|sandstrummie|unknown|1462
|teamsize|p1|6
|teamsize|p2|6
|gen|9
|tier|[Gen 9] VGC 2025 Reg I
|rated|
|rule|Species Clause: Limit one of each Pokémon
|rule|Item Clause: Limit 1 of each item
|clearpoke
|poke|p1|Calyrex-Shadow, L50|
|poke|p1|Koraidon, L50|
|poke|p1|Indeedee-F, L50, F|
|poke|p1|Tornadus, L50, M|
|poke|p1|Flutter Mane, L50|
|poke|p1|Chi-Yu, L50|
|poke|p2|Calyrex-Shadow, L50|
|poke|p2|Zamazenta-*, L50|
|poke|p2|Tyranitar, L50, M|
|poke|p2|Garchomp, L50, M|
|poke|p2|Amoonguss, L50, M|
|poke|p2|Incineroar, L50, F|
|teampreview|4
SuperDruper has agreed to open team sheets.
|inactive|Battle timer is ON: inactive players will automatically lose when time's up. (requested by SuperDruper)
|inactive|sandstrummie has 60 seconds left.
|
|t:|1750768735
|start
|switch|p1a: Calyrex|Calyrex-Shadow, L50|100/100
|switch|p1b: Koraidon|Koraidon, L50|100/100
|switch|p2a: Tyranitar|Tyranitar, L50, M|100/100
|switch|p2b: Garchomp|Garchomp, L50, M|100/100
|-ability|p1a: Calyrex|As One
|-ability|p1a: Calyrex|Unnerve
|-weather|SunnyDay|[from] ability: Orichalcum Pulse|[of] p1b: Koraidon
|-activate|p1b: Koraidon|Orichalcum Pulse|[source]
|-weather|Sandstorm|[from] ability: Sand Stream|[of] p2a: Tyranitar
|turn|1
|inactive|sandstrummie has 30 seconds left.
|inactive|sandstrummie has 20 seconds left.
|inactive|sandstrummie has 15 seconds left.
|
|t:|1750768776
|-terastallize|p2a: Tyranitar|Ghost
|move|p1a: Calyrex|Protect|p1a: Calyrex
|-singleturn|p1a: Calyrex|Protect
|move|p1b: Koraidon|Protect|p1b: Koraidon
|-singleturn|p1b: Koraidon|Protect
|move|p2b: Garchomp|Dragon Claw|p1b: Koraidon
|-activate|p1b: Koraidon|move: Protect
|move|p2a: Tyranitar|Knock Off|p1a: Calyrex
|-activate|p1a: Calyrex|move: Protect
|
|-weather|Sandstorm|[upkeep]
|-damage|p1a: Calyrex|94/100|[from] Sandstorm
|-damage|p1b: Koraidon|95/100|[from] Sandstorm
|-damage|p2a: Tyranitar|95/100|[from] Sandstorm
|upkeep
|turn|2
|
|t:|1750768795
|switch|p1b: Chi-Yu|Chi-Yu, L50|100/100
|-ability|p1b: Chi-Yu|Beads of Ruin
|move|p1a: Calyrex|Astral Barrage|p2a: Tyranitar|[spread] p2a,p2b
|-supereffective|p2a: Tyranitar
|-crit|p2a: Tyranitar
|-damage|p2a: Tyranitar|0 fnt
|-damage|p2b: Garchomp|13/100
|faint|p2a: Tyranitar
|-ability|p1a: Calyrex|Grim Neigh|boost
|-boost|p1a: Calyrex|spa|1
|-damage|p1a: Calyrex|85/100|[from] item: Life Orb
|move|p2b: Garchomp|Rock Slide|p1a: Calyrex|[spread] p1a,p1b
|-supereffective|p1b: Chi-Yu
|-damage|p1a: Calyrex|60/100
|-damage|p1b: Chi-Yu|42/100
|
|-weather|Sandstorm|[upkeep]
|-damage|p1b: Chi-Yu|36/100|[from] Sandstorm
|-damage|p1a: Calyrex|54/100|[from] Sandstorm
|upkeep
|
|t:|1750768815
|switch|p2a: Calyrex|Calyrex-Shadow, L50|100/100
|-ability|p2a: Calyrex|As One
|-ability|p2a: Calyrex|Unnerve
|turn|3
|
|t:|1750768823
|move|p1a: Calyrex|Protect|p1a: Calyrex
|-singleturn|p1a: Calyrex|Protect
|move|p1b: Chi-Yu|Dark Pulse|p2b: Garchomp
|-damage|p2b: Garchomp|0 fnt
|faint|p2b: Garchomp
|move|p2a: Calyrex|Astral Barrage|p1b: Chi-Yu|[spread] p1b
|-activate|p1a: Calyrex|move: Protect
|-resisted|p1b: Chi-Yu
|-damage|p1b: Chi-Yu|1/100
|
|-weather|Sandstorm|[upkeep]
|-damage|p1b: Chi-Yu|0 fnt|[from] Sandstorm
|-damage|p2a: Calyrex|94/100|[from] Sandstorm
|-damage|p1a: Calyrex|47/100|[from] Sandstorm
|faint|p1b: Chi-Yu
|upkeep
|
|t:|1750768842
|switch|p2b: Zamazenta|Zamazenta-Crowned, L50|100/100
|switch|p1b: Koraidon|Koraidon, L50|95/100
|-weather|SunnyDay|[from] ability: Orichalcum Pulse|[of] p1b: Koraidon
|-activate|p1b: Koraidon|Orichalcum Pulse|[source]
|-ability|p2b: Zamazenta|Dauntless Shield|boost
|-boost|p2b: Zamazenta|def|1
|turn|4
|inactive|sandstrummie has 30 seconds left.
|
|t:|1750768870
|-terastallize|p1a: Calyrex|Normal
|move|p2b: Zamazenta|Wide Guard|p2b: Zamazenta
|-singleturn|p2b: Zamazenta|Wide Guard
|move|p1a: Calyrex|Astral Barrage|p2b: Zamazenta|[spread] 
|-activate|p2a: Calyrex|move: Wide Guard
|-activate|p2b: Zamazenta|move: Wide Guard
|move|p2a: Calyrex|Astral Barrage|p1a: Calyrex|[spread] p1b
|-immune|p1a: Calyrex
|-damage|p1b: Koraidon|26/100
|move|p1b: Koraidon|Flame Charge|p2a: Calyrex
|-damage|p2a: Calyrex|52/100
|-boost|p1b: Koraidon|spe|1
|
|-weather|SunnyDay|[upkeep]
|upkeep
|turn|5
|l|☆sandstrummie
|inactive|sandstrummie disconnected and has a minute to reconnect!
|player|p2|
|inactive|sandstrummie has 30 seconds left.
|inactive|sandstrummie has 20 seconds left.
|inactive|sandstrummie has 15 seconds left.
|inactive|sandstrummie has 10 seconds left.
|inactive|sandstrummie has 5 seconds left.
|-message|sandstrummie lost due to inactivity.
|
|win|SuperDruper
|raw|SuperDruper's rating: 1502 &rarr; <strong>1520</strong><br />(+18 for winning)
|raw|sandstrummie's rating: 1462 &rarr; <strong>1444</strong><br />(-18 for losing)
|l|☆SuperDruper
|player|p1|
