|j|☆NegaiFreak
|j|☆elbatracio29
|t:|1750854484
|gametype|doubles
|player|p1|NegaiFreak|101|1390
|player|p2|elbatracio29|170|1265
|teamsize|p1|6
|teamsize|p2|6
|gen|9
|tier|[Gen 9] VGC 2025 Reg I
|rated|
|rule|Species Clause: Limit one of each Pokémon
|rule|Item Clause: Limit 1 of each item
|clearpoke
|poke|p1|Lunala, L50|
|poke|p1|Koraidon, L50|
|poke|p1|Flutter Mane, L50|
|poke|p1|Farigiraf, L50, F|
|poke|p1|Incineroar, L50, M|
|poke|p1|Rillaboom, L50, M|
|poke|p2|Urshifu-*, L50, M|
|poke|p2|Regieleki, L50|
|poke|p2|Miraidon, L50|
|poke|p2|Zamazenta-*, L50|
|poke|p2|Whimsicott, L50, F|
|poke|p2|Iron Jugulis, L50|
|teampreview|4
NegaiFreak has agreed to open team sheets.
|c|☆NegaiFreak|GLHF
|
|t:|1750854541
|start
|switch|p1a: Lunala|Lunala, L50|100/100
|switch|p1b: Rillaboom|Rillaboom, L50, M|100/100
|switch|p2a: Regieleki|Regieleki, L50|100/100
|switch|p2b: Miraidon|Miraidon, L50|100/100
|-fieldstart|move: Electric Terrain|[from] ability: Hadron Engine|[of] p2b: Miraidon
|-fieldstart|move: Grassy Terrain|[from] ability: Grassy Surge|[of] p1b: Rillaboom
|turn|1
|
|t:|1750854568
|-terastallize|p2a: Regieleki|Ghost
|move|p2a: Regieleki|Tera Blast|p1a: Lunala|[anim] Tera Blast Ghost
|-supereffective|p1a: Lunala
|-damage|p1a: Lunala|29/100
|move|p2b: Miraidon|Electro Drift|p1a: Lunala
|-damage|p1a: Lunala|0 fnt
|faint|p1a: Lunala
|-damage|p2b: Miraidon|91/100|[from] item: Life Orb
|move|p1b: Rillaboom|U-turn|p2b: Miraidon
|-damage|p2b: Miraidon|64/100
|
|t:|1750854588
|switch|p1b: Farigiraf|Farigiraf, L50, F|100/100|[from] U-turn
|
|-heal|p2b: Miraidon|70/100|[from] Grassy Terrain
|upkeep
|
|t:|1750854594
|switch|p1a: Koraidon|Koraidon, L50|100/100
|-weather|SunnyDay|[from] ability: Orichalcum Pulse|[of] p1a: Koraidon
|-activate|p1a: Koraidon|Orichalcum Pulse|[source]
|turn|2
|
|t:|1750854622
|-terastallize|p1a: Koraidon|Fire
|move|p2a: Regieleki|Tera Blast|p1a: Koraidon|[anim] Tera Blast Ghost
|-crit|p1a: Koraidon
|-damage|p1a: Koraidon|22/100
|move|p1a: Koraidon|Flame Charge|p2a: Regieleki
|-damage|p2a: Regieleki|0 fnt
|-boost|p1a: Koraidon|spe|1
|faint|p2a: Regieleki
|-damage|p1a: Koraidon|12/100|[from] item: Life Orb
|move|p2b: Miraidon|Draco Meteor|p1a: Koraidon
|-damage|p1a: Koraidon|0 fnt
|-unboost|p2b: Miraidon|spa|2
|faint|p1a: Koraidon
|-damage|p2b: Miraidon|60/100|[from] item: Life Orb
|move|p1b: Farigiraf|Hyper Voice|p2b: Miraidon
|-damage|p2b: Miraidon|27/100
|-enditem|p1b: Farigiraf|Throat Spray
|-boost|p1b: Farigiraf|spa|1|[from] item: Throat Spray
|
|-weather|SunnyDay|[upkeep]
|-heal|p2b: Miraidon|33/100|[from] Grassy Terrain
|upkeep
|inactive|Battle timer is ON: inactive players will automatically lose when time's up. (requested by elbatracio29)
|
|t:|1750854646
|switch|p2a: Zamazenta|Zamazenta-Crowned, L50|100/100
|switch|p1a: Rillaboom|Rillaboom, L50, M|100/100
|-ability|p2a: Zamazenta|Dauntless Shield|boost
|-boost|p2a: Zamazenta|def|1
|turn|3
|
|t:|1750854658
|switch|p2b: Iron Jugulis|Iron Jugulis, L50|100/100
|move|p2a: Zamazenta|Body Press|p1a: Rillaboom
|-damage|p1a: Rillaboom|34/100
|move|p1a: Rillaboom|Wood Hammer|p2b: Iron Jugulis
|-resisted|p2b: Iron Jugulis
|-crit|p2b: Iron Jugulis
|-damage|p2b: Iron Jugulis|26/100
|-damage|p1a: Rillaboom|11/100|[from] Recoil
|move|p1b: Farigiraf|Trick Room|p1b: Farigiraf
|-fieldstart|move: Trick Room|[of] p1b: Farigiraf
|
|-weather|SunnyDay|[upkeep]
|-heal|p1a: Rillaboom|17/100|[from] Grassy Terrain
|upkeep
|turn|4
|
|t:|1750854675
|move|p1b: Farigiraf|Psychic|p2a: Zamazenta
|-damage|p2a: Zamazenta|61/100
|move|p1a: Rillaboom|U-turn|p2b: Iron Jugulis
|-damage|p2b: Iron Jugulis|0 fnt
|faint|p2b: Iron Jugulis
|-end|p2b: Iron Jugulis|Quark Drive|[silent]
|move|p2a: Zamazenta|Body Press|p1a: Rillaboom
|-damage|p1a: Rillaboom|0 fnt
|faint|p1a: Rillaboom
|
|-weather|SunnyDay|[upkeep]
|-heal|p2a: Zamazenta|67/100|[from] Grassy Terrain
|upkeep
|
|t:|1750854677
|switch|p2b: Miraidon|Miraidon, L50|33/100
|-fieldstart|move: Electric Terrain|[from] ability: Hadron Engine|[of] p2b: Miraidon
|turn|5
|
|t:|1750854692
|move|p1b: Farigiraf|Psychic|p2b: Miraidon
|-damage|p2b: Miraidon|0 fnt
|faint|p2b: Miraidon
|move|p2a: Zamazenta|Body Press|p1b: Farigiraf
|-damage|p1b: Farigiraf|43/100
|
|-weather|SunnyDay|[upkeep]
|upkeep
|turn|6
|c|☆NegaiFreak|GG, WP
|c|☆elbatracio29|ggs
|inactive|NegaiFreak has 30 seconds left.
|inactive|NegaiFreak has 20 seconds left.
|c|☆NegaiFreak|Can’t do anything about crits and whatnot
|
|t:|1750854732
|move|p1b: Farigiraf|Psychic|p2a: Zamazenta
|-damage|p2a: Zamazenta|25/100
|move|p2a: Zamazenta|Body Press|p1b: Farigiraf
|-damage|p1b: Farigiraf|0 fnt
|faint|p1b: Farigiraf
|
|win|elbatracio29
|raw|NegaiFreak's rating: 1390 &rarr; <strong>1363</strong><br />(-27 for losing)
|raw|elbatracio29's rating: 1265 &rarr; <strong>1299</strong><br />(+34 for winning)
|c|☆elbatracio29|whenm did i crit
|c|☆elbatracio29|if u talk about koraidon
|c|☆elbatracio29|it didnt matter
|c|☆NegaiFreak|Whatever, dude
|l|☆NegaiFreak
|player|p1|
|c|☆elbatracio29|u got drako meteored xD
|l|☆elbatracio29
|player|p2|
