|j|☆JakeTheGreat690
|j|☆Rathanegren
|t:|1750857734
|gametype|doubles
|player|p1|JakeTheGreat690|2|1069
|player|p2|Rathanegren|clerkf|1178
|teamsize|p1|6
|teamsize|p2|6
|gen|9
|tier|[Gen 9] VGC 2025 Reg I
|rated|
|rule|Species Clause: Limit one of each Pokémon
|rule|Item Clause: Limit 1 of each item
|clearpoke
|poke|p1|Ninetales-Alola, L50, M|
|poke|p1|Kyurem-White, L50|
|poke|p1|Eiscue, L50, M|
|poke|p1|Rotom-Frost, L50|
|poke|p1|Chien-Pao, L50|
|poke|p1|Abomasnow, L50, F|
|poke|p2|Miraidon, L50|
|poke|p2|Iron Valiant, L50|
|poke|p2|Lunala, L50|
|poke|p2|Gholdengo, L50|
|poke|p2|Iron Hands, L50|
|poke|p2|Chien-Pao, L50|
|teampreview|4
|
|t:|1750857790
|start
|switch|p1a: Ninetales|Ninetales-Alola, L50, M|100/100
|switch|p1b: Chien-Pao|Chien-Pao, L50|100/100
|switch|p2a: Gholdengo|Gholdengo, L50|100/100
|switch|p2b: Iron Valiant|Iron Valiant, L50, shiny|100/100
|-ability|p1b: Chien-Pao|Sword of Ruin
|-weather|Snowscape|[from] ability: Snow Warning|[of] p1a: Ninetales
|turn|1
|
|t:|1750857821
|-terastallize|p2a: Gholdengo|Steel
|move|p2b: Iron Valiant|Helping Hand|p2a: Gholdengo
|-immune|p2a: Gholdengo|[from] ability: Good as Gold
|move|p1b: Chien-Pao|Crunch|p2a: Gholdengo
|-damage|p2a: Gholdengo|35/100
|move|p1a: Ninetales|Aurora Veil|p1a: Ninetales
|-sidestart|p1: JakeTheGreat690|move: Aurora Veil
|move|p2a: Gholdengo|Make It Rain|p1b: Chien-Pao|[spread] p1a,p1b
|-supereffective|p1a: Ninetales
|-supereffective|p1b: Chien-Pao
|-damage|p1a: Ninetales|0 fnt
|-enditem|p1b: Chien-Pao|Focus Sash
|-damage|p1b: Chien-Pao|1/100
|-unboost|p2a: Gholdengo|spa|1
|faint|p1a: Ninetales
|
|-weather|Snowscape|[upkeep]
|upkeep
|
|t:|1750857844
|switch|p1a: Rotom|Rotom-Frost, L50, shiny|100/100
|turn|2
|
|t:|1750857881
|switch|p2a: Iron Hands|Iron Hands, L50|100/100
|move|p1b: Chien-Pao|Icicle Crash|p2b: Iron Valiant
|-damage|p2b: Iron Valiant|28/100
|cant|p2b: Iron Valiant|flinch
|move|p1a: Rotom|Blizzard|p2a: Iron Hands|[spread] p2a,p2b
|-damage|p2a: Iron Hands|79/100
|-damage|p2b: Iron Valiant|0 fnt
|faint|p2b: Iron Valiant
|-end|p2b: Iron Valiant|Quark Drive|[silent]
|
|-weather|Snowscape|[upkeep]
|upkeep
|
|t:|1750857899
|switch|p2b: Gholdengo|Gholdengo, L50, tera:Steel|35/100
|turn|3
|
|t:|1750857918
|move|p2a: Iron Hands|Fake Out|p1b: Chien-Pao
|-damage|p1b: Chien-Pao|0 fnt
|faint|p1b: Chien-Pao
|move|p1a: Rotom|Blizzard|p2b: Gholdengo|[spread] p2a,p2b
|-resisted|p2b: Gholdengo
|-damage|p2a: Iron Hands|59/100
|-damage|p2b: Gholdengo|12/100
|move|p2b: Gholdengo|Make It Rain|p1a: Rotom
|-damage|p1a: Rotom|0 fnt
|-unboost|p2b: Gholdengo|spa|1
|faint|p1a: Rotom
|
|-weather|Snowscape|[upkeep]
|upkeep
|
|t:|1750857935
|switch|p1b: Kyurem|Kyurem-White, L50|100/100
|-ability|p1b: Kyurem|Turboblaze
|turn|4
|
|t:|1750857966
|-terastallize|p1b: Kyurem|Fire
|move|p2b: Gholdengo|Make It Rain|p1b: Kyurem
|-resisted|p1b: Kyurem
|-damage|p1b: Kyurem|76/100
|-unboost|p2b: Gholdengo|spa|1
|move|p1b: Kyurem|Fusion Flare|p2a: Iron Hands
|-damage|p2a: Iron Hands|7/100
|-damage|p1b: Kyurem|66/100|[from] item: Life Orb
|move|p2a: Iron Hands|Drain Punch|p1b: Kyurem
|-damage|p1b: Kyurem|35/100
|-heal|p2a: Iron Hands|21/100|[from] drain|[of] p1b: Kyurem
|
|-weather|Snowscape|[upkeep]
|upkeep
|turn|5
|
|t:|1750858006
|move|p2b: Gholdengo|Make It Rain|p1b: Kyurem
|-resisted|p1b: Kyurem
|-damage|p1b: Kyurem|17/100
|-unboost|p2b: Gholdengo|spa|1
|move|p1b: Kyurem|Fusion Flare|p2a: Iron Hands
|-damage|p2a: Iron Hands|0 fnt
|faint|p2a: Iron Hands
|-end|p2a: Iron Hands|Quark Drive|[silent]
|-damage|p1b: Kyurem|7/100|[from] item: Life Orb
|
|-weather|Snowscape|[upkeep]
|-sideend|p1: JakeTheGreat690|move: Aurora Veil
|upkeep
|
|t:|1750858011
|switch|p2a: Chien-Pao|Chien-Pao, L50|100/100
|-ability|p2a: Chien-Pao|Sword of Ruin
|turn|6
|
|t:|1750858024
|move|p2a: Chien-Pao|Sucker Punch|p1b: Kyurem
|-damage|p1b: Kyurem|0 fnt
|faint|p1b: Kyurem
|
|win|Rathanegren
|raw|JakeTheGreat690's rating: 1069 &rarr; <strong>1055</strong><br />(-14 for losing)
|raw|Rathanegren's rating: 1178 &rarr; <strong>1195</strong><br />(+17 for winning)
|l|☆JakeTheGreat690
|player|p1|
|l|☆Rathanegren
|player|p2|
