|j|☆gundi8
|j|☆phoenix of rage
|t:|1750855621
|gametype|doubles
|player|p1|gundi8|ethan-gen2|1525
|player|p2|phoenix of rage|birdkeeper-gen4dp|1516
|teamsize|p1|6
|teamsize|p2|6
|gen|9
|tier|[Gen 9] VGC 2025 Reg I
|rated|
|rule|Species Clause: Limit one of each Pokémon
|rule|Item Clause: Limit 1 of each item
|clearpoke
|poke|p1|Miraidon, L50|
|poke|p1|Zamazenta-*, L50|
|poke|p1|Volcarona, L50, M|
|poke|p1|Chien-Pao, L50|
|poke|p1|Rillaboom, L50, M|
|poke|p1|Ogerpon, L50, F|
|poke|p2|Kyogre, L50|
|poke|p2|Archaludon, L50, M|
|poke|p2|Miraidon, L50|
|poke|p2|Farigiraf, L50, M|
|poke|p2|Flutter Mane, L50|
|poke|p2|Pelipper, L50, M|
|teampreview|4
|inactive|Battle timer is ON: inactive players will automatically lose when time's up. (requested by phoenix of rage)
|inactive|gundi8 also wants the timer to be on.
|inactive|gundi8 has 60 seconds left.
|
|t:|1750855657
|start
|switch|p1a: Miraidon|Miraidon, L50|100/100
|switch|p1b: Volcarona|Volcarona, L50, M, shiny|100/100
|switch|p2a: Kyogre|Kyogre, L50|100/100
|switch|p2b: Archaludon|Archaludon, L50, M|100/100
|-fieldstart|move: Electric Terrain|[from] ability: Hadron Engine|[of] p1a: Miraidon
|-enditem|p1b: Volcarona|Electric Seed
|-boost|p1b: Volcarona|def|1|[from] item: Electric Seed
|-weather|RainDance|[from] ability: Drizzle|[of] p2a: Kyogre
|turn|1
|
|t:|1750855682
|-terastallize|p1b: Volcarona|Grass
|-terastallize|p2a: Kyogre|Grass
|move|p1a: Miraidon|Snarl|p2b: Archaludon|[spread] p2a,p2b
|-damage|p2a: Kyogre|91/100
|-damage|p2b: Archaludon|68/100
|-unboost|p2a: Kyogre|spa|1
|-unboost|p2b: Archaludon|spa|1
|move|p2b: Archaludon|Dragon Pulse|p1a: Miraidon
|-supereffective|p1a: Miraidon
|-damage|p1a: Miraidon|54/100
|move|p1b: Volcarona|Quiver Dance|p1b: Volcarona
|-boost|p1b: Volcarona|spa|1
|-boost|p1b: Volcarona|spd|1
|-boost|p1b: Volcarona|spe|1
|move|p2a: Kyogre|Water Spout|p1b: Volcarona|[spread] p1a,p1b
|-resisted|p1a: Miraidon
|-resisted|p1b: Volcarona
|-damage|p1a: Miraidon|30/100
|-damage|p1b: Volcarona|83/100
|
|-weather|RainDance|[upkeep]
|upkeep
|turn|2
|
|t:|1750855704
|move|p1a: Miraidon|Snarl|p2a: Kyogre|[spread] p2a,p2b
|-damage|p2a: Kyogre|83/100
|-damage|p2b: Archaludon|38/100
|-unboost|p2a: Kyogre|spa|1
|-unboost|p2b: Archaludon|spa|1
|move|p1b: Volcarona|Quiver Dance|p1b: Volcarona
|-boost|p1b: Volcarona|spa|1
|-boost|p1b: Volcarona|spd|1
|-boost|p1b: Volcarona|spe|1
|move|p2b: Archaludon|Dragon Pulse|p1a: Miraidon
|-supereffective|p1a: Miraidon
|-damage|p1a: Miraidon|0 fnt
|faint|p1a: Miraidon
|move|p2a: Kyogre|Ice Beam|p1b: Volcarona
|-supereffective|p1b: Volcarona
|-damage|p1b: Volcarona|65/100
|
|-weather|RainDance|[upkeep]
|upkeep
|
|t:|1750855716
|switch|p1a: Rillaboom|Rillaboom, L50, M|100/100
|-fieldstart|move: Grassy Terrain|[from] ability: Grassy Surge|[of] p1a: Rillaboom
|turn|3
|
|t:|1750855734
|switch|p2b: Farigiraf|Farigiraf, L50, M|100/100
|move|p1b: Volcarona|Giga Drain|p2b: Farigiraf
|-damage|p2b: Farigiraf|15/100
|-heal|p1b: Volcarona|100/100|[from] drain|[of] p2b: Farigiraf
|move|p2a: Kyogre|Ice Beam|p1a: Rillaboom
|-supereffective|p1a: Rillaboom
|-damage|p1a: Rillaboom|76/100
|move|p1a: Rillaboom|U-turn|p2a: Kyogre
|-supereffective|p2a: Kyogre
|-damage|p2a: Kyogre|44/100
|
|t:|1750855739
|switch|p1a: Zamazenta|Zamazenta-Crowned, L50|100/100|[from] U-turn
|-ability|p1a: Zamazenta|Dauntless Shield|boost
|-boost|p1a: Zamazenta|def|1
|
|-weather|RainDance|[upkeep]
|-heal|p2a: Kyogre|50/100|[from] Grassy Terrain
|-heal|p2b: Farigiraf|21/100|[from] Grassy Terrain
|upkeep
|turn|4
|inactive|gundi8 has 30 seconds left.
|
|t:|1750855765
|switch|p2a: Miraidon|Miraidon, L50|100/100
|-fieldstart|move: Electric Terrain|[from] ability: Hadron Engine|[of] p2a: Miraidon
|-enditem|p2b: Farigiraf|Electric Seed
|-boost|p2b: Farigiraf|def|1|[from] item: Electric Seed
|move|p1b: Volcarona|Giga Drain|p2b: Farigiraf
|-damage|p2b: Farigiraf|0 fnt
|faint|p2b: Farigiraf
|move|p1a: Zamazenta|Body Press|p2a: Miraidon
|-damage|p2a: Miraidon|32/100
|
|-weather|RainDance|[upkeep]
|upkeep
|
|t:|1750855782
|switch|p2b: Archaludon|Archaludon, L50, M|38/100
|turn|5
|
|t:|1750855796
|move|p1b: Volcarona|Giga Drain|p2a: Miraidon
|-resisted|p2a: Miraidon
|-damage|p2a: Miraidon|2/100
|move|p2b: Archaludon|Electro Shot||[still]
|-prepare|p2b: Archaludon|Electro Shot
|-boost|p2b: Archaludon|spa|1
|-anim|p2b: Archaludon|Electro Shot|p1a: Zamazenta
|-damage|p1a: Zamazenta|33/100
|move|p2a: Miraidon|Volt Switch|p1a: Zamazenta
|-damage|p1a: Zamazenta|0 fnt
|faint|p1a: Zamazenta
|
|t:|1750855809
|switch|p2a: Kyogre|Kyogre, L50, tera:Grass|50/100|[from] Volt Switch
|
|-weather|none
|upkeep
|
|t:|1750855811
|switch|p1a: Rillaboom|Rillaboom, L50, M|76/100
|-fieldstart|move: Grassy Terrain|[from] ability: Grassy Surge|[of] p1a: Rillaboom
|turn|6
|
|t:|1750855825
|move|p1a: Rillaboom|Fake Out|p2b: Archaludon
|-resisted|p2b: Archaludon
|-damage|p2b: Archaludon|33/100
|move|p1b: Volcarona|Fiery Dance|p2a: Kyogre
|-supereffective|p2a: Kyogre
|-damage|p2a: Kyogre|0 fnt
|-boost|p1b: Volcarona|spa|1
|faint|p2a: Kyogre
|cant|p2b: Archaludon|flinch
|
|-heal|p2b: Archaludon|39/100|[from] Grassy Terrain
|-heal|p1a: Rillaboom|82/100|[from] Grassy Terrain
|upkeep
|
|t:|1750855830
|switch|p2a: Miraidon|Miraidon, L50|2/100
|-fieldstart|move: Electric Terrain|[from] ability: Hadron Engine|[of] p2a: Miraidon
|turn|7
|
|t:|1750855842
|move|p1b: Volcarona|Fiery Dance|p2b: Archaludon
|-damage|p2b: Archaludon|0 fnt
|faint|p2b: Archaludon
|move|p2a: Miraidon|Electro Drift|p1b: Volcarona
|-resisted|p1b: Volcarona
|-damage|p1b: Volcarona|71/100
|move|p1a: Rillaboom|Wood Hammer|p2a: Miraidon
|-resisted|p2a: Miraidon
|-damage|p2a: Miraidon|0 fnt
|faint|p2a: Miraidon
|-damage|p1a: Rillaboom|81/100|[from] Recoil
|
|win|gundi8
|raw|gundi8's rating: 1525 &rarr; <strong>1544</strong><br />(+19 for winning)
|raw|phoenix of rage's rating: 1516 &rarr; <strong>1497</strong><br />(-19 for losing)
|l|☆phoenix of rage
|player|p2|
|l|☆gundi8
|player|p1|
