|j|☆TimBomb
|j|☆MonteChristowo
|t:|1750874588
|gametype|doubles
|player|p1|TimBomb|palmer|1094
|player|p2|MonteChristowo|fisherman-gen4|1188
|teamsize|p1|6
|teamsize|p2|6
|gen|9
|tier|[Gen 9] VGC 2025 Reg I
|rated|
|rule|Species Clause: Limit one of each Pokémon
|rule|Item Clause: Limit 1 of each item
|clearpoke
|poke|p1|Calyrex-Ice, L50|
|poke|p1|Spectrier, L50|
|poke|p1|Glastrier, L50|
|poke|p1|Volcarona, L50, F|
|poke|p1|Araquanid, L50, F|
|poke|p1|Palkia-Origin, L50|
|poke|p2|Koraidon, L50|
|poke|p2|Lunala, L50|
|poke|p2|Raichu, L50, M|
|poke|p2|Ceruledge, L50, M|
|poke|p2|Umbreon, L50, F|
|poke|p2|Rillaboom, L50, M|
|teampreview|4
|
|t:|1750874617
|start
|switch|p1a: Volcarona|Volcarona, L50, F|100/100
|switch|p1b: Palkia|Palkia-Origin, L50|100/100
|switch|p2a: Umbreon|Umbreon, L50, F, shiny|100/100
|switch|p2b: Ceruledge|Ceruledge, L50, M|100/100
|-ability|p1b: Palkia|Pressure
|turn|1
|inactive|Battle timer is ON: inactive players will automatically lose when time's up. (requested by MonteChristowo)
|inactive|TimBomb has 60 seconds left.
|
|t:|1750874653
|switch|p2a: Koraidon|Koraidon, L50|100/100
|-weather|SunnyDay|[from] ability: Orichalcum Pulse|[of] p2a: Koraidon
|-activate|p2a: Koraidon|Orichalcum Pulse|[source]
|move|p2b: Ceruledge|Protect|p2b: Ceruledge
|-singleturn|p2b: Ceruledge|Protect
|move|p1a: Volcarona|Rage Powder|p1a: Volcarona
|-singleturn|p1a: Volcarona|move: Rage Powder
|move|p1b: Palkia|Spacial Rend|p2a: Koraidon
|-supereffective|p2a: Koraidon
|-crit|p2a: Koraidon
|-damage|p2a: Koraidon|0 fnt
|faint|p2a: Koraidon
|
|-weather|SunnyDay|[upkeep]
|upkeep
|
|t:|1750874667
|switch|p2a: Lunala|Lunala, L50|100/100
|turn|2
|
|t:|1750874674
|move|p1b: Palkia|Protect|p1b: Palkia
|-singleturn|p1b: Palkia|Protect
|move|p1a: Volcarona|Struggle Bug|p2b: Ceruledge|[spread] p2a,p2b
|-resisted|p2b: Ceruledge
|-damage|p2a: Lunala|96/100
|-damage|p2b: Ceruledge|97/100
|-unboost|p2a: Lunala|spa|1
|-unboost|p2b: Ceruledge|spa|1
|move|p2b: Ceruledge|Poltergeist|p1a: Volcarona|[miss]
|-miss|p2b: Ceruledge|p1a: Volcarona
|move|p2a: Lunala|Moonblast|p1b: Palkia
|-activate|p1b: Palkia|move: Protect
|
|-weather|SunnyDay|[upkeep]
|-heal|p2a: Lunala|100/100|[from] item: Leftovers
|upkeep
|turn|3
|inactive|TimBomb has 30 seconds left.
|
|t:|1750874708
|-terastallize|p1b: Palkia|Water
|move|p1b: Palkia|Surf|p2a: Lunala|[spread] p1a,p2a,p2b
|-supereffective|p1a: Volcarona
|-supereffective|p2b: Ceruledge
|-damage|p1a: Volcarona|46/100
|-damage|p2a: Lunala|90/100
|-damage|p2b: Ceruledge|22/100
|move|p1a: Volcarona|Struggle Bug|p2b: Ceruledge|[spread] p2a,p2b
|-resisted|p2b: Ceruledge
|-damage|p2a: Lunala|80/100
|-damage|p2b: Ceruledge|18/100
|-unboost|p2a: Lunala|spa|1
|-unboost|p2b: Ceruledge|spa|1
|move|p2b: Ceruledge|Poltergeist|p1a: Volcarona
|-activate|p1a: Volcarona|move: Poltergeist|Safety Goggles
|-damage|p1a: Volcarona|0 fnt
|faint|p1a: Volcarona
|-damage|p2b: Ceruledge|8/100|[from] item: Life Orb
|move|p2a: Lunala|Moonblast|p1b: Palkia
|-damage|p1b: Palkia|83/100
|-unboost|p1b: Palkia|spa|1
|
|-weather|SunnyDay|[upkeep]
|-heal|p2a: Lunala|86/100|[from] item: Leftovers
|upkeep
|
|t:|1750874727
|switch|p1a: Spectrier|Spectrier, L50|100/100
|turn|4
|
|t:|1750874733
|move|p2b: Ceruledge|Protect|p2b: Ceruledge
|-singleturn|p2b: Ceruledge|Protect
|move|p1a: Spectrier|Shadow Ball|p2b: Ceruledge
|-activate|p2b: Ceruledge|move: Protect
|move|p1b: Palkia|Spacial Rend|p2a: Lunala
|-damage|p2a: Lunala|56/100
|move|p2a: Lunala|Moongeist Beam|p1a: Spectrier
|-supereffective|p1a: Spectrier
|-damage|p1a: Spectrier|27/100
|
|-weather|SunnyDay|[upkeep]
|-heal|p2a: Lunala|62/100|[from] item: Leftovers
|upkeep
|turn|5
|
|t:|1750874755
|move|p2b: Ceruledge|Shadow Sneak|p1a: Spectrier
|-supereffective|p1a: Spectrier
|-damage|p1a: Spectrier|0 fnt
|faint|p1a: Spectrier
|-damage|p2b: Ceruledge|0 fnt|[from] item: Life Orb
|faint|p2b: Ceruledge
|move|p1b: Palkia|Spacial Rend|p2a: Lunala
|-damage|p2a: Lunala|32/100
|move|p2a: Lunala|Moongeist Beam|p1b: Palkia
|-damage|p1b: Palkia|59/100
|
|-weather|none
|-heal|p2a: Lunala|39/100|[from] item: Leftovers
|upkeep
|
|t:|1750874769
|switch|p1a: Glastrier|Glastrier, L50|100/100
|switch|p2b: Umbreon|Umbreon, L50, F, shiny|100/100
|turn|6
|
|t:|1750874788
|-terastallize|p2a: Lunala|Fairy
|move|p1b: Palkia|Protect|p1b: Palkia
|-singleturn|p1b: Palkia|Protect
|move|p2a: Lunala|Moonblast|p1b: Palkia
|-activate|p1b: Palkia|move: Protect
|move|p2b: Umbreon|Foul Play|p1a: Glastrier
|-damage|p1a: Glastrier|67/100
|move|p1a: Glastrier|Avalanche|p2a: Lunala
|-damage|p2a: Lunala|14/100
|
|-heal|p2a: Lunala|20/100|[from] item: Leftovers
|upkeep
|turn|7
|inactive|TimBomb has 30 seconds left.
|
|t:|1750874817
|move|p1b: Palkia|Spacial Rend|p2b: Umbreon
|-damage|p2b: Umbreon|74/100
|move|p2a: Lunala|Moonblast|p1b: Palkia
|-damage|p1b: Palkia|34/100
|move|p2b: Umbreon|Foul Play|p1a: Glastrier
|-damage|p1a: Glastrier|34/100
|move|p1a: Glastrier|Heavy Slam|p2a: Lunala
|-supereffective|p2a: Lunala
|-damage|p2a: Lunala|0 fnt
|faint|p2a: Lunala
|-ability|p1a: Glastrier|Chilling Neigh|boost
|-boost|p1a: Glastrier|atk|1
|
|upkeep
|turn|8
|
|t:|1750874835
|move|p1b: Palkia|Spacial Rend|p2b: Umbreon
|-damage|p2b: Umbreon|43/100
|move|p2b: Umbreon|Foul Play|p1a: Glastrier
|-crit|p1a: Glastrier
|-damage|p1a: Glastrier|0 fnt
|faint|p1a: Glastrier
|
|upkeep
|turn|9
|
|t:|1750874847
|move|p1b: Palkia|Surf|p2b: Umbreon
|-crit|p2b: Umbreon
|-damage|p2b: Umbreon|0 fnt
|faint|p2b: Umbreon
|
|win|TimBomb
|raw|TimBomb's rating: 1094 &rarr; <strong>1127</strong><br />(+33 for winning)
|raw|MonteChristowo's rating: 1188 &rarr; <strong>1156</strong><br />(-32 for losing)
|l|☆MonteChristowo
|player|p2|
|c|☆TimBomb|gg
|l|☆TimBomb
|player|p1|
