|j|☆roy will
|j|☆Tolkuschampion
|t:|1750831173
|gametype|doubles
|player|p1|roy will|265|1222
|player|p2|Tolkuschampion|2|1249
|teamsize|p1|6
|teamsize|p2|6
|gen|9
|tier|[Gen 9] VGC 2025 Reg I
|rated|
|rule|Species Clause: Limit one of each Pokémon
|rule|Item Clause: Limit 1 of each item
|clearpoke
|poke|p1|Lunala, L50|
|poke|p1|Miraidon, L50|
|poke|p1|Incineroar, L50, F|
|poke|p1|Urshifu-*, L50, M|
|poke|p1|Grimmsnarl, L50, M|
|poke|p1|Pelipper, L50, F|
|poke|p2|Koraidon, L50|
|poke|p2|Scovillain, L50, F|
|poke|p2|Zamazenta-*, L50|
|poke|p2|Raging Bolt, L50|
|poke|p2|Ogerpon-Cornerstone, L50, F|
|poke|p2|Grimmsnarl, L50, M|
|teampreview|4
|
|t:|1750831196
|start
|switch|p1a: Incineroar|Incineroar, L50, F, shiny|100/100
|switch|p1b: Miraidon|Miraidon, L50|100/100
|switch|p2a: Koraidon|Koraidon, L50|100/100
|switch|p2b: Scovillain|Scovillain, L50, F|100/100
|-weather|SunnyDay|[from] ability: Orichalcum Pulse|[of] p2a: Koraidon
|-activate|p2a: Koraidon|Orichalcum Pulse|[source]
|-fieldstart|move: Electric Terrain|[from] ability: Hadron Engine|[of] p1b: Miraidon
|-ability|p1a: Incineroar|Intimidate|boost
|-fail|p2a: Koraidon|unboost|[from] item: Clear Amulet|[of] p2a: Koraidon
|-unboost|p2b: Scovillain|atk|1
|turn|1
|inactive|Battle timer is ON: inactive players will automatically lose when time's up. (requested by roy will)
|inactive|roy will has 60 seconds left.
|
|t:|1750831231
|move|p2b: Scovillain|Protect|p2b: Scovillain
|-singleturn|p2b: Scovillain|Protect
|move|p2a: Koraidon|Protect|p2a: Koraidon
|-singleturn|p2a: Koraidon|Protect
|move|p1a: Incineroar|Fake Out|p2b: Scovillain
|-activate|p2b: Scovillain|move: Protect
|move|p1b: Miraidon|Dazzling Gleam|p2b: Scovillain|[spread] 
|-activate|p2a: Koraidon|move: Protect
|-activate|p2b: Scovillain|move: Protect
|
|-weather|SunnyDay|[upkeep]
|upkeep
|turn|2
|inactive|Tolkuschampion has 30 seconds left.
|
|t:|1750831263
|switch|p1a: Pelipper|Pelipper, L50, F|100/100
|-weather|RainDance|[from] ability: Drizzle|[of] p1a: Pelipper
|-terastallize|p2a: Koraidon|Fire
|move|p2a: Koraidon|Collision Course|p1a: Pelipper
|-resisted|p1a: Pelipper
|-damage|p1a: Pelipper|67/100
|move|p1b: Miraidon|Electro Drift|p2a: Koraidon
|-damage|p2a: Koraidon|16/100
|move|p2b: Scovillain|Spicy Extract|p2a: Koraidon
|-fail|p2a: Koraidon|unboost|[from] item: Clear Amulet|[of] p2a: Koraidon
|-boost|p2a: Koraidon|atk|2
|
|-weather|RainDance|[upkeep]
|upkeep
|turn|3
|inactive|roy will has 30 seconds left.
|inactive|Tolkuschampion has 30 seconds left.
|inactive|Tolkuschampion has 20 seconds left.
|inactive|roy will has 20 seconds left.
|inactive|Tolkuschampion has 15 seconds left.
|inactive|roy will has 15 seconds left.
|
|t:|1750831308
|switch|p2b: Grimmsnarl|Grimmsnarl, L50, M|100/100
|move|p2a: Koraidon|Collision Course|p1b: Miraidon
|-damage|p1b: Miraidon|4/100
|move|p1b: Miraidon|Electro Drift|p2a: Koraidon
|-damage|p2a: Koraidon|0 fnt
|faint|p2a: Koraidon
|move|p1a: Pelipper|Hurricane|p2b: Grimmsnarl
|-damage|p2b: Grimmsnarl|62/100
|
|-weather|RainDance|[upkeep]
|upkeep
|
|t:|1750831322
|switch|p2a: Zamazenta|Zamazenta-Crowned, L50|100/100
|-ability|p2a: Zamazenta|Dauntless Shield|boost
|-boost|p2a: Zamazenta|def|1
|turn|4
|
|t:|1750831338
|move|p1a: Pelipper|Helping Hand|p1b: Miraidon
|-singleturn|p1b: Miraidon|Helping Hand|[of] p1a: Pelipper
|move|p2b: Grimmsnarl|Light Screen|p2b: Grimmsnarl
|-sidestart|p2: Tolkuschampion|move: Light Screen
|move|p1b: Miraidon|Electro Drift|p2a: Zamazenta
|-damage|p2a: Zamazenta|42/100
|move|p2a: Zamazenta|Snarl|p1b: Miraidon|[spread] p1a,p1b
|-damage|p1a: Pelipper|53/100
|-damage|p1b: Miraidon|0 fnt
|-unboost|p1a: Pelipper|spa|1
|faint|p1b: Miraidon
|
|-weather|RainDance|[upkeep]
|upkeep
|
|t:|1750831355
|switch|p1b: Urshifu|Urshifu-Rapid-Strike, L50, M|100/100
|turn|5
|
|t:|1750831380
|move|p2b: Grimmsnarl|Thunder Wave|p1b: Urshifu
|-status|p1b: Urshifu|par
|move|p2a: Zamazenta|Body Press|p1b: Urshifu
|-damage|p1b: Urshifu|42/100 par
|move|p1b: Urshifu|Surging Strikes|p2b: Grimmsnarl
|-crit|p2b: Grimmsnarl
|-damage|p2b: Grimmsnarl|27/100
|-crit|p2b: Grimmsnarl
|-damage|p2b: Grimmsnarl|0 fnt
|faint|p2b: Grimmsnarl
|-hitcount|p2: Grimmsnarl|2
|move|p1a: Pelipper|Hurricane|p2a: Zamazenta
|-crit|p2a: Zamazenta
|-damage|p2a: Zamazenta|0 fnt
|faint|p2a: Zamazenta
|
|-weather|RainDance|[upkeep]
|-fieldend|move: Electric Terrain
|upkeep
|
|t:|1750831389
|switch|p2b: Scovillain|Scovillain, L50, F|100/100
|turn|6
|-message|Tolkuschampion forfeited.
|
|win|roy will
|raw|roy will's rating: 1222 &rarr; <strong>1249</strong><br />(+27 for winning)
|raw|Tolkuschampion's rating: 1249 &rarr; <strong>1222</strong><br />(-27 for losing)
|l|☆Tolkuschampion
|player|p2|
|l|☆roy will
|player|p1|
