|j|☆azzazzl
|j|☆ComputerYui
|t:|1750860894
|gametype|doubles
|player|p1|azzazzl|dawn|1601
|player|p2|ComputerYui|artist-gen4|1578
|teamsize|p1|6
|teamsize|p2|6
|gen|9
|tier|[Gen 9] VGC 2025 Reg I
|rated|
|rule|Species Clause: Limit one of each Pokémon
|rule|Item Clause: Limit 1 of each item
|clearpoke
|poke|p1|Calyrex-Ice, L50|
|poke|p1|Kyogre, L50|
|poke|p1|Brute Bonnet, L50|
|poke|p1|Indeedee-F, L50, F|
|poke|p1|Gallade, L50, M|
|poke|p1|Ursaluna, L50, F|
|poke|p2|Armarouge, L50, M|
|poke|p2|Indeedee-F, L50, F|
|poke|p2|Koraidon, L50|
|poke|p2|Whimsicott, L50, F|
|poke|p2|Brute Bonnet, L50|
|poke|p2|Lunala, L50|
|teampreview|4
|
|t:|1750860914
|start
|switch|p1a: Calyrex|Calyrex-Ice, L50|100/100
|switch|p1b: Indeedee|Indeedee-F, L50, F|100/100
|switch|p2a: Lunala|Lunala, L50, shiny|100/100
|switch|p2b: Indeedee|Indeedee-F, L50, F, shiny|100/100
|-ability|p1a: Calyrex|As One
|-ability|p1a: Calyrex|Unnerve
|-fieldstart|move: Psychic Terrain|[from] ability: Psychic Surge|[of] p2b: Indeedee
|turn|1
|j| caZISA
|inactive|Battle timer is ON: inactive players will automatically lose when time's up. (requested by azzazzl)
|inactive|ComputerYui has 60 seconds left.
|
|t:|1750860954
|move|p2b: Indeedee|Protect|p2b: Indeedee
|-singleturn|p2b: Indeedee|Protect
|move|p1b: Indeedee|Follow Me|p1b: Indeedee
|-singleturn|p1b: Indeedee|move: Follow Me
|move|p2a: Lunala|Hypnosis|p1b: Indeedee|[miss]
|-miss|p2a: Lunala|p1b: Indeedee
|-enditem|p2a: Lunala|Blunder Policy
|-boost|p2a: Lunala|spe|2
|move|p1a: Calyrex|Trick Room|p1a: Calyrex
|-fieldstart|move: Trick Room|[of] p1a: Calyrex
|
|upkeep
|turn|2
|
|t:|1750860978
|move|p1b: Indeedee|Follow Me|p1b: Indeedee
|-singleturn|p1b: Indeedee|move: Follow Me
|move|p2b: Indeedee|Follow Me|p2b: Indeedee
|-singleturn|p2b: Indeedee|move: Follow Me
|move|p1a: Calyrex|Glacial Lance|p2a: Lunala|[spread] p2a,p2b
|-damage|p2a: Lunala|77/100
|-damage|p2b: Indeedee|32/100
|-enditem|p2b: Indeedee|Eject Button
|
|t:|1750860989
|switch|p2b: Koraidon|Koraidon, L50|100/100
|-weather|SunnyDay|[from] ability: Orichalcum Pulse|[of] p2b: Koraidon
|-activate|p2b: Koraidon|Orichalcum Pulse|[source]
|move|p2a: Lunala|Trick Room|p2a: Lunala
|-fieldend|move: Trick Room
|
|-weather|SunnyDay|[upkeep]
|upkeep
|turn|3
|inactive|azzazzl has 30 seconds left.
|inactive|azzazzl has 20 seconds left.
|inactive|azzazzl has 15 seconds left.
|inactive|azzazzl has 10 seconds left.
|
|t:|1750861036
|move|p1b: Indeedee|Follow Me|p1b: Indeedee
|-singleturn|p1b: Indeedee|move: Follow Me
|move|p2b: Koraidon|U-turn|p1b: Indeedee
|-supereffective|p1b: Indeedee
|-crit|p1b: Indeedee
|-damage|p1b: Indeedee|12/100
|
|t:|1750861043
|switch|p2b: Indeedee|Indeedee-F, L50, F, shiny|32/100|[from] U-turn
|move|p2a: Lunala|Expanding Force|p1a: Calyrex|[spread] p1a,p1b
|-resisted|p1a: Calyrex
|-resisted|p1b: Indeedee
|-damage|p1a: Calyrex|82/100
|-damage|p1b: Indeedee|0 fnt
|faint|p1b: Indeedee
|move|p1a: Calyrex|Trick Room|p1a: Calyrex
|-fieldstart|move: Trick Room|[of] p1a: Calyrex
|
|-weather|SunnyDay|[upkeep]
|upkeep
|
|t:|1750861064
|switch|p1b: Kyogre|Kyogre, L50|100/100
|-weather|RainDance|[from] ability: Drizzle|[of] p1b: Kyogre
|turn|4
|
|t:|1750861074
|switch|p2b: Koraidon|Koraidon, L50|100/100
|-weather|SunnyDay|[from] ability: Orichalcum Pulse|[of] p2b: Koraidon
|-activate|p2b: Koraidon|Orichalcum Pulse|[source]
|move|p1b: Kyogre|Water Spout|p2b: Koraidon|[spread] p2a,p2b
|-resisted|p2b: Koraidon
|-damage|p2a: Lunala|53/100
|-damage|p2b: Koraidon|82/100
|move|p1a: Calyrex|Glacial Lance|p2b: Koraidon|[spread] p2a,p2b
|-supereffective|p2b: Koraidon
|-damage|p2a: Lunala|3/100
|-damage|p2b: Koraidon|0 fnt
|faint|p2b: Koraidon
|-ability|p1a: Calyrex|Chilling Neigh|boost
|-boost|p1a: Calyrex|atk|1
|move|p2a: Lunala|Trick Room|p2a: Lunala
|-fieldend|move: Trick Room
|
|-weather|SunnyDay|[upkeep]
|upkeep
|
|t:|1750861092
|switch|p2b: Armarouge|Armarouge, L50, M, shiny|100/100
|turn|5
|
|t:|1750861107
|-terastallize|p2b: Armarouge|Stellar
|move|p2a: Lunala|Shadow Claw|p2b: Armarouge
|-supereffective|p2b: Armarouge
|-damage|p2b: Armarouge|45/100
|-ability|p2b: Armarouge|Weak Armor|boost
|-unboost|p2b: Armarouge|def|1
|-boost|p2b: Armarouge|spe|2
|-enditem|p2b: Armarouge|Weakness Policy
|-boost|p2b: Armarouge|atk|2|[from] item: Weakness Policy
|-boost|p2b: Armarouge|spa|2|[from] item: Weakness Policy
|move|p2b: Armarouge|Expanding Force|p1a: Calyrex|[spread] p1a,p1b
|-resisted|p1a: Calyrex
|-damage|p1a: Calyrex|27/100
|-damage|p1b: Kyogre|0 fnt
|faint|p1b: Kyogre
|move|p1a: Calyrex|Glacial Lance|p2b: Armarouge|[spread] p2a,p2b
|-resisted|p2b: Armarouge
|-damage|p2a: Lunala|0 fnt
|-damage|p2b: Armarouge|0 fnt
|faint|p2a: Lunala
|faint|p2b: Armarouge
|-ability|p1a: Calyrex|Chilling Neigh|boost
|-boost|p1a: Calyrex|atk|2
|
|-weather|SunnyDay|[upkeep]
|-fieldend|move: Psychic Terrain
|upkeep
|-message|ComputerYui forfeited.
|
|win|azzazzl
|raw|azzazzl's rating: 1601 &rarr; <strong>1620</strong><br />(+19 for winning)
|raw|ComputerYui's rating: 1578 &rarr; <strong>1559</strong><br />(-19 for losing)
|l|☆ComputerYui
|player|p2|
|l|☆azzazzl
|player|p1|
|l| caZISA
