|j|☆imperial lemons
|j|☆K1ngzzz
|t:|1750706540
|gametype|doubles
|player|p1|imperial lemons|1|1171
|player|p2|K1ngzzz|hugh|1144
|teamsize|p1|6
|teamsize|p2|6
|gen|9
|tier|[Gen 9] VGC 2025 Reg I
|rated|
|rule|Species Clause: Limit one of each Pokémon
|rule|Item Clause: Limit 1 of each item
|clearpoke
|poke|p1|Zamazenta-*, L50|
|poke|p1|Miraidon, L50|
|poke|p1|Chien-Pao, L50|
|poke|p1|Volcarona, L50, F|
|poke|p1|Whimsicott, L50, F|
|poke|p1|Urshifu-*, L50, M|
|poke|p2|Lunala, L50|
|poke|p2|Terapagos, L50, M|
|poke|p2|Indeedee-F, L50, F|
|poke|p2|Comfey, L50, F|
|poke|p2|Incineroar, L50, M|
|poke|p2|Meowscarada, L50, F|
|teampreview|4
|inactive|Battle timer is ON: inactive players will automatically lose when time's up. (requested by K1ngzzz)
|inactive|imperial lemons has 60 seconds left.
|inactive|K1ngzzz has 60 seconds left.
|inactive|K1ngzzz has 30 seconds left.
|
|t:|1750706606
|start
|switch|p1a: Urshifu|Urshifu-Rapid-Strike, L50, M|100/100
|switch|p1b: Volcarona|Volcarona, L50, F|100/100
|switch|p2a: Terapagos|Terapagos, L50, M|100/100
|switch|p2b: Indeedee|Indeedee-F, L50, F, shiny|100/100
|-activate|p2a: Terapagos|ability: Tera Shift
|detailschange|p2a: Terapagos|Terapagos-Terastal, L50, M
|-heal|p2a: Terapagos|100/100|[silent]
|-fieldstart|move: Psychic Terrain|[from] ability: Psychic Surge|[of] p2b: Indeedee
|turn|1
|
|t:|1750706630
|-terastallize|p2a: Terapagos|Stellar
|detailschange|p2a: Terapagos|Terapagos-Stellar, L50, M, tera:Stellar
|-heal|p2a: Terapagos|100/100|[silent]
|-ability|p2a: Terapagos|Teraform Zero
|-fieldend|move: Psychic Terrain
|move|p2b: Indeedee|Fake Out|p1a: Urshifu
|-damage|p1a: Urshifu|94/100
|move|p1b: Volcarona|Quiver Dance|p1b: Volcarona
|-boost|p1b: Volcarona|spa|1
|-boost|p1b: Volcarona|spd|1
|-boost|p1b: Volcarona|spe|1
|cant|p1a: Urshifu|flinch
|move|p2a: Terapagos|Earth Power|p1b: Volcarona
|-damage|p1b: Volcarona|59/100
|
|upkeep
|turn|2
|inactive|imperial lemons has 30 seconds left.
|
|t:|1750706662
|move|p2b: Indeedee|Follow Me|p2b: Indeedee
|-singleturn|p2b: Indeedee|move: Follow Me
|move|p1b: Volcarona|Struggle Bug|p2a: Terapagos|[spread] p2a,p2b
|-supereffective|p2b: Indeedee
|-damage|p2a: Terapagos|80/100
|-damage|p2b: Indeedee|55/100
|-unboost|p2a: Terapagos|spa|1
|-unboost|p2b: Indeedee|spa|1
|-enditem|p2b: Indeedee|Eject Button
|
|t:|1750706674
|switch|p2b: Comfey|Comfey, L50, F, shiny|100/100
|move|p1a: Urshifu|Surging Strikes|p2a: Terapagos
|-crit|p2a: Terapagos
|-damage|p2a: Terapagos|64/100
|-crit|p2a: Terapagos
|-damage|p2a: Terapagos|49/100
|-crit|p2a: Terapagos
|-damage|p2a: Terapagos|34/100
|-hitcount|p2a: Terapagos|3
|move|p2a: Terapagos|Earth Power|p1b: Volcarona
|-damage|p1b: Volcarona|35/100
|
|upkeep
|turn|3
|
|t:|1750706696
|-terastallize|p1a: Urshifu|Water
|move|p2b: Comfey|Floral Healing|p2a: Terapagos
|-heal|p2a: Terapagos|84/100
|move|p1b: Volcarona|Fiery Dance|p2a: Terapagos
|-damage|p2a: Terapagos|46/100
|-boost|p1b: Volcarona|spa|1
|move|p1a: Urshifu|Surging Strikes|p2b: Comfey
|-crit|p2b: Comfey
|-damage|p2b: Comfey|63/100
|-damage|p1a: Urshifu|78/100|[from] item: Rocky Helmet|[of] p2b: Comfey
|-crit|p2b: Comfey
|-damage|p2b: Comfey|21/100
|-damage|p1a: Urshifu|61/100|[from] item: Rocky Helmet|[of] p2b: Comfey
|-crit|p2b: Comfey
|-damage|p2b: Comfey|0 fnt
|-damage|p1a: Urshifu|45/100|[from] item: Rocky Helmet|[of] p2b: Comfey
|faint|p2b: Comfey
|-hitcount|p2: Comfey|3
|move|p2a: Terapagos|Earth Power|p1b: Volcarona
|-damage|p1b: Volcarona|9/100
|
|upkeep
|inactive|K1ngzzz has 30 seconds left.
|
|t:|1750706730
|switch|p2b: Indeedee|Indeedee-F, L50, F, shiny|55/100
|-fieldstart|move: Psychic Terrain|[from] ability: Psychic Surge|[of] p2b: Indeedee
|turn|4
|
|t:|1750706748
|move|p1b: Volcarona|Struggle Bug|p2a: Terapagos|[spread] p2a,p2b
|-supereffective|p2b: Indeedee
|-damage|p2a: Terapagos|20/100
|-damage|p2b: Indeedee|0 fnt
|-unboost|p2a: Terapagos|spa|1
|faint|p2b: Indeedee
|move|p1a: Urshifu|Surging Strikes|p2a: Terapagos
|-crit|p2a: Terapagos
|-damage|p2a: Terapagos|0 fnt
|faint|p2a: Terapagos
|detailschange|p2: Terapagos|Terapagos, L50, M|[silent]
|-hitcount|p2: Terapagos|1
|
|upkeep
|
|t:|1750706752
|switch|p2b: Lunala|Lunala, L50, shiny|100/100
|turn|5
|
|t:|1750706765
|move|p2b: Lunala|Expanding Force|p1b: Volcarona|[spread] p1a,p1b
|-damage|p1a: Urshifu|0 fnt
|-damage|p1b: Volcarona|0 fnt
|faint|p1a: Urshifu
|faint|p1b: Volcarona
|
|upkeep
|
|t:|1750706770
|switch|p1b: Chien-Pao|Chien-Pao, L50|100/100
|switch|p1a: Zamazenta|Zamazenta-Crowned, L50|100/100
|-ability|p1b: Chien-Pao|Sword of Ruin
|-ability|p1a: Zamazenta|Dauntless Shield|boost
|-boost|p1a: Zamazenta|def|1
|turn|6
|
|t:|1750706793
|move|p1a: Zamazenta|Wide Guard|p1a: Zamazenta
|-singleturn|p1a: Zamazenta|Wide Guard
|move|p2b: Lunala|Expanding Force|p1b: Chien-Pao|[spread] 
|-activate|p1a: Zamazenta|move: Wide Guard
|-activate|p1b: Chien-Pao|move: Wide Guard
|move|p1b: Chien-Pao|Crunch|p2b: Lunala
|-supereffective|p2b: Lunala
|-damage|p2b: Lunala|0 fnt
|faint|p2b: Lunala
|-damage|p1b: Chien-Pao|91/100|[from] item: Life Orb
|
|win|imperial lemons
|raw|imperial lemons's rating: 1171 &rarr; <strong>1194</strong><br />(+23 for winning)
|raw|K1ngzzz's rating: 1144 &rarr; <strong>1121</strong><br />(-23 for losing)
|l|☆K1ngzzz
|player|p2|
|l|☆imperial lemons
|player|p1|
