|j|☆Clodsireenjoyer999
|j|☆ironicredpanda
|t:|1750718951
|gametype|doubles
|player|p1|Clodsireenjoyer999|hilbert|1329
|player|p2|ironicredpanda|266|1372
|teamsize|p1|6
|teamsize|p2|6
|gen|9
|tier|[Gen 9] VGC 2025 Reg I
|rated|
|rule|Species Clause: Limit one of each Pokémon
|rule|Item Clause: Limit 1 of each item
|clearpoke
|poke|p1|Mienshao, L50, M|
|poke|p1|Calyrex-Shadow, L50|
|poke|p1|Rillaboom, L50, F|
|poke|p1|Zamazenta-*, L50|
|poke|p1|Raging Bolt, L50|
|poke|p1|Ogerpon-Hearthflame, L50, F|
|poke|p2|Calyrex-Ice, L50|
|poke|p2|Miraidon, L50|
|poke|p2|Landorus, L50, M|
|poke|p2|Grimmsnarl, L50, M|
|poke|p2|Incineroar, L50, F|
|poke|p2|Urshifu-*, L50, F|
|teampreview|4
|c|☆Clodsireenjoyer999|glhf
Clodsireenjoyer999 has agreed to open team sheets.
ironicredpanda has agreed to open team sheets.
|showteam|p1|Mienshao||FocusSash|InnerFocus|FakeOut,Taunt,CloseCombat,Coaching|||M|||50|,,,,,Grass]Calyrex-Shadow||LifeOrb|AsOneSpectrier|AstralBarrage,Psyshock,NastyPlot,Protect||||||50|,,,,,Dark]Rillaboom||AssaultVest|GrassySurge|FakeOut,WoodHammer,GrassyGlide,Uturn|||F|||50|,,,,,Fire]Zamazenta-Crowned||RustedShield|DauntlessShield|BodyPress,behemothbash,WideGuard,Protect||||||50|,,,,,Dragon]Raging Bolt||BoosterEnergy|Protosynthesis|Thunderbolt,DragonPulse,Thunderclap,Protect||||||50|,,,,,Electric]Ogerpon-Hearthflame||HearthflameMask|MoldBreaker|IvyCudgel,FollowMe,SpikyShield,GrassyGlide|||F|||50|,,,,,Fire
|showteam|p2|Calyrex-Ice||ClearAmulet|AsOneGlastrier|GlacialLance,HighHorsepower,TrickRoom,Protect||||||50|,,,,,Fire]Miraidon||ChoiceSpecs|HadronEngine|ElectroDrift,VoltSwitch,DracoMeteor,DazzlingGleam||||||50|,,,,,Fairy]Landorus||LifeOrb|SheerForce|Protect,EarthPower,SandsearStorm,SludgeBomb|||M|||50|,,,,,Poison]Grimmsnarl||LightClay|Prankster|ThunderWave,Reflect,LightScreen,SpiritBreak|||M|||50|,,,,,Ghost]Incineroar||AssaultVest|Intimidate|FakeOut,FlareBlitz,Uturn,KnockOff|||F|||50|,,,,,Bug]Urshifu-Rapid-Strike||MysticWater|UnseenFist|AquaJet,SurgingStrikes,CloseCombat,Detect|||F|||50|,,,,,Water
|c|☆ironicredpanda|glhf
|
|t:|1750718991
|start
|switch|p1a: Calyrex|Calyrex-Shadow, L50|100/100
|switch|p1b: Mienshao|Mienshao, L50, M|100/100
|switch|p2a: Grimmsnarl|Grimmsnarl, L50, M|100/100
|switch|p2b: Calyrex|Calyrex-Ice, L50|100/100
|-ability|p1a: Calyrex|As One
|-ability|p1a: Calyrex|Unnerve
|-ability|p2b: Calyrex|As One
|-ability|p2b: Calyrex|Unnerve
|turn|1
|
|t:|1750719028
|move|p2b: Calyrex|Protect|p2b: Calyrex
|-singleturn|p2b: Calyrex|Protect
|move|p2a: Grimmsnarl|Light Screen|p2a: Grimmsnarl
|-sidestart|p2: ironicredpanda|move: Light Screen
|move|p1a: Calyrex|Astral Barrage|p2b: Calyrex|[spread] p2a
|-activate|p2b: Calyrex|move: Protect
|-resisted|p2a: Grimmsnarl
|-damage|p2a: Grimmsnarl|78/100
|-damage|p1a: Calyrex|91/100|[from] item: Life Orb
|move|p1b: Mienshao|Taunt|p2b: Calyrex
|-activate|p2b: Calyrex|move: Protect
|
|upkeep
|turn|2
|
|t:|1750719050
|-terastallize|p2b: Calyrex|Fire
|move|p1a: Calyrex|Astral Barrage|p2b: Calyrex|[spread] p2a,p2b
|-resisted|p2a: Grimmsnarl
|-damage|p2a: Grimmsnarl|57/100
|-damage|p2b: Calyrex|73/100
|-damage|p1a: Calyrex|81/100|[from] item: Life Orb
|move|p1b: Mienshao|Close Combat|p2a: Grimmsnarl
|-damage|p2a: Grimmsnarl|0 fnt
|-unboost|p1b: Mienshao|def|1
|-unboost|p1b: Mienshao|spd|1
|faint|p2a: Grimmsnarl
|move|p2b: Calyrex|Glacial Lance|p1a: Calyrex|[spread] p1a,p1b
|-damage|p1a: Calyrex|21/100
|-enditem|p1b: Mienshao|Focus Sash
|-damage|p1b: Mienshao|1/100
|
|upkeep
|
|t:|1750719073
|switch|p2a: Landorus|Landorus, L50, M|100/100
|turn|3
|
|t:|1750719085
|move|p1a: Calyrex|Astral Barrage|p2a: Landorus|[spread] p2a,p2b
|-damage|p2a: Landorus|50/100
|-damage|p2b: Calyrex|46/100
|-damage|p1a: Calyrex|11/100|[from] item: Life Orb
|move|p1b: Mienshao|Close Combat|p2b: Calyrex
|-damage|p2b: Calyrex|7/100
|-unboost|p1b: Mienshao|def|1
|-unboost|p1b: Mienshao|spd|1
|move|p2a: Landorus|Sandsear Storm|p1a: Calyrex|[spread] p1a,p1b
|-damage|p1a: Calyrex|0 fnt
|-damage|p1b: Mienshao|0 fnt
|faint|p1a: Calyrex
|faint|p1b: Mienshao
|move|p2b: Calyrex|Glacial Lance|p1: Calyrex|[notarget]
|-fail|p2b: Calyrex
|
|upkeep
|
|t:|1750719100
|switch|p1a: Rillaboom|Rillaboom, L50, F|100/100
|switch|p1b: Zamazenta|Zamazenta-Crowned, L50|100/100
|-ability|p1b: Zamazenta|Dauntless Shield|boost
|-boost|p1b: Zamazenta|def|1
|-fieldstart|move: Grassy Terrain|[from] ability: Grassy Surge|[of] p1a: Rillaboom
|turn|4
|
|t:|1750719114
|move|p2a: Landorus|Protect|p2a: Landorus
|-singleturn|p2a: Landorus|Protect
|move|p2b: Calyrex|Protect|p2b: Calyrex
|-singleturn|p2b: Calyrex|Protect
|move|p1a: Rillaboom|Fake Out|p2a: Landorus
|-activate|p2a: Landorus|move: Protect
|move|p1b: Zamazenta|Body Press|p2b: Calyrex
|-activate|p2b: Calyrex|move: Protect
|
|-heal|p2b: Calyrex|13/100|[from] Grassy Terrain
|upkeep
|turn|5
|
|t:|1750719134
|move|p1b: Zamazenta|Body Press|p2b: Calyrex
|-damage|p2b: Calyrex|0 fnt
|faint|p2b: Calyrex
|move|p2a: Landorus|Earth Power|p1b: Zamazenta
|-supereffective|p1b: Zamazenta
|-damage|p1b: Zamazenta|0 fnt
|faint|p1b: Zamazenta
|move|p1a: Rillaboom|Wood Hammer|p2a: Landorus
|-damage|p2a: Landorus|0 fnt
|faint|p2a: Landorus
|-damage|p1a: Rillaboom|87/100|[from] Recoil
|
|-heal|p1a: Rillaboom|93/100|[from] Grassy Terrain
|upkeep
|
|t:|1750719148
|switch|p2b: Miraidon|Miraidon, L50|100/100
|-fieldstart|move: Electric Terrain|[from] ability: Hadron Engine|[of] p2b: Miraidon
|turn|6
|c|☆Clodsireenjoyer999|gg
|
|t:|1750719166
|-terastallize|p1a: Rillaboom|Fire
|move|p2b: Miraidon|Electro Drift|p1a: Rillaboom
|-damage|p1a: Rillaboom|8/100
|move|p1a: Rillaboom|Wood Hammer|p2b: Miraidon
|-resisted|p2b: Miraidon
|-damage|p2b: Miraidon|79/100
|-damage|p1a: Rillaboom|0 fnt|[from] Recoil
|faint|p1a: Rillaboom
|
|win|ironicredpanda
|raw|Clodsireenjoyer999's rating: 1329 &rarr; <strong>1311</strong><br />(-18 for losing)
|raw|ironicredpanda's rating: 1372 &rarr; <strong>1390</strong><br />(+18 for winning)
|l|☆Clodsireenjoyer999
|player|p1|
|l|☆ironicredpanda
|player|p2|
