|j|☆Zordor
|j|☆zugasteam
|t:|1750860342
|gametype|doubles
|player|p1|Zordor|pilot|1591
|player|p2|zugasteam|169|1628
|teamsize|p1|6
|teamsize|p2|6
|gen|9
|tier|[Gen 9] VGC 2025 Reg I
|rated|
|rule|Species Clause: Limit one of each Pokémon
|rule|Item Clause: Limit 1 of each item
|clearpoke
|poke|p1|Entei, L50|
|poke|p1|Walking Wake, L50|
|poke|p1|Groudon, L50|
|poke|p1|Zacian-*, L50|
|poke|p1|Tornadus, L50, M|
|poke|p1|Primarina, L50, F|
|poke|p2|Grimmsnarl, L50, M|
|poke|p2|Calyrex-Shadow, L50|
|poke|p2|Landorus, L50, M|
|poke|p2|Ogerpon-Wellspring, L50, F|
|poke|p2|Incineroar, L50, M|
|poke|p2|Zamazenta-*, L50|
|teampreview|4
|inactive|Battle timer is ON: inactive players will automatically lose when time's up. (requested by zugasteam)
|
|t:|1750860388
|start
|switch|p1a: Tornadus|Tornadus, L50, M|100/100
|switch|p1b: Groudon|Groudon, L50|100/100
|switch|p2a: Grimmsnarl|Grimmsnarl, L50, M|100/100
|switch|p2b: Zamazenta|Zamazenta-Crowned, L50|100/100
|-ability|p2b: Zamazenta|Dauntless Shield|boost
|-boost|p2b: Zamazenta|def|1
|-weather|SunnyDay|[from] ability: Drought|[of] p1b: Groudon
|turn|1
|
|t:|1750860407
|-terastallize|p2b: Zamazenta|Ghost
|move|p1a: Tornadus|Leer|p2b: Zamazenta|[spread] p2b
|-hint|Since gen 7, Dark is immune to Prankster moves.
|-immune|p2a: Grimmsnarl
|-unboost|p2b: Zamazenta|def|1
|move|p2a: Grimmsnarl|Reflect|p2a: Grimmsnarl
|-sidestart|p2: zugasteam|Reflect
|move|p2b: Zamazenta|Body Press|p1b: Groudon
|-damage|p1b: Groudon|67/100
|move|p1b: Groudon|High Horsepower|p2b: Zamazenta
|-damage|p2b: Zamazenta|78/100
|
|-weather|SunnyDay|[upkeep]
|upkeep
|turn|2
|
|t:|1750860431
|move|p1b: Groudon|Protect|p1b: Groudon
|-singleturn|p1b: Groudon|Protect
|move|p1a: Tornadus|Tailwind|p1a: Tornadus
|-sidestart|p1: Zordor|move: Tailwind
|move|p2b: Zamazenta|Behemoth Bash|p1b: Groudon
|-activate|p1b: Groudon|move: Protect
|move|p2a: Grimmsnarl|Spirit Break|p1b: Groudon
|-activate|p1b: Groudon|move: Protect
|
|-weather|SunnyDay|[upkeep]
|upkeep
|turn|3
|
|t:|1750860456
|move|p2a: Grimmsnarl|Light Screen|p2a: Grimmsnarl
|-sidestart|p2: zugasteam|move: Light Screen
|move|p1a: Tornadus|Air Slash|p2a: Grimmsnarl
|-damage|p2a: Grimmsnarl|82/100
|move|p1b: Groudon|Heat Crash|p2a: Grimmsnarl
|-damage|p2a: Grimmsnarl|33/100
|move|p2b: Zamazenta|Behemoth Bash|p1b: Groudon
|-damage|p1b: Groudon|40/100
|
|-weather|SunnyDay|[upkeep]
|upkeep
|turn|4
|j| thejigglypuff03
|
|t:|1750860470
|move|p1a: Tornadus|Air Slash|p2b: Zamazenta
|-damage|p2b: Zamazenta|60/100
|move|p1b: Groudon|Heat Crash|p2a: Grimmsnarl
|-damage|p2a: Grimmsnarl|0 fnt
|faint|p2a: Grimmsnarl
|cant|p2b: Zamazenta|flinch
|
|-weather|SunnyDay|[upkeep]
|upkeep
|l| thejigglypuff03
|
|t:|1750860481
|switch|p2a: Calyrex|Calyrex-Shadow, L50|100/100
|-ability|p2a: Calyrex|As One
|-ability|p2a: Calyrex|Unnerve
|turn|5
|
|t:|1750860498
|move|p1a: Tornadus|Air Slash|p2a: Calyrex
|-damage|p2a: Calyrex|79/100
|move|p1b: Groudon|Heat Crash|p2a: Calyrex
|-damage|p2a: Calyrex|24/100
|cant|p2a: Calyrex|flinch
|move|p2b: Zamazenta|Behemoth Bash|p1a: Tornadus
|-damage|p1a: Tornadus|55/100
|
|-weather|none
|-sideend|p1: Zordor|move: Tailwind
|upkeep
|turn|6
|c|☆zugasteam|...
|
|t:|1750860521
|move|p2a: Calyrex|Protect|p2a: Calyrex
|-singleturn|p2a: Calyrex|Protect
|move|p1a: Tornadus|Tailwind|p1a: Tornadus
|-sidestart|p1: Zordor|move: Tailwind
|move|p1b: Groudon|High Horsepower|p2a: Calyrex
|-activate|p2a: Calyrex|move: Protect
|move|p2b: Zamazenta|Body Press|p1b: Groudon
|-damage|p1b: Groudon|11/100
|
|upkeep
|turn|7
|
|t:|1750860540
|switch|p2a: Ogerpon|Ogerpon-Wellspring, L50, F|100/100
|move|p1a: Tornadus|Icy Wind|p2b: Zamazenta|[spread] p2a,p2b
|-damage|p2a: Ogerpon|93/100
|-damage|p2b: Zamazenta|53/100
|-unboost|p2a: Ogerpon|spe|1
|-unboost|p2b: Zamazenta|spe|1
|move|p1b: Groudon|Heat Crash|p2a: Ogerpon
|-damage|p2a: Ogerpon|65/100
|move|p2b: Zamazenta|Body Press|p1b: Groudon
|-damage|p1b: Groudon|0 fnt
|faint|p1b: Groudon
|
|upkeep
|
|t:|1750860551
|switch|p1b: Zacian|Zacian-Crowned, L50|100/100
|-ability|p1b: Zacian|Intrepid Sword|boost
|-boost|p1b: Zacian|atk|1
|turn|8
|
|t:|1750860562
|move|p2a: Ogerpon|Spiky Shield|p2a: Ogerpon
|-singleturn|p2a: Ogerpon|move: Protect
|move|p1b: Zacian|Behemoth Blade|p2b: Zamazenta
|-damage|p2b: Zamazenta|20/100
|move|p1a: Tornadus|Air Slash|p2a: Ogerpon
|-activate|p2a: Ogerpon|move: Protect
|move|p2b: Zamazenta|Body Press|p1b: Zacian
|-damage|p1b: Zacian|62/100
|
|-sideend|p2: zugasteam|Reflect
|upkeep
|turn|9
|
|t:|1750860581
|move|p1b: Zacian|Play Rough|p2a: Ogerpon
|-damage|p2a: Ogerpon|0 fnt
|faint|p2a: Ogerpon
|move|p1a: Tornadus|Air Slash|p2b: Zamazenta|[miss]
|-miss|p1a: Tornadus|p2b: Zamazenta
|move|p2b: Zamazenta|Behemoth Bash|p1a: Tornadus
|-damage|p1a: Tornadus|5/100
|
|-sideend|p1: Zordor|move: Tailwind
|upkeep
|
|t:|1750860591
|switch|p2a: Calyrex|Calyrex-Shadow, L50|24/100
|-ability|p2a: Calyrex|As One
|-ability|p2a: Calyrex|Unnerve
|turn|10
|
|t:|1750860600
|-terastallize|p1b: Zacian|Dark
|move|p1a: Tornadus|Tailwind|p1a: Tornadus
|-sidestart|p1: Zordor|move: Tailwind
|move|p1b: Zacian|Behemoth Blade|p2b: Zamazenta
|-damage|p2b: Zamazenta|0 fnt
|faint|p2b: Zamazenta
|move|p2a: Calyrex|Astral Barrage|p1a: Tornadus|[spread] p1a,p1b
|-resisted|p1b: Zacian
|-damage|p1a: Tornadus|0 fnt
|-damage|p1b: Zacian|38/100
|faint|p1a: Tornadus
|-ability|p2a: Calyrex|Grim Neigh|boost
|-boost|p2a: Calyrex|spa|1
|
|-sideend|p2: zugasteam|move: Light Screen
|upkeep
|
|t:|1750860603
|switch|p1a: Walking Wake|Walking Wake, L50|100/100
|-enditem|p1a: Walking Wake|Booster Energy
|-activate|p1a: Walking Wake|ability: Protosynthesis|[fromitem]
|-start|p1a: Walking Wake|protosynthesisspe
|turn|11
|l|☆zugasteam
|inactive|zugasteam disconnected and has a minute to reconnect!
|player|p2|
|inactive|zugasteam has 30 seconds left.
|inactive|zugasteam has 20 seconds left.
|inactive|zugasteam has 15 seconds left.
|inactive|zugasteam has 10 seconds left.
|inactive|zugasteam has 5 seconds left.
|-message|zugasteam lost due to inactivity.
|
|win|Zordor
|raw|Zordor's rating: 1591 &rarr; <strong>1613</strong><br />(+22 for winning)
|raw|zugasteam's rating: 1628 &rarr; <strong>1606</strong><br />(-22 for losing)
|l|☆Zordor
|player|p1|
