|j|☆TommyGuapo
|j|☆TheHeroOfMeow
|t:|1750798241
|gametype|doubles
|player|p1|TommyGuapo|102|1368
|player|p2|TheHeroOfMeow|will|1376
|teamsize|p1|6
|teamsize|p2|6
|gen|9
|tier|[Gen 9] VGC 2025 Reg I
|rated|
|rule|Species Clause: Limit one of each Pokémon
|rule|Item Clause: Limit 1 of each item
|clearpoke
|poke|p1|Terapagos, L50, M|
|poke|p1|Volcarona, L50, F|
|poke|p1|Scream Tail, L50|
|poke|p1|Rillaboom, L50, M|
|poke|p1|Giratina-Origin, L50|
|poke|p1|Comfey, L50, F|
|poke|p2|Rayquaza, L50|
|poke|p2|Smeargle, L50, M|
|poke|p2|Chien-Pao, L50|
|poke|p2|Calyrex-Ice, L50|
|poke|p2|Rhydon, L50, M|
|poke|p2|Flutter Mane, L50|
|teampreview|4
|inactive|Battle timer is ON: inactive players will automatically lose when time's up. (requested by TommyGuapo)
TommyGuapo has agreed to open team sheets.
TheHeroOfMeow has agreed to open team sheets.
|showteam|p1|Terapagos||CovertCloak|TeraShift|CalmMind,TeraStarstorm,EarthPower,Protect|||M|||50|,,,,,Stellar]Volcarona||RockyHelmet|FlameBody|RagePowder,FieryDance,StruggleBug,Tailwind|||F|||50|,,,,,Dragon]Scream Tail||BoosterEnergy|Protosynthesis|DazzlingGleam,Encore,Disable,Protect||||||50|,,,,,Dark]Rillaboom||FocusSash|GrassySurge|FakeOut,GrassyGlide,Taunt,Uturn|||M|||50|,,,,,Ghost]Giratina-Origin||GriseousCore|Levitate|Poltergeist,DracoMeteor,ShadowSneak,Protect||||||50|,,,,,Fire]Comfey||FairyFeather|Triage|DrainingKiss,FloralHealing,HelpingHand,Protect|||F|||50|,,,,,Fairy
|showteam|p2|Rayquaza||ClearAmulet|AirLock|ExtremeSpeed,DragonAscent,SwordsDance,Protect||||||50|,,,,,Normal]Smeargle||FocusSash|OwnTempo|Spore,Decorate,WideGuard,FakeOut|||M|||50|,,,,,Ghost]Chien-Pao||LifeOrb|SwordofRuin|IceSpinner,SacredSword,ThroatChop,Protect||||||50|,,,,,Ghost]Calyrex-Ice||SitrusBerry|AsOneGlastrier|GlacialLance,HighHorsepower,TrickRoom,Protect||||||50|,,,,,Water]Rhydon||Eviolite|LightningRod|HighHorsepower,StoneEdge,SwordsDance,Protect|||M|||50|,,,,,Grass]Flutter Mane||BoosterEnergy|Protosynthesis|Moonblast,ShadowBall,MysticalFire,CalmMind||||||50|,,,,,Fairy
|inactive|TommyGuapo has 60 seconds left.
|
|t:|1750798285
|start
|switch|p1a: Rillaboom|Rillaboom, L50, M|100/100
|switch|p1b: Terapagos|Terapagos, L50, M|100/100
|switch|p2a: Smeargle|Smeargle, L50, M|100/100
|switch|p2b: Calyrex|Calyrex-Ice, L50|100/100
|-activate|p1b: Terapagos|ability: Tera Shift
|detailschange|p1b: Terapagos|Terapagos-Terastal, L50, M
|-heal|p1b: Terapagos|100/100|[silent]
|-ability|p2b: Calyrex|As One
|-ability|p2b: Calyrex|Unnerve
|-fieldstart|move: Grassy Terrain|[from] ability: Grassy Surge|[of] p1a: Rillaboom
|turn|1
|inactive|TheHeroOfMeow has 30 seconds left.
|
|t:|1750798313
|move|p1a: Rillaboom|Taunt|p2a: Smeargle
|-start|p2a: Smeargle|move: Taunt
|cant|p2a: Smeargle|move: Taunt|Spore
|move|p1b: Terapagos|Calm Mind|p1b: Terapagos
|-boost|p1b: Terapagos|spa|1
|-boost|p1b: Terapagos|spd|1
|move|p2b: Calyrex|Trick Room|p2b: Calyrex
|-fieldstart|move: Trick Room|[of] p2b: Calyrex
|
|upkeep
|turn|2
|l|☆TheHeroOfMeow
|inactive|TheHeroOfMeow disconnected and has a minute to reconnect!
|player|p2|
|j|☆TheHeroOfMeow
|inactive|TheHeroOfMeow reconnected.
|player|p2|TheHeroOfMeow|will|
|inactive|TommyGuapo has 30 seconds left.
|
|t:|1750798339
|switch|p2a: Chien-Pao|Chien-Pao, L50|100/100
|-ability|p2a: Chien-Pao|Sword of Ruin
|move|p2b: Calyrex|Glacial Lance|p1a: Rillaboom|[spread] p1a,p1b
|-supereffective|p1a: Rillaboom
|-activate|p1b: Terapagos|ability: Tera Shell
|-resisted|p1b: Terapagos
|-enditem|p1a: Rillaboom|Focus Sash
|-damage|p1a: Rillaboom|1/100
|-damage|p1b: Terapagos|70/100
|move|p1b: Terapagos|Tera Starstorm|p2a: Chien-Pao
|-damage|p2a: Chien-Pao|0 fnt
|faint|p2a: Chien-Pao
|move|p1a: Rillaboom|U-turn|p2b: Calyrex
|-supereffective|p2b: Calyrex
|-damage|p2b: Calyrex|69/100
|
|t:|1750798356
|switch|p1a: Volcarona|Volcarona, L50, F|100/100|[from] U-turn
|
|-heal|p2b: Calyrex|74/100|[from] Grassy Terrain
|-heal|p1b: Terapagos|77/100|[from] Grassy Terrain
|upkeep
|
|t:|1750798365
|switch|p2a: Rayquaza|Rayquaza, L50|100/100
|-ability|p2a: Rayquaza|Air Lock
|turn|3
|
|t:|1750798381
|-terastallize|p1b: Terapagos|Stellar
|detailschange|p1b: Terapagos|Terapagos-Stellar, L50, M, tera:Stellar
|-heal|p1b: Terapagos|83/100|[silent]
|-ability|p1b: Terapagos|Teraform Zero
|-fieldend|move: Grassy Terrain
|-terastallize|p2a: Rayquaza|Normal
|move|p2a: Rayquaza|Extreme Speed|p1a: Volcarona
|-damage|p1a: Volcarona|57/100
|-damage|p2a: Rayquaza|84/100|[from] item: Rocky Helmet|[of] p1a: Volcarona
|move|p2b: Calyrex|Glacial Lance|p1a: Volcarona|[spread] p1a,p1b
|-resisted|p1a: Volcarona
|-damage|p1a: Volcarona|27/100
|-damage|p1b: Terapagos|46/100
|move|p1b: Terapagos|Tera Starstorm|p2b: Calyrex|[spread] p2a,p2b
|-supereffective|p2a: Rayquaza
|-damage|p2a: Rayquaza|0 fnt
|-damage|p2b: Calyrex|36/100
|-enditem|p2b: Calyrex|Sitrus Berry|[eat]
|-heal|p2b: Calyrex|61/100|[from] item: Sitrus Berry
|faint|p2a: Rayquaza
|move|p1a: Volcarona|Fiery Dance|p2b: Calyrex
|-supereffective|p2b: Calyrex
|-damage|p2b: Calyrex|14/100
|-boost|p1a: Volcarona|spa|1
|
|upkeep
|
|t:|1750798400
|switch|p2a: Smeargle|Smeargle, L50, M|100/100
|turn|4
|inactive|TommyGuapo has 30 seconds left.
|
|t:|1750798430
|move|p2b: Calyrex|Protect|p2b: Calyrex
|-singleturn|p2b: Calyrex|Protect
|move|p1b: Terapagos|Tera Starstorm|p2b: Calyrex|[spread] p2a
|-activate|p2b: Calyrex|move: Protect
|-enditem|p2a: Smeargle|Focus Sash
|-damage|p2a: Smeargle|1/100
|move|p1a: Volcarona|Fiery Dance|p2a: Smeargle
|-damage|p2a: Smeargle|0 fnt
|-boost|p1a: Volcarona|spa|1
|faint|p2a: Smeargle
|
|upkeep
|turn|5
|
|t:|1750798443
|move|p1b: Terapagos|Protect|p1b: Terapagos
|-singleturn|p1b: Terapagos|Protect
|move|p2b: Calyrex|Glacial Lance|p1b: Terapagos|[spread] p1a
|-activate|p1b: Terapagos|move: Protect
|-resisted|p1a: Volcarona
|-damage|p1a: Volcarona|0 fnt
|faint|p1a: Volcarona
|-ability|p2b: Calyrex|Chilling Neigh|boost
|-boost|p2b: Calyrex|atk|1
|
|-fieldend|move: Trick Room
|upkeep
|
|t:|1750798445
|switch|p1a: Rillaboom|Rillaboom, L50, M|1/100
|-fieldstart|move: Grassy Terrain|[from] ability: Grassy Surge|[of] p1a: Rillaboom
|turn|6
|
|t:|1750798450
|move|p2b: Calyrex|Protect|p2b: Calyrex
|-singleturn|p2b: Calyrex|Protect
|move|p1a: Rillaboom|Fake Out|p2b: Calyrex
|-activate|p2b: Calyrex|move: Protect
|move|p1b: Terapagos|Tera Starstorm|p2b: Calyrex
|-activate|p2b: Calyrex|move: Protect
|
|-heal|p1a: Rillaboom|7/100|[from] Grassy Terrain
|-heal|p1b: Terapagos|53/100|[from] Grassy Terrain
|-heal|p2b: Calyrex|19/100|[from] Grassy Terrain
|upkeep
|turn|7
|
|t:|1750798454
|move|p1a: Rillaboom|Taunt|p2b: Calyrex
|-start|p2b: Calyrex|move: Taunt
|move|p1b: Terapagos|Tera Starstorm|p2b: Calyrex
|-damage|p2b: Calyrex|0 fnt
|faint|p2b: Calyrex
|
|win|TommyGuapo
|raw|TommyGuapo's rating: 1368 &rarr; <strong>1388</strong><br />(+20 for winning)
|raw|TheHeroOfMeow's rating: 1376 &rarr; <strong>1356</strong><br />(-20 for losing)
|l|☆TheHeroOfMeow
|player|p2|
|l|☆TommyGuapo
|player|p1|
