|j|☆colasky
|j|☆Bonesy77
|t:|1750790412
|gametype|doubles
|player|p1|colasky|266|1245
|player|p2|Bonesy77|red|1162
|teamsize|p1|6
|teamsize|p2|6
|gen|9
|tier|[Gen 9] VGC 2025 Reg I
|rated|
|rule|Species Clause: Limit one of each Pokémon
|rule|Item Clause: Limit 1 of each item
|clearpoke
|poke|p1|Ninetales-Alola, L50, F|
|poke|p1|Indeedee-F, L50, F|
|poke|p1|Calyrex-Ice, L50|
|poke|p1|Terapagos, L50, M|
|poke|p1|Incineroar, L50, M|
|poke|p1|Raging Bolt, L50|
|poke|p2|Koraidon, L50|
|poke|p2|Farigiraf, L50, F|
|poke|p2|Rillaboom, L50, M|
|poke|p2|Incineroar, L50, M|
|poke|p2|Calyrex-Shadow, L50|
|poke|p2|Ursaluna, L50, F|
|teampreview|4
|inactive|Battle timer is ON: inactive players will automatically lose when time's up. (requested by Bonesy77)
|
|t:|1750790440
|start
|switch|p1a: Ninetales|Ninetales-Alola, L50, F|100/100
|switch|p1b: Calyrex|Calyrex-Ice, L50|100/100
|switch|p2a: Farigiraf|Farigiraf, L50, F, shiny|100/100
|switch|p2b: Calyrex|Calyrex-Shadow, L50|100/100
|-ability|p2b: Calyrex|As One
|-ability|p2b: Calyrex|Unnerve
|-ability|p1b: Calyrex|As One
|-ability|p1b: Calyrex|Unnerve
|-weather|Snowscape|[from] ability: Snow Warning|[of] p1a: Ninetales
|turn|1
|inactive|colasky has 30 seconds left.
|inactive|Bonesy77 has 30 seconds left.
|
|t:|1750790471
|switch|p1b: Incineroar|Incineroar, L50, M|100/100
|-ability|p1b: Incineroar|Intimidate|boost
|-unboost|p2a: Farigiraf|atk|1
|-unboost|p2b: Calyrex|atk|1
|move|p2b: Calyrex|Astral Barrage|p1b: Incineroar|[spread] p1a,p1b
|-resisted|p1b: Incineroar
|-damage|p1a: Ninetales|44/100
|-damage|p1b: Incineroar|82/100
|move|p1a: Ninetales|Aurora Veil|p1a: Ninetales
|-sidestart|p1: colasky|move: Aurora Veil
|move|p2a: Farigiraf|Psychic|p1a: Ninetales
|-damage|p1a: Ninetales|14/100
|
|-weather|Snowscape|[upkeep]
|upkeep
|turn|2
|inactive|Bonesy77 has 30 seconds left.
|
|t:|1750790505
|move|p2b: Calyrex|Astral Barrage|p1a: Ninetales|[spread] p1a,p1b
|-resisted|p1b: Incineroar
|-damage|p1a: Ninetales|0 fnt
|-damage|p1b: Incineroar|69/100
|faint|p1a: Ninetales
|-ability|p2b: Calyrex|Grim Neigh|boost
|-boost|p2b: Calyrex|spa|1
|move|p2a: Farigiraf|Dazzling Gleam|p1b: Incineroar
|-damage|p1b: Incineroar|59/100
|move|p1b: Incineroar|Knock Off|p2b: Calyrex
|-supereffective|p2b: Calyrex
|-enditem|p2b: Calyrex|Focus Sash
|-damage|p2b: Calyrex|1/100
|
|-weather|Snowscape|[upkeep]
|upkeep
|
|t:|1750790525
|switch|p1a: Calyrex|Calyrex-Ice, L50|100/100
|-ability|p1a: Calyrex|As One
|-ability|p1a: Calyrex|Unnerve
|turn|3
|inactive|Bonesy77 has 30 seconds left.
|
|t:|1750790553
|move|p1a: Calyrex|Protect|p1a: Calyrex
|-singleturn|p1a: Calyrex|Protect
|move|p2b: Calyrex|Astral Barrage|p1b: Incineroar|[spread] p1b
|-activate|p1a: Calyrex|move: Protect
|-resisted|p1b: Incineroar
|-damage|p1b: Incineroar|41/100
|move|p2a: Farigiraf|Psychic|p1a: Calyrex
|-activate|p1a: Calyrex|move: Protect
|move|p1b: Incineroar|Knock Off|p2b: Calyrex
|-supereffective|p2b: Calyrex
|-crit|p2b: Calyrex
|-damage|p2b: Calyrex|0 fnt
|faint|p2b: Calyrex
|
|-weather|Snowscape|[upkeep]
|upkeep
|
|t:|1750790559
|switch|p2b: Koraidon|Koraidon, L50|100/100
|-weather|SunnyDay|[from] ability: Orichalcum Pulse|[of] p2b: Koraidon
|-activate|p2b: Koraidon|Orichalcum Pulse|[source]
|turn|4
|
|t:|1750790580
|-terastallize|p2b: Koraidon|Fire
|-terastallize|p1a: Calyrex|Ground
|move|p2b: Koraidon|Flare Blitz|p1a: Calyrex
|-damage|p1a: Calyrex|23/100
|-status|p1a: Calyrex|brn
|-damage|p2b: Koraidon|70/100|[from] Recoil
|-damage|p2b: Koraidon|60/100|[from] item: Life Orb
|move|p2a: Farigiraf|Psychic|p1b: Incineroar
|-immune|p1b: Incineroar
|move|p1b: Incineroar|Knock Off|p2a: Farigiraf
|-supereffective|p2a: Farigiraf
|-damage|p2a: Farigiraf|31/100
|-enditem|p2a: Farigiraf|Leftovers|[from] move: Knock Off|[of] p1b: Incineroar
|move|p1a: Calyrex|High Horsepower|p2b: Koraidon
|-supereffective|p2b: Koraidon
|-damage|p2b: Koraidon|8/100
|
|-weather|SunnyDay|[upkeep]
|-damage|p1a: Calyrex|17/100 brn|[from] brn
|upkeep
|turn|5
|inactive|colasky has 30 seconds left.
|inactive|Bonesy77 has 30 seconds left.
|
|t:|1750790610
|move|p2b: Koraidon|Collision Course|p1b: Incineroar
|-supereffective|p1b: Incineroar
|-damage|p1b: Incineroar|0 fnt
|faint|p1b: Incineroar
|-damage|p2b: Koraidon|0 fnt|[from] item: Life Orb
|faint|p2b: Koraidon
|move|p2a: Farigiraf|Dazzling Gleam|p1a: Calyrex
|-damage|p1a: Calyrex|7/100 brn
|move|p1a: Calyrex|Trick Room|p1a: Calyrex
|-fieldstart|move: Trick Room|[of] p1a: Calyrex
|
|-weather|SunnyDay|[upkeep]
|-damage|p1a: Calyrex|1/100 brn|[from] brn
|-sideend|p1: colasky|move: Aurora Veil
|upkeep
|
|t:|1750790624
|switch|p1b: Terapagos|Terapagos, L50, M|100/100
|switch|p2b: Rillaboom|Rillaboom, L50, M, shiny|100/100
|-activate|p1b: Terapagos|ability: Tera Shift
|detailschange|p1b: Terapagos|Terapagos-Terastal, L50, M
|-heal|p1b: Terapagos|100/100|[silent]
|-fieldstart|move: Grassy Terrain|[from] ability: Grassy Surge|[of] p2b: Rillaboom
|turn|6
|inactive|Bonesy77 has 30 seconds left.
|
|t:|1750790656
|move|p2a: Farigiraf|Protect|p2a: Farigiraf
|-singleturn|p2a: Farigiraf|Protect
|move|p2b: Rillaboom|Fake Out|p1a: Calyrex
|-damage|p1a: Calyrex|0 fnt
|faint|p1a: Calyrex
|move|p1b: Terapagos|Calm Mind|p1b: Terapagos
|-boost|p1b: Terapagos|spa|1
|-boost|p1b: Terapagos|spd|1
|
|-weather|SunnyDay|[upkeep]
|-heal|p2a: Farigiraf|37/100|[from] Grassy Terrain
|upkeep
|turn|7
|
|t:|1750790677
|move|p2a: Farigiraf|Psychic|p1b: Terapagos
|-activate|p1b: Terapagos|ability: Tera Shell
|-resisted|p1b: Terapagos
|-damage|p1b: Terapagos|90/100
|move|p1b: Terapagos|Tera Starstorm|p2b: Rillaboom
|-damage|p2b: Rillaboom|37/100
|move|p2b: Rillaboom|Knock Off|p1b: Terapagos
|-damage|p1b: Terapagos|62/100
|-enditem|p1b: Terapagos|Leftovers|[from] move: Knock Off|[of] p2b: Rillaboom
|
|-weather|SunnyDay|[upkeep]
|-heal|p2a: Farigiraf|43/100|[from] Grassy Terrain
|-heal|p1b: Terapagos|68/100|[from] Grassy Terrain
|-heal|p2b: Rillaboom|43/100|[from] Grassy Terrain
|upkeep
|turn|8
|
|t:|1750790697
|move|p2b: Rillaboom|Grassy Glide|p1b: Terapagos
|-damage|p1b: Terapagos|37/100
|move|p2a: Farigiraf|Psychic|p1b: Terapagos
|-damage|p1b: Terapagos|15/100
|move|p1b: Terapagos|Tera Starstorm|p2b: Rillaboom
|-damage|p2b: Rillaboom|0 fnt
|faint|p2b: Rillaboom
|
|-weather|none
|-heal|p2a: Farigiraf|49/100|[from] Grassy Terrain
|-heal|p1b: Terapagos|21/100|[from] Grassy Terrain
|upkeep
|turn|9
|
|t:|1750790710
|move|p1b: Terapagos|Protect|p1b: Terapagos
|-singleturn|p1b: Terapagos|Protect
|move|p2a: Farigiraf|Psychic|p1b: Terapagos
|-activate|p1b: Terapagos|move: Protect
|
|-heal|p2a: Farigiraf|56/100|[from] Grassy Terrain
|-heal|p1b: Terapagos|27/100|[from] Grassy Terrain
|-fieldend|move: Trick Room
|upkeep
|turn|10
|
|t:|1750790718
|move|p1b: Terapagos|Dark Pulse|p2a: Farigiraf
|-supereffective|p2a: Farigiraf
|-damage|p2a: Farigiraf|0 fnt
|faint|p2a: Farigiraf
|
|win|colasky
|raw|colasky's rating: 1245 &rarr; <strong>1264</strong><br />(+19 for winning)
|raw|Bonesy77's rating: 1162 &rarr; <strong>1143</strong><br />(-19 for losing)
