|j|☆magiuz
|j|☆Escatross
|t:|1750715017
|gametype|doubles
|player|p1|magiuz|101|1498
|player|p2|Escatross|bugcatcher-gen4dp|1488
|teamsize|p1|6
|teamsize|p2|6
|gen|9
|tier|[Gen 9] VGC 2025 Reg I
|rated|
|rule|Species Clause: Limit one of each Pokémon
|rule|Item Clause: Limit 1 of each item
|clearpoke
|poke|p1|Necrozma-Dawn-Wings, L50|
|poke|p1|Calyrex-Ice, L50|
|poke|p1|Torkoal, L50, M|
|poke|p1|Indeedee-F, L50, F|
|poke|p1|Ursaluna, L50, M|
|poke|p1|Smeargle, L50, M|
|poke|p2|Jumpluff, L50, F|
|poke|p2|Weezing-Galar, L50, M|
|poke|p2|Walking Wake, L50|
|poke|p2|Koraidon, L50|
|poke|p2|Calyrex-Shadow, L50|
|poke|p2|Hatterene, L50, F|
|teampreview|4
|inactive|Battle timer is ON: inactive players will automatically lose when time's up. (requested by Escatross)
|inactive|magiuz has 60 seconds left.
|
|t:|1750715058
|start
|switch|p1a: Smeargle|Smeargle, L50, M|100/100
|switch|p1b: Necrozma|Necrozma-Dawn-Wings, L50|100/100
|switch|p2a: Weezing|Weezing-Galar, L50, M|100/100
|switch|p2b: Koraidon|Koraidon, L50|100/100
|-ability|p2a: Weezing|Neutralizing Gas
|-block|p2b: Koraidon|item: Ability Shield
|-weather|SunnyDay|[from] ability: Orichalcum Pulse|[of] p2b: Koraidon
|-activate|p2b: Koraidon|Orichalcum Pulse|[source]
|turn|1
|
|t:|1750715068
|move|p1a: Smeargle|Fake Out|p2b: Koraidon
|-damage|p2b: Koraidon|95/100
|cant|p2b: Koraidon|flinch
|move|p2a: Weezing|Taunt|p1b: Necrozma
|-start|p1b: Necrozma|move: Taunt
|cant|p1b: Necrozma|move: Taunt|Trick Room
|
|-weather|SunnyDay|[upkeep]
|upkeep
|turn|2
|
|t:|1750715090
|move|p1a: Smeargle|Follow Me|p1a: Smeargle
|-singleturn|p1a: Smeargle|move: Follow Me
|move|p2b: Koraidon|Scale Shot|p1a: Smeargle
|-damage|p1a: Smeargle|61/100
|-damage|p1a: Smeargle|18/100
|-damage|p1a: Smeargle|0 fnt
|faint|p1a: Smeargle
|-hitcount|p1: Smeargle|3
|-unboost|p2b: Koraidon|def|1
|-boost|p2b: Koraidon|spe|1
|move|p2a: Weezing|Poison Gas|p1b: Necrozma
|-status|p1b: Necrozma|psn
|move|p1b: Necrozma|Expanding Force|p2a: Weezing
|-supereffective|p2a: Weezing
|-damage|p2a: Weezing|0 fnt
|faint|p2a: Weezing
|-end|p2a: Weezing|ability: Neutralizing Gas
|
|-weather|SunnyDay|[upkeep]
|-damage|p1b: Necrozma|88/100 psn|[from] psn
|upkeep
|
|t:|1750715108
|switch|p1a: Calyrex|Calyrex-Ice, L50|100/100
|switch|p2a: Calyrex|Calyrex-Shadow, L50|100/100
|-ability|p2a: Calyrex|As One
|-ability|p2a: Calyrex|Unnerve
|-ability|p1a: Calyrex|As One
|-ability|p1a: Calyrex|Unnerve
|turn|3
|
|t:|1750715120
|-terastallize|p2a: Calyrex|Ghost
|-terastallize|p1a: Calyrex|Water
|move|p2b: Koraidon|Collision Course|p1a: Calyrex
|-damage|p1a: Calyrex|54/100
|move|p2a: Calyrex|Astral Barrage|p1a: Calyrex|[spread] p1a,p1b
|-supereffective|p1b: Necrozma
|-damage|p1a: Calyrex|6/100
|-damage|p1b: Necrozma|0 fnt
|faint|p1b: Necrozma
|-ability|p2a: Calyrex|Grim Neigh|boost
|-boost|p2a: Calyrex|spa|1
|move|p1a: Calyrex|Trick Room|p1a: Calyrex
|-fieldstart|move: Trick Room|[of] p1a: Calyrex
|
|-weather|SunnyDay|[upkeep]
|upkeep
|j| H4yato7u7
|
|t:|1750715134
|switch|p1b: Ursaluna|Ursaluna, L50, M|100/100
|turn|4
|
|t:|1750715149
|move|p2b: Koraidon|Protect|p2b: Koraidon
|-singleturn|p2b: Koraidon|Protect
|move|p1a: Calyrex|Glacial Lance|p2a: Calyrex|[spread] p2a
|-activate|p2b: Koraidon|move: Protect
|-damage|p2a: Calyrex|30/100
|move|p1b: Ursaluna|Shadow Claw|p2a: Calyrex
|-supereffective|p2a: Calyrex
|-damage|p2a: Calyrex|0 fnt
|faint|p2a: Calyrex
|
|-weather|SunnyDay|[upkeep]
|-status|p1b: Ursaluna|brn|[from] item: Flame Orb
|upkeep
|
|t:|1750715154
|switch|p2a: Hatterene|Hatterene, L50, F|100/100
|turn|5
|
|t:|1750715178
|move|p1a: Calyrex|Protect|p1a: Calyrex
|-singleturn|p1a: Calyrex|Protect
|move|p2a: Hatterene|After You|p2b: Koraidon
|-activate|p2b: Koraidon|move: After You
|move|p2b: Koraidon|Collision Course|p1b: Ursaluna
|-supereffective|p1b: Ursaluna
|-crit|p1b: Ursaluna
|-damage|p1b: Ursaluna|0 fnt
|faint|p1b: Ursaluna
|
|-weather|none
|upkeep
|turn|6
|
|t:|1750715193
|move|p2a: Hatterene|Dazzling Gleam|p1a: Calyrex
|-damage|p1a: Calyrex|0 fnt
|faint|p1a: Calyrex
|-damage|p2a: Hatterene|91/100|[from] item: Life Orb
|
|win|Escatross
|raw|magiuz's rating: 1498 &rarr; <strong>1477</strong><br />(-21 for losing)
|raw|Escatross's rating: 1488 &rarr; <strong>1509</strong><br />(+21 for winning)
|l|☆magiuz
|player|p1|
|l|☆Escatross
|player|p2|
