|j|☆caprican
|j|☆Ferrous2 000
|t:|1750744738
|gametype|doubles
|player|p1|caprican|skyla|1248
|player|p2|Ferrous2 000|hiker|1258
|teamsize|p1|6
|teamsize|p2|6
|gen|9
|tier|[Gen 9] VGC 2025 Reg I
|rated|
|rule|Species Clause: Limit one of each Pokémon
|rule|Item Clause: Limit 1 of each item
|clearpoke
|poke|p1|Miraidon, L50|
|poke|p1|Calyrex-Ice, L50|
|poke|p1|Incineroar, L50, F|
|poke|p1|Iron Hands, L50|
|poke|p1|Farigiraf, L50, F|
|poke|p1|Iron Treads, L50|
|poke|p2|Koraidon, L50|
|poke|p2|Incineroar, L50, M|
|poke|p2|Volcarona, L50, M|
|poke|p2|Solgaleo, L50|
|poke|p2|Ogerpon-Cornerstone, L50, F|
|poke|p2|Flutter Mane, L50|
|teampreview|4
|
|t:|1750744767
|start
|switch|p1a: MEOW|Incineroar, L50, F, shiny|100/100
|switch|p1b: CLAPPER|Iron Hands, L50|100/100
|switch|p2a: Winston|Incineroar, L50, M, shiny|100/100
|switch|p2b: Solgaleo|Solgaleo, L50|100/100
|-ability|p1a: MEOW|Intimidate|boost
|-unboost|p2a: Winston|atk|1
|-fail|p2b: Solgaleo|unboost|[from] ability: Full Metal Body|[of] p2b: Solgaleo
|-ability|p2a: Winston|Intimidate|boost
|-unboost|p1a: MEOW|atk|1
|-unboost|p1b: CLAPPER|atk|1
|turn|1
|
|t:|1750744790
|switch|p2a: Ivy|Ogerpon-Cornerstone, L50, F|100/100
|move|p2b: Solgaleo|Protect|p2b: Solgaleo
|-singleturn|p2b: Solgaleo|Protect
|move|p1a: MEOW|Fake Out|p2b: Solgaleo
|-activate|p2b: Solgaleo|move: Protect
|move|p1b: CLAPPER|Fake Out|p2b: Solgaleo
|-activate|p2b: Solgaleo|move: Protect
|
|upkeep
|turn|2
|
|t:|1750744835
|-end|p1b: CLAPPER|Quark Drive|[silent]
|switch|p1b: TERA ICE|Calyrex-Ice, L50|100/100
|-ability|p1b: TERA ICE|As One
|-ability|p1b: TERA ICE|Unnerve
|move|p2a: Ivy|Ivy Cudgel|p1a: MEOW|[anim] Ivy Cudgel Rock
|-supereffective|p1a: MEOW
|-damage|p1a: MEOW|5/100
|move|p2b: Solgaleo|Psychic Fangs|p1b: TERA ICE
|-resisted|p1b: TERA ICE
|-damage|p1b: TERA ICE|81/100
|-damage|p2b: Solgaleo|91/100|[from] item: Life Orb
|move|p1a: MEOW|Will-O-Wisp|p2b: Solgaleo
|-status|p2b: Solgaleo|brn
|
|-damage|p2b: Solgaleo|85/100 brn|[from] brn
|upkeep
|turn|3
|
|t:|1750744869
|switch|p1a: CLAPPER|Iron Hands, L50|100/100
|move|p1b: TERA ICE|Protect|p1b: TERA ICE
|-singleturn|p1b: TERA ICE|Protect
|move|p2a: Ivy|Ivy Cudgel|p1b: TERA ICE|[anim] Ivy Cudgel Rock
|-activate|p1b: TERA ICE|move: Protect
|move|p2b: Solgaleo|Sunsteel Strike|p1b: TERA ICE
|-activate|p1b: TERA ICE|move: Protect
|
|-damage|p2b: Solgaleo|79/100 brn|[from] brn
|upkeep
|turn|4
|
|t:|1750744889
|switch|p2a: Winston|Incineroar, L50, M, shiny|100/100
|-ability|p2a: Winston|Intimidate|boost
|-unboost|p1a: CLAPPER|atk|1
|-fail|p1b: TERA ICE|unboost|[from] item: Clear Amulet|[of] p1b: TERA ICE
|move|p2b: Solgaleo|Protect|p2b: Solgaleo
|-singleturn|p2b: Solgaleo|Protect
|move|p1a: CLAPPER|Fake Out|p2a: Winston
|-damage|p2a: Winston|90/100
|move|p1b: TERA ICE|Trick Room|p1b: TERA ICE
|-fieldstart|move: Trick Room|[of] p1b: TERA ICE
|
|-damage|p2b: Solgaleo|73/100 brn|[from] brn
|upkeep
|turn|5
|
|t:|1750744925
|switch|p2b: Koraidon|Koraidon, L50|100/100
|-weather|SunnyDay|[from] ability: Orichalcum Pulse|[of] p2b: Koraidon
|-activate|p2b: Koraidon|Orichalcum Pulse|[source]
|-terastallize|p2a: Winston|Fire
|move|p2a: Winston|Flare Blitz|p1b: TERA ICE
|-supereffective|p1b: TERA ICE
|-damage|p1b: TERA ICE|0 fnt
|faint|p1b: TERA ICE
|-damage|p2a: Winston|62/100|[from] Recoil
|move|p1a: CLAPPER|Low Kick|p2a: Winston
|-damage|p2a: Winston|35/100
|
|-weather|SunnyDay|[upkeep]
|upkeep
|c|☆caprican|how?
|c|☆caprican|im min speed
|c|☆Ferrous2 000|Power bracer
|c|☆Ferrous2 000|Iron ball
|c|☆Ferrous2 000|Power anklet
|c|☆caprican|...
|c|☆caprican|sure
|c|☆Ferrous2 000|Power weight
|
|t:|1750744994
|switch|p1b: MEOW|Incineroar, L50, F, shiny|5/100
|-ability|p1b: MEOW|Intimidate|boost
|-unboost|p2a: Winston|atk|1
|-fail|p2b: Koraidon|unboost|[from] item: Clear Amulet|[of] p2b: Koraidon
|turn|6
|
|t:|1750745029
|switch|p2a: Solgaleo|Solgaleo, L50|73/100 brn
|move|p1b: MEOW|Fake Out|p2b: Koraidon
|-damage|p2b: Koraidon|93/100
|move|p1a: CLAPPER|Low Kick|p2a: Solgaleo
|-damage|p2a: Solgaleo|42/100 brn
|cant|p2b: Koraidon|flinch
|
|-weather|SunnyDay|[upkeep]
|-damage|p2a: Solgaleo|36/100 brn|[from] brn
|upkeep
|turn|7
|
|t:|1750745088
|switch|p1b: THE DON|Miraidon, L50|100/100
|-fieldstart|move: Electric Terrain|[from] ability: Hadron Engine|[of] p1b: THE DON
|-activate|p1a: CLAPPER|ability: Quark Drive
|-start|p1a: CLAPPER|quarkdriveatk
|switch|p2b: Winston|Incineroar, L50, M, shiny, tera:Fire|35/100
|-ability|p2b: Winston|Intimidate|boost
|-unboost|p1a: CLAPPER|atk|1
|-unboost|p1b: THE DON|atk|1
|move|p1a: CLAPPER|Low Kick|p2b: Winston
|-damage|p2b: Winston|7/100
|move|p2a: Solgaleo|Sunsteel Strike|p1b: THE DON
|-resisted|p1b: THE DON
|-damage|p1b: THE DON|84/100
|-damage|p2a: Solgaleo|26/100 brn|[from] item: Life Orb
|
|-weather|SunnyDay|[upkeep]
|-damage|p2a: Solgaleo|20/100 brn|[from] brn
|upkeep
|turn|8
|inactive|Battle timer is ON: inactive players will automatically lose when time's up. (requested by Ferrous2 000)
|
|t:|1750745153
|move|p2b: Winston|Flare Blitz|p1a: CLAPPER
|-damage|p1a: CLAPPER|24/100
|-status|p1a: CLAPPER|brn
|-damage|p2b: Winston|0 fnt|[from] Recoil
|faint|p2b: Winston
|move|p1a: CLAPPER|Drain Punch|p2a: Solgaleo
|-damage|p2a: Solgaleo|10/100 brn
|-heal|p1a: CLAPPER|29/100 brn|[from] drain|[of] p2a: Solgaleo
|move|p2a: Solgaleo|Psychic Fangs|p1b: THE DON
|-damage|p1b: THE DON|55/100
|-damage|p2a: Solgaleo|0 fnt|[from] item: Life Orb
|faint|p2a: Solgaleo
|move|p1b: THE DON|Volt Switch|p2: Solgaleo|[notarget]
|-fail|p1b: THE DON
|
|-weather|SunnyDay|[upkeep]
|-damage|p1a: CLAPPER|24/100 brn|[from] brn
|-fieldend|move: Trick Room
|upkeep
|
|t:|1750745167
|switch|p2a: Ivy|Ogerpon-Cornerstone, L50, F|100/100
|switch|p2b: Koraidon|Koraidon, L50|93/100
|-activate|p2b: Koraidon|ability: Orichalcum Pulse
|turn|9
|c|☆caprican|you have to be the luckiest pos on this site
|inactive|caprican has 30 seconds left.
|-message|caprican forfeited.
|
|win|Ferrous2 000
|raw|caprican's rating: 1248 &rarr; <strong>1224</strong><br />(-24 for losing)
|raw|Ferrous2 000's rating: 1258 &rarr; <strong>1282</strong><br />(+24 for winning)
|l|☆caprican
|player|p1|
|l|☆Ferrous2 000
|player|p2|
