|j|☆dingdanglin
|j|☆burkette
|t:|1750820306
|gametype|doubles
|player|p1|dingdanglin|101|1302
|player|p2|burkette|acetrainerf|1299
|teamsize|p1|6
|teamsize|p2|6
|gen|9
|tier|[Gen 9] VGC 2025 Reg I
|rated|
|rule|Species Clause: Limit one of each Pokémon
|rule|Item Clause: Limit 1 of each item
|clearpoke
|poke|p1|Calyrex-Ice, L50|
|poke|p1|Miraidon, L50|
|poke|p1|Urshifu-*, L50, F|
|poke|p1|Landorus, L50, M|
|poke|p1|Grimmsnarl, L50, M|
|poke|p1|Pelipper, L50, M|
|poke|p2|Indeedee-F, L50, F|
|poke|p2|Miraidon, L50|
|poke|p2|Iron Crown, L50|
|poke|p2|Urshifu-*, L50, F|
|poke|p2|Incineroar, L50, F|
|poke|p2|Ho-Oh, L50|
|teampreview|4
burkette has agreed to open team sheets.
|
|t:|1750820363
|start
|switch|p1a: Calyrex|Calyrex-Ice, L50|100/100
|switch|p1b: Landorus|Landorus, L50, M|100/100
|switch|p2a: Indeedee|Indeedee-F, L50, F|100/100
|switch|p2b: Iron Crown|Iron Crown, L50|100/100
|-ability|p1a: Calyrex|As One
|-ability|p1a: Calyrex|Unnerve
|-fieldstart|move: Psychic Terrain|[from] ability: Psychic Surge|[of] p2a: Indeedee
|turn|1
|inactive|Battle timer is ON: inactive players will automatically lose when time's up. (requested by dingdanglin)
|inactive|dingdanglin has 60 seconds left.
|
|t:|1750820410
|-terastallize|p1a: Calyrex|Fire
|move|p2a: Indeedee|Helping Hand|p2b: Iron Crown
|-singleturn|p2b: Iron Crown|Helping Hand|[of] p2a: Indeedee
|move|p2b: Iron Crown|Expanding Force|p1b: Landorus|[spread] p1a,p1b
|-damage|p1a: Calyrex|40/100
|-damage|p1b: Landorus|0 fnt
|faint|p1b: Landorus
|-damage|p2b: Iron Crown|91/100|[from] item: Life Orb
|move|p1a: Calyrex|Leech Seed|p2a: Indeedee
|-start|p2a: Indeedee|move: Leech Seed
|
|-heal|p1a: Calyrex|46/100|[from] item: Leftovers
|-damage|p2a: Indeedee|88/100|[from] Leech Seed|[of] p1a: Calyrex
|-heal|p1a: Calyrex|57/100|[silent]
|upkeep
|
|t:|1750820426
|switch|p1b: Miraidon|Miraidon, L50|100/100
|-fieldstart|move: Electric Terrain|[from] ability: Hadron Engine|[of] p1b: Miraidon
|-activate|p2b: Iron Crown|ability: Quark Drive
|-start|p2b: Iron Crown|quarkdrivespa
|turn|2
|inactive|dingdanglin has 30 seconds left.
|inactive|burkette has 30 seconds left.
|inactive|burkette has 20 seconds left.
|inactive|burkette has 15 seconds left.
|inactive|burkette has 10 seconds left.
|inactive|burkette has 5 seconds left.
|
|t:|1750820479
|move|p2a: Indeedee|Follow Me|p2a: Indeedee
|-singleturn|p2a: Indeedee|move: Follow Me
|move|p1b: Miraidon|Volt Switch|p2a: Indeedee
|-damage|p2a: Indeedee|3/100
|
|t:|1750820485
|switch|p1b: Urshifu|Urshifu-Rapid-Strike, L50, F|100/100|[from] Volt Switch
|move|p2b: Iron Crown|Volt Switch|p1a: Calyrex
|-damage|p1a: Calyrex|27/100
|-damage|p2b: Iron Crown|81/100|[from] item: Life Orb
|
|t:|1750820495
|-end|p2b: Iron Crown|Quark Drive|[silent]
|switch|p2b: Urshifu|Urshifu-Rapid-Strike, L50, F|100/100|[from] Volt Switch
|move|p1a: Calyrex|Leech Seed||[still]
|-fail|p1a: Calyrex
|
|-heal|p1a: Calyrex|33/100|[from] item: Leftovers
|-damage|p2a: Indeedee|0 fnt|[from] Leech Seed|[of] p1a: Calyrex
|-heal|p1a: Calyrex|35/100|[silent]
|faint|p2a: Indeedee
|upkeep
|
|t:|1750820506
|switch|p2a: Miraidon|Miraidon, L50|100/100
|-activate|p2a: Miraidon|ability: Hadron Engine
|turn|3
|
|t:|1750820526
|switch|p1a: Miraidon|Miraidon, L50|100/100
|-activate|p1a: Miraidon|ability: Hadron Engine
|-terastallize|p2a: Miraidon|Electric
|move|p2b: Urshifu|Detect|p2b: Urshifu
|-singleturn|p2b: Urshifu|Protect
|move|p1b: Urshifu|Detect|p1b: Urshifu
|-singleturn|p1b: Urshifu|Protect
|move|p2a: Miraidon|Discharge|p1b: Urshifu|[spread] p1a
|-activate|p2b: Urshifu|move: Protect
|-activate|p1b: Urshifu|move: Protect
|-resisted|p1a: Miraidon
|-damage|p1a: Miraidon|76/100
|
|upkeep
|turn|4
|inactive|dingdanglin has 30 seconds left.
|inactive|burkette has 30 seconds left.
|inactive|dingdanglin has 20 seconds left.
|inactive|dingdanglin has 15 seconds left.
|inactive|dingdanglin has 10 seconds left.
|
|t:|1750820575
|switch|p2a: Iron Crown|Iron Crown, L50|81/100
|-activate|p2a: Iron Crown|ability: Quark Drive
|-start|p2a: Iron Crown|quarkdrivespa
|move|p1b: Urshifu|Aqua Jet|p2a: Iron Crown
|-damage|p2a: Iron Crown|50/100
|move|p1a: Miraidon|Volt Switch|p2b: Urshifu
|-supereffective|p2b: Urshifu
|-enditem|p2b: Urshifu|Focus Sash
|-damage|p2b: Urshifu|1/100
|
|t:|1750820589
|switch|p1a: Calyrex|Calyrex-Ice, L50, tera:Fire|35/100|[from] Volt Switch
|-ability|p1a: Calyrex|As One
|-ability|p1a: Calyrex|Unnerve
|move|p2b: Urshifu|U-turn|p1a: Calyrex
|-resisted|p1a: Calyrex
|-damage|p1a: Calyrex|28/100
|
|t:|1750820598
|switch|p2b: Miraidon|Miraidon, L50, tera:Electric|100/100|[from] U-turn
|-activate|p2b: Miraidon|ability: Hadron Engine
|
|-heal|p1a: Calyrex|34/100|[from] item: Leftovers
|upkeep
|turn|5
|
|t:|1750820621
|move|p1b: Urshifu|Detect|p1b: Urshifu
|-singleturn|p1b: Urshifu|Protect
|move|p1a: Calyrex|Protect|p1a: Calyrex
|-singleturn|p1a: Calyrex|Protect
|move|p2b: Miraidon|Electro Drift|p1a: Calyrex
|-activate|p1a: Calyrex|move: Protect
|move|p2a: Iron Crown|Volt Switch|p1b: Urshifu
|-activate|p1b: Urshifu|move: Protect
|
|-heal|p1a: Calyrex|40/100|[from] item: Leftovers
|upkeep
|turn|6
|inactive|dingdanglin has 30 seconds left.
|inactive|dingdanglin has 20 seconds left.
|inactive|dingdanglin has 15 seconds left.
|inactive|dingdanglin has 10 seconds left.
|
|t:|1750820670
|switch|p1a: Miraidon|Miraidon, L50|76/100
|-activate|p1a: Miraidon|ability: Hadron Engine
|move|p1b: Urshifu|Detect||[still]
|-fail|p1b: Urshifu
|move|p2b: Miraidon|Electro Drift|p1a: Miraidon
|-resisted|p1a: Miraidon
|-damage|p1a: Miraidon|35/100
|move|p2a: Iron Crown|Volt Switch|p1b: Urshifu
|-supereffective|p1b: Urshifu
|-damage|p1b: Urshifu|0 fnt
|faint|p1b: Urshifu
|-damage|p2a: Iron Crown|40/100|[from] item: Life Orb
|
|t:|1750820687
|-end|p2a: Iron Crown|Quark Drive|[silent]
|switch|p2a: Urshifu|Urshifu-Rapid-Strike, L50, F|1/100|[from] Volt Switch
|
|-fieldend|move: Electric Terrain
|upkeep
|
|t:|1750820692
|switch|p1b: Calyrex|Calyrex-Ice, L50, tera:Fire|40/100
|-ability|p1b: Calyrex|As One
|-ability|p1b: Calyrex|Unnerve
|turn|7
|inactive|dingdanglin has 30 seconds left.
|
|t:|1750820723
|move|p1a: Miraidon|Dazzling Gleam|p2b: Miraidon|[spread] p2a,p2b
|-supereffective|p2a: Urshifu
|-damage|p2a: Urshifu|0 fnt
|-damage|p2b: Miraidon|71/100
|faint|p2a: Urshifu
|move|p2b: Miraidon|Electro Drift|p1a: Miraidon
|-resisted|p1a: Miraidon
|-damage|p1a: Miraidon|10/100
|move|p1b: Calyrex|Trick Room|p1b: Calyrex
|-fieldstart|move: Trick Room|[of] p1b: Calyrex
|
|-heal|p1b: Calyrex|45/100|[from] item: Leftovers
|upkeep
|
|t:|1750820734
|switch|p2a: Iron Crown|Iron Crown, L50|40/100
|turn|8
|inactive|dingdanglin has 30 seconds left.
|inactive|burkette has 30 seconds left.
|
|t:|1750820769
|move|p1b: Calyrex|Leech Seed|p2a: Iron Crown
|-start|p2a: Iron Crown|move: Leech Seed
|move|p2a: Iron Crown|Tachyon Cutter|p1a: Miraidon
|-resisted|p1a: Miraidon
|-damage|p1a: Miraidon|0 fnt
|faint|p1a: Miraidon
|-hitcount|p1: Miraidon|1
|-damage|p2a: Iron Crown|31/100|[from] item: Life Orb
|move|p2b: Miraidon|Electro Drift|p1b: Calyrex
|-damage|p1b: Calyrex|0 fnt
|faint|p1b: Calyrex
|
|win|burkette
|raw|dingdanglin's rating: 1302 &rarr; <strong>1282</strong><br />(-20 for losing)
|raw|burkette's rating: 1299 &rarr; <strong>1324</strong><br />(+25 for winning)
|l|☆dingdanglin
|player|p1|
|c|☆burkette|no lance?
|l|☆burkette
|player|p2|
