|j|☆BlznFrnzy
|j|☆shuijun3烈空坐侠
|t:|1750740556
|gametype|doubles
|player|p1|BlznFrnzy|170|1424
|player|p2|shuijun3烈空坐侠|iono|1405
|teamsize|p1|6
|teamsize|p2|6
|gen|9
|tier|[Gen 9] VGC 2025 Reg I
|rated|
|rule|Species Clause: Limit one of each Pokémon
|rule|Item Clause: Limit 1 of each item
|clearpoke
|poke|p1|Lunala, L50|
|poke|p1|Indeedee-F, L50, F|
|poke|p1|Calyrex-Ice, L50|
|poke|p1|Incineroar, L50, F|
|poke|p1|Ursaluna, L50, M|
|poke|p1|Torkoal, L50, F|
|poke|p2|Zamazenta-*, L50|
|poke|p2|Kyogre, L50|
|poke|p2|Cresselia, L50, F|
|poke|p2|Incineroar, L50, M|
|poke|p2|Dragonite, L50, M|
|poke|p2|Ursaluna, L50, M|
|teampreview|4
BlznFrnzy rejected open team sheets.
|
|t:|1750740581
|start
|switch|p1a: Lunala|Lunala, L50, shiny|100/100
|switch|p1b: Indeedee|Indeedee-F, L50, F|100/100
|switch|p2a: Incineroar|Incineroar, L50, M|100/100
|switch|p2b: Cresselia|Cresselia, L50, F|100/100
|-fieldstart|move: Psychic Terrain|[from] ability: Psychic Surge|[of] p1b: Indeedee
|-ability|p2a: Incineroar|Intimidate|boost
|-unboost|p1a: Lunala|atk|1
|-unboost|p1b: Indeedee|atk|1
|turn|1
|
|t:|1750740608
|switch|p2b: Ursaluna|Ursaluna, L50, M|100/100
|-terastallize|p1a: Lunala|Fairy
|move|p1b: Indeedee|Follow Me|p1b: Indeedee
|-singleturn|p1b: Indeedee|move: Follow Me
|move|p1a: Lunala|Moongeist Beam|p2b: Ursaluna
|-immune|p2b: Ursaluna
|move|p2a: Incineroar|U-turn|p1b: Indeedee
|-supereffective|p1b: Indeedee
|-damage|p1b: Indeedee|69/100
|-damage|p2a: Incineroar|84/100|[from] item: Rocky Helmet|[of] p1b: Indeedee
|
|t:|1750740621
|switch|p2a: Cresselia|Cresselia, L50, F|100/100|[from] U-turn
|
|-status|p2b: Ursaluna|brn|[from] item: Flame Orb
|upkeep
|turn|2
|
|t:|1750740634
|switch|p1b: Torkoal|Torkoal, L50, F|100/100
|-weather|SunnyDay|[from] ability: Drought|[of] p1b: Torkoal
|move|p1a: Lunala|Wide Guard|p1a: Lunala
|-singleturn|p1a: Lunala|Wide Guard
|move|p2a: Cresselia|Ally Switch|p2a: Cresselia
|swap|p2a: Cresselia|1|[from] move: Ally Switch
|move|p2a: Ursaluna|Earthquake|p1a: Lunala|[spread] 
|-activate|p1a: Lunala|move: Wide Guard
|-activate|p1b: Torkoal|move: Wide Guard
|-immune|p2b: Cresselia|[from] ability: Levitate
|
|-weather|SunnyDay|[upkeep]
|-damage|p2a: Ursaluna|95/100 brn|[from] brn
|upkeep
|turn|3
|
|t:|1750740656
|switch|p2b: Incineroar|Incineroar, L50, M|84/100
|-ability|p2b: Incineroar|Intimidate|boost
|-unboost|p1a: Lunala|atk|1
|-unboost|p1b: Torkoal|atk|1
|move|p1a: Lunala|Expanding Force|p2a: Ursaluna|[spread] p2a
|-immune|p2b: Incineroar
|-damage|p2a: Ursaluna|36/100 brn
|move|p2a: Ursaluna|Facade|p1a: Lunala
|-damage|p1a: Lunala|46/100
|move|p1b: Torkoal|Eruption|p2b: Incineroar|[spread] p2a,p2b
|-resisted|p2b: Incineroar
|-damage|p2a: Ursaluna|0 fnt
|-damage|p2b: Incineroar|49/100
|faint|p2a: Ursaluna
|
|-weather|SunnyDay|[upkeep]
|-heal|p1a: Lunala|53/100|[from] item: Leftovers
|upkeep
|
|t:|1750740671
|switch|p2a: Kyogre|Kyogre, L50|100/100
|-weather|RainDance|[from] ability: Drizzle|[of] p2a: Kyogre
|turn|4
|
|t:|1750740696
|switch|p1b: Indeedee|Indeedee-F, L50, F|69/100
|move|p2a: Kyogre|Water Spout|p1b: Indeedee|[spread] p1a,p1b
|-damage|p1a: Lunala|0 fnt
|-damage|p1b: Indeedee|0 fnt
|faint|p1a: Lunala
|faint|p1b: Indeedee
|move|p2b: Incineroar|Knock Off|p1: Lunala|[notarget]
|-fail|p2b: Incineroar
|
|-weather|RainDance|[upkeep]
|upkeep
|
|t:|1750740704
|switch|p1a: Torkoal|Torkoal, L50, F|100/100
|switch|p1b: Ursaluna|Ursaluna, L50, M|100/100
|-weather|SunnyDay|[from] ability: Drought|[of] p1a: Torkoal
|turn|5
|
|t:|1750740724
|move|p2a: Kyogre|Protect|p2a: Kyogre
|-singleturn|p2a: Kyogre|Protect
|move|p2b: Incineroar|U-turn|p1b: Ursaluna
|-damage|p1b: Ursaluna|88/100
|
|t:|1750740729
|switch|p2b: Cresselia|Cresselia, L50, F|100/100|[from] U-turn
|move|p1b: Ursaluna|Facade|p2a: Kyogre
|-activate|p2a: Kyogre|move: Protect
|move|p1a: Torkoal|Earth Power|p2b: Cresselia
|-immune|p2b: Cresselia|[from] ability: Levitate
|
|-weather|SunnyDay|[upkeep]
|-fieldend|move: Psychic Terrain
|-status|p1b: Ursaluna|brn|[from] item: Flame Orb
|upkeep
|turn|6
|-message|BlznFrnzy forfeited.
|
|win|shuijun3烈空坐侠
|raw|BlznFrnzy's rating: 1424 &rarr; <strong>1403</strong><br />(-21 for losing)
|raw|shuijun3烈空坐侠's rating: 1405 &rarr; <strong>1426</strong><br />(+21 for winning)
|l|☆BlznFrnzy
|player|p1|
|l|☆shuijun3烈空坐侠
|player|p2|
