|j|☆yufish123
|j|☆lpelpe
|t:|1750861155
|gametype|doubles
|player|p1|yufish123|170|1474
|player|p2|lpelpe|102|1408
|teamsize|p1|6
|teamsize|p2|6
|gen|9
|tier|[Gen 9] VGC 2025 Reg I
|rated|
|rule|Species Clause: Limit one of each Pokémon
|rule|Item Clause: Limit 1 of each item
|clearpoke
|poke|p1|Tornadus, L50, M|
|poke|p1|Farigiraf, L50, F|
|poke|p1|Urshifu-*, L50, M|
|poke|p1|Kyogre, L50|
|poke|p1|Zacian-*, L50|
|poke|p1|Rillaboom, L50, M|
|poke|p2|Indeedee-F, L50, F|
|poke|p2|Urshifu-*, L50, F|
|poke|p2|Calyrex-Ice, L50|
|poke|p2|Reshiram, L50|
|poke|p2|Ursaluna-Bloodmoon, L50, M|
|poke|p2|Armarouge, L50, F|
|teampreview|4
|inactive|Battle timer is ON: inactive players will automatically lose when time's up. (requested by lpelpe)
yufish123 rejected open team sheets.
|inactive|lpelpe has 60 seconds left.
|
|t:|1750861206
|start
|switch|p1a: Farigiraf|Farigiraf, L50, F|100/100
|switch|p1b: Zacian|Zacian-Crowned, L50|100/100
|switch|p2a: Indeedee|Indeedee-F, L50, F|100/100
|switch|p2b: Calyrex|Calyrex-Ice, L50|100/100
|-ability|p2b: Calyrex|As One
|-ability|p2b: Calyrex|Unnerve
|-ability|p1b: Zacian|Intrepid Sword|boost
|-boost|p1b: Zacian|atk|1
|-fieldstart|move: Psychic Terrain|[from] ability: Psychic Surge|[of] p2a: Indeedee
|turn|1
|
|t:|1750861230
|move|p1a: Farigiraf|Helping Hand|p1b: Zacian
|-singleturn|p1b: Zacian|Helping Hand|[of] p1a: Farigiraf
|move|p2a: Indeedee|Follow Me|p2a: Indeedee
|-singleturn|p2a: Indeedee|move: Follow Me
|move|p1b: Zacian|Behemoth Blade|p2a: Indeedee
|-damage|p2a: Indeedee|0 fnt
|faint|p2a: Indeedee
|move|p2b: Calyrex|Leech Seed|p1b: Zacian
|-start|p1b: Zacian|move: Leech Seed
|
|-damage|p1b: Zacian|88/100|[from] Leech Seed|[of] p2b: Calyrex
|upkeep
|
|t:|1750861238
|switch|p2a: Urshifu|Urshifu-Rapid-Strike, L50, F|100/100
|turn|2
|
|t:|1750861261
|-terastallize|p2b: Calyrex|Dragon
|move|p1b: Zacian|Play Rough|p2a: Urshifu
|-supereffective|p2a: Urshifu
|-damage|p2a: Urshifu|0 fnt
|faint|p2a: Urshifu
|move|p1a: Farigiraf|Dazzling Gleam|p2b: Calyrex
|-supereffective|p2b: Calyrex
|-damage|p2b: Calyrex|73/100
|move|p2b: Calyrex|Trick Room|p2b: Calyrex
|-fieldstart|move: Trick Room|[of] p2b: Calyrex
|
|-damage|p1b: Zacian|75/100|[from] Leech Seed|[of] p2b: Calyrex
|-heal|p2b: Calyrex|84/100|[silent]
|upkeep
|
|t:|1750861266
|switch|p2a: Ursaluna|Ursaluna-Bloodmoon, L50, M|100/100
|turn|3
|
|t:|1750861282
|switch|p1b: Urshifu|Urshifu, L50, M|100/100
|move|p2a: Ursaluna|Earth Power|p1b: Urshifu
|-damage|p1b: Urshifu|0 fnt
|faint|p1b: Urshifu
|-damage|p2a: Ursaluna|91/100|[from] item: Life Orb
|move|p2b: Calyrex|Glacial Lance|p1a: Farigiraf
|-damage|p1a: Farigiraf|23/100
|move|p1a: Farigiraf|Trick Room|p1a: Farigiraf
|-fieldend|move: Trick Room
|
|upkeep
|
|t:|1750861292
|switch|p1b: Kyogre|Kyogre, L50|100/100
|-weather|RainDance|[from] ability: Drizzle|[of] p1b: Kyogre
|turn|4
|inactive|lpelpe has 30 seconds left.
|
|t:|1750861318
|-terastallize|p1b: Kyogre|Water
|move|p1a: Farigiraf|Helping Hand|p1b: Kyogre
|-singleturn|p1b: Kyogre|Helping Hand|[of] p1a: Farigiraf
|move|p2a: Ursaluna|Protect|p2a: Ursaluna
|-singleturn|p2a: Ursaluna|Protect
|move|p1b: Kyogre|Water Spout|p2a: Ursaluna|[spread] p2b
|-activate|p2a: Ursaluna|move: Protect
|-resisted|p2b: Calyrex
|-damage|p2b: Calyrex|0 fnt
|-enditem|p1a: Farigiraf|Sitrus Berry|[eat]
|-heal|p1a: Farigiraf|48/100|[from] item: Sitrus Berry
|faint|p2b: Calyrex
|
|-weather|RainDance|[upkeep]
|upkeep
|turn|5
|-message|lpelpe forfeited.
|
|win|yufish123
|raw|yufish123's rating: 1474 &rarr; <strong>1490</strong><br />(+16 for winning)
|raw|lpelpe's rating: 1408 &rarr; <strong>1392</strong><br />(-16 for losing)
|l|☆lpelpe
|player|p2|
|l|☆yufish123
|player|p1|
