|j|☆maxtao222
|j|☆xxcaptainarchiexx
|t:|1750860484
|gametype|doubles
|player|p1|maxtao222|1|1464
|player|p2|xxcaptainarchiexx|265|1432
|teamsize|p1|6
|teamsize|p2|6
|gen|9
|tier|[Gen 9] VGC 2025 Reg I
|rated|
|rule|Species Clause: Limit one of each Pokémon
|rule|Item Clause: Limit 1 of each item
|clearpoke
|poke|p1|Amoonguss, L50, F|
|poke|p1|Calyrex-Ice, L50|
|poke|p1|Kyogre, L50|
|poke|p1|Flutter Mane, L50|
|poke|p1|Basculegion, L50, M|
|poke|p1|Scraggy, L50, F|
|poke|p2|Calyrex-Ice, L50|
|poke|p2|Miraidon, L50|
|poke|p2|Grimmsnarl, L50, M|
|poke|p2|Urshifu-*, L50, F|
|poke|p2|Incineroar, L50, F|
|poke|p2|Landorus, L50, M|
|teampreview|4
|inactive|Battle timer is ON: inactive players will automatically lose when time's up. (requested by xxcaptainarchiexx)
maxtao222 rejected open team sheets.
|inactive|xxcaptainarchiexx has 60 seconds left.
|
|t:|1750860514
|start
|switch|p1a: Scraggy|Scraggy, L50, F|100/100
|switch|p1b: Calyrex|Calyrex-Ice, L50|100/100
|switch|p2a: Miraidon|Miraidon, L50|100/100
|switch|p2b: Grimmsnarl|Grimmsnarl, L50, M|100/100
|-ability|p1b: Calyrex|As One
|-ability|p1b: Calyrex|Unnerve
|-fieldstart|move: Electric Terrain|[from] ability: Hadron Engine|[of] p2a: Miraidon
|-ability|p1a: Scraggy|Intimidate|boost
|-unboost|p2a: Miraidon|atk|1
|-unboost|p2b: Grimmsnarl|atk|1
|turn|1
|
|t:|1750860532
|-terastallize|p2a: Miraidon|Fairy
|move|p1a: Scraggy|Fake Out|p2a: Miraidon
|-damage|p2a: Miraidon|94/100
|move|p2b: Grimmsnarl|Reflect|p2b: Grimmsnarl
|-sidestart|p2: xxcaptainarchiexx|Reflect
|cant|p2a: Miraidon|flinch
|move|p1b: Calyrex|Trick Room|p1b: Calyrex
|-fieldstart|move: Trick Room|[of] p1b: Calyrex
|
|upkeep
|turn|2
|
|t:|1750860548
|move|p1a: Scraggy|Coaching|p1b: Calyrex
|-boost|p1b: Calyrex|atk|1
|-boost|p1b: Calyrex|def|1
|move|p1b: Calyrex|Glacial Lance|p2a: Miraidon|[spread] p2a,p2b
|-damage|p2a: Miraidon|55/100
|-damage|p2b: Grimmsnarl|53/100
|move|p2b: Grimmsnarl|Spirit Break|p1a: Scraggy
|-supereffective|p1a: Scraggy
|-damage|p1a: Scraggy|30/100
|-unboost|p1a: Scraggy|spa|1
|move|p2a: Miraidon|Electro Drift|p1b: Calyrex
|-damage|p1b: Calyrex|25/100
|
|-heal|p1b: Calyrex|31/100|[from] item: Leftovers
|upkeep
|turn|3
|
|t:|1750860570
|move|p1a: Scraggy|Endeavor|p2a: Miraidon
|-damage|p2a: Miraidon|19/100
|move|p1b: Calyrex|Glacial Lance|p2b: Grimmsnarl|[spread] p2a,p2b
|-crit|p2b: Grimmsnarl
|-damage|p2a: Miraidon|0 fnt
|-damage|p2b: Grimmsnarl|0 fnt
|faint|p2a: Miraidon
|faint|p2b: Grimmsnarl
|-ability|p1b: Calyrex|Chilling Neigh|boost
|-boost|p1b: Calyrex|atk|2
|
|-heal|p1b: Calyrex|37/100|[from] item: Leftovers
|upkeep
|
|t:|1750860578
|switch|p2b: Urshifu|Urshifu-Rapid-Strike, L50, F|100/100
|switch|p2a: Calyrex|Calyrex-Ice, L50|100/100
|-ability|p2a: Calyrex|As One
|-ability|p2a: Calyrex|Unnerve
|turn|4
|inactive|maxtao222 has 30 seconds left.
|
|t:|1750860608
|move|p2b: Urshifu|Aqua Jet|p1b: Calyrex
|-damage|p1b: Calyrex|25/100
|move|p1a: Scraggy|Endeavor|p2a: Calyrex
|-damage|p2a: Calyrex|18/100
|move|p1b: Calyrex|Glacial Lance|p2b: Urshifu|[spread] p2a,p2b
|-resisted|p2a: Calyrex
|-resisted|p2b: Urshifu
|-crit|p2b: Urshifu
|-damage|p2a: Calyrex|0 fnt
|-damage|p2b: Urshifu|12/100
|faint|p2a: Calyrex
|-ability|p1b: Calyrex|Chilling Neigh|boost
|-boost|p1b: Calyrex|atk|1
|
|-heal|p1b: Calyrex|31/100|[from] item: Leftovers
|upkeep
|turn|5
|-message|xxcaptainarchiexx forfeited.
|
|win|maxtao222
|raw|maxtao222's rating: 1464 &rarr; <strong>1482</strong><br />(+18 for winning)
|raw|xxcaptainarchiexx's rating: 1432 &rarr; <strong>1414</strong><br />(-18 for losing)
|l|☆xxcaptainarchiexx
|player|p2|
|l|☆maxtao222
|player|p1|
