|j|☆relusa
|j|☆houndoomscroll
|t:|1750749639
|gametype|doubles
|player|p1|relusa|dawn-gen4pt|1198
|player|p2|houndoomscroll|265|1119
|teamsize|p1|6
|teamsize|p2|5
|gen|9
|tier|[Gen 9] VGC 2025 Reg I
|rated|
|rule|Species Clause: Limit one of each Pokémon
|rule|Item Clause: Limit 1 of each item
|clearpoke
|poke|p1|Calyrex-Shadow, L50|
|poke|p1|Zamazenta-*, L50|
|poke|p1|Amoonguss, L50, F|
|poke|p1|Incineroar, L50, F|
|poke|p1|Raging Bolt, L50|
|poke|p1|Urshifu-*, L50, F|
|poke|p2|Calyrex-Ice, L50|
|poke|p2|Kyurem-White, L50|
|poke|p2|Ninetales-Alola, L50, F|
|poke|p2|Incineroar, L50, F|
|poke|p2|Blastoise, L50, M|
|teampreview|4
|inactive|Battle timer is ON: inactive players will automatically lose when time's up. (requested by houndoomscroll)
|inactive|relusa has 60 seconds left.
|
|t:|1750749674
|start
|switch|p1a: 武道熊师|Urshifu-Rapid-Strike, L50, F|100/100
|switch|p1b: 炽焰咆哮虎|Incineroar, L50, F|100/100
|switch|p2a: Calyrex|Calyrex-Ice, L50|100/100
|switch|p2b: Ninetales|Ninetales-Alola, L50, F|100/100
|-ability|p2a: Calyrex|As One
|-ability|p2a: Calyrex|Unnerve
|-weather|Snowscape|[from] ability: Snow Warning|[of] p2b: Ninetales
|-ability|p1b: 炽焰咆哮虎|Intimidate|boost
|-unboost|p2a: Calyrex|atk|1
|-unboost|p2b: Ninetales|atk|1
|-enditem|p2a: Calyrex|White Herb
|-clearnegativeboost|p2a: Calyrex|[silent]
|turn|1
|
|t:|1750749698
|-terastallize|p1a: 武道熊师|Water
|move|p1b: 炽焰咆哮虎|Fake Out|p2a: Calyrex
|-damage|p2a: Calyrex|96/100
|move|p1a: 武道熊师|Surging Strikes|p2b: Ninetales
|-crit|p2b: Ninetales
|-damage|p2b: Ninetales|68/100
|-crit|p2b: Ninetales
|-damage|p2b: Ninetales|39/100
|-crit|p2b: Ninetales
|-damage|p2b: Ninetales|5/100
|-hitcount|p2b: Ninetales|3
|move|p2b: Ninetales|Encore|p1b: 炽焰咆哮虎
|-start|p1b: 炽焰咆哮虎|Encore
|cant|p2a: Calyrex|flinch
|
|-weather|Snowscape|[upkeep]
|upkeep
|turn|2
|inactive|relusa has 30 seconds left.
|inactive|relusa has 20 seconds left.
|
|t:|1750749737
|switch|p1b: 藏玛然特|Zamazenta-Crowned, L50|100/100
|-ability|p1b: 藏玛然特|Dauntless Shield|boost
|-boost|p1b: 藏玛然特|def|1
|move|p1a: 武道熊师|Surging Strikes|p2b: Ninetales
|-crit|p2b: Ninetales
|-damage|p2b: Ninetales|0 fnt
|faint|p2b: Ninetales
|-hitcount|p2: Ninetales|1
|move|p2a: Calyrex|Trick Room|p2a: Calyrex
|-fieldstart|move: Trick Room|[of] p2a: Calyrex
|
|-weather|Snowscape|[upkeep]
|upkeep
|
|t:|1750749747
|switch|p2b: Blastoise|Blastoise, L50, M|100/100
|turn|3
|
|t:|1750749765
|move|p1b: 藏玛然特|Protect|p1b: 藏玛然特
|-singleturn|p1b: 藏玛然特|Protect
|move|p2a: Calyrex|Glacial Lance|p1b: 藏玛然特|[spread] p1a
|-activate|p1b: 藏玛然特|move: Protect
|-resisted|p1a: 武道熊师
|-damage|p1a: 武道熊师|70/100
|move|p2b: Blastoise|Mist|p2b: Blastoise
|-sidestart|p2: houndoomscroll|Mist
|move|p1a: 武道熊师|Surging Strikes|p2a: Calyrex
|-crit|p2a: Calyrex
|-damage|p2a: Calyrex|83/100
|-crit|p2a: Calyrex
|-damage|p2a: Calyrex|71/100
|-crit|p2a: Calyrex
|-damage|p2a: Calyrex|57/100
|-hitcount|p2a: Calyrex|3
|
|-weather|Snowscape|[upkeep]
|upkeep
|turn|4
|inactive|relusa has 30 seconds left.
|inactive|houndoomscroll has 30 seconds left.
|
|t:|1750749795
|-terastallize|p2b: Blastoise|Ice
|move|p1b: 藏玛然特|Wide Guard|p1b: 藏玛然特
|-singleturn|p1b: 藏玛然特|Wide Guard
|move|p2a: Calyrex|Glacial Lance|p1a: 武道熊师|[spread] 
|-activate|p1a: 武道熊师|move: Wide Guard
|-activate|p1b: 藏玛然特|move: Wide Guard
|move|p2b: Blastoise|Blizzard|p1a: 武道熊师|[spread] 
|-activate|p1a: 武道熊师|move: Wide Guard
|-activate|p1b: 藏玛然特|move: Wide Guard
|move|p1a: 武道熊师|Surging Strikes|p2a: Calyrex
|-crit|p2a: Calyrex
|-damage|p2a: Calyrex|44/100
|-crit|p2a: Calyrex
|-damage|p2a: Calyrex|32/100
|-crit|p2a: Calyrex
|-damage|p2a: Calyrex|19/100
|-hitcount|p2a: Calyrex|3
|
|-weather|Snowscape|[upkeep]
|upkeep
|turn|5
|inactive|relusa has 30 seconds left.
|inactive|houndoomscroll has 30 seconds left.
|
|t:|1750749830
|switch|p1a: 炽焰咆哮虎|Incineroar, L50, F|100/100
|-ability|p1a: 炽焰咆哮虎|Intimidate|boost
|-activate|p2a: Calyrex|move: Mist
|-activate|p2b: Blastoise|move: Mist
|move|p1b: 藏玛然特|Protect||[still]
|-fail|p1b: 藏玛然特
|move|p2a: Calyrex|High Horsepower|p1b: 藏玛然特
|-supereffective|p1b: 藏玛然特
|-damage|p1b: 藏玛然特|66/100
|move|p2b: Blastoise|Shell Smash|p2b: Blastoise
|-unboost|p2b: Blastoise|def|1
|-unboost|p2b: Blastoise|spd|1
|-boost|p2b: Blastoise|atk|2
|-boost|p2b: Blastoise|spa|2
|-boost|p2b: Blastoise|spe|2
|
|-weather|Snowscape|[upkeep]
|upkeep
|turn|6
|inactive|relusa has 30 seconds left.
|inactive|relusa has 20 seconds left.
|inactive|relusa has 15 seconds left.
|inactive|relusa has 10 seconds left.
|
|t:|1750749878
|move|p2a: Calyrex|Protect|p2a: Calyrex
|-singleturn|p2a: Calyrex|Protect
|move|p1b: 藏玛然特|Wide Guard|p1b: 藏玛然特
|-singleturn|p1b: 藏玛然特|Wide Guard
|move|p1a: 炽焰咆哮虎|Flare Blitz|p2b: Blastoise
|-supereffective|p2b: Blastoise
|-damage|p2b: Blastoise|0 fnt
|faint|p2b: Blastoise
|-damage|p1a: 炽焰咆哮虎|75/100|[from] Recoil
|
|-weather|Snowscape|[upkeep]
|-fieldend|move: Trick Room
|upkeep
|
|t:|1750749888
|switch|p2b: Kyurem|Kyurem-White, L50|100/100
|-ability|p2b: Kyurem|Turboblaze
|turn|7
|inactive|relusa has 30 seconds left.
|inactive|relusa has 20 seconds left.
|
|t:|1750749924
|move|p2b: Kyurem|Earth Power|p1a: 炽焰咆哮虎
|-supereffective|p1a: 炽焰咆哮虎
|-damage|p1a: 炽焰咆哮虎|0 fnt
|faint|p1a: 炽焰咆哮虎
|move|p1b: 藏玛然特|Body Press|p2b: Kyurem
|-supereffective|p2b: Kyurem
|-damage|p2b: Kyurem|13/100
|move|p2a: Calyrex|Glacial Lance|p1b: 藏玛然特
|-resisted|p1b: 藏玛然特
|-damage|p1b: 藏玛然特|51/100
|
|-weather|Snowscape|[upkeep]
|-sideend|p2: houndoomscroll|Mist
|upkeep
|
|t:|1750749936
|switch|p1a: 蕾冠王|Calyrex-Shadow, L50|100/100
|-ability|p1a: 蕾冠王|As One
|-ability|p1a: 蕾冠王|Unnerve
|turn|8
|
|t:|1750749952
|move|p2a: Calyrex|Protect|p2a: Calyrex
|-singleturn|p2a: Calyrex|Protect
|move|p1b: 藏玛然特|Wide Guard|p1b: 藏玛然特
|-singleturn|p1b: 藏玛然特|Wide Guard
|move|p1a: 蕾冠王|Astral Barrage|p2b: Kyurem|[spread] p2b
|-activate|p2a: Calyrex|move: Protect
|-damage|p2b: Kyurem|0 fnt
|faint|p2b: Kyurem
|-ability|p1a: 蕾冠王|Grim Neigh|boost
|-boost|p1a: 蕾冠王|spa|1
|
|-weather|none
|upkeep
|turn|9
|-message|houndoomscroll forfeited.
|
|win|relusa
|raw|relusa's rating: 1198 &rarr; <strong>1217</strong><br />(+19 for winning)
|raw|houndoomscroll's rating: 1119 &rarr; <strong>1100</strong><br />(-19 for losing)
|l|☆houndoomscroll
|player|p2|
