|j|☆Tiranossauro
|j|☆orewayuji
|t:|1750779597
|gametype|doubles
|player|p1|Tiranossauro|pokemaniac|
|player|p2|orewayuji|hilbert|
|teamsize|p1|6
|teamsize|p2|6
|gen|9
|tier|[Gen 9] VGC 2025 Reg I
|rated|Tournament battle
|rule|Species Clause: Limit one of each Pokémon
|rule|Item Clause: Limit 1 of each item
|raw|<div class="infobox"><details class="readmore" open><summary><strong>2 custom rules:</strong></summary> Force Open Team Sheets, !Open Team Sheets</details></div>
|clearpoke
|poke|p1|Tornadus, L50, M|
|poke|p1|Chien-Pao, L50|
|poke|p1|Zamazenta-*, L50|
|poke|p1|Kyogre, L50|
|poke|p1|Landorus, L50, M|
|poke|p1|Urshifu-*, L50, M|
|poke|p2|Calyrex-Ice, L50|
|poke|p2|Torkoal, L50, F|
|poke|p2|Indeedee-F, L50, F|
|poke|p2|Smeargle, L50, M|
|poke|p2|Miraidon, L50|
|poke|p2|Urshifu-*, L50, F|
|teampreview|4
|showteam|p1|Tornadus||CovertCloak|Prankster|Tailwind,BleakwindStorm,RainDance,Taunt|||M|||50|,,,,,Dark]Chien-Pao||FocusSash|SwordofRuin|SuckerPunch,Protect,IcicleCrash,Crunch||||||50|,,,,,Grass]Zamazenta-Crowned||RustedShield|DauntlessShield|BodyPress,HeavySlam,Protect,WideGuard||||||50|,,,,,Dragon]Kyogre||AssaultVest|Drizzle|WaterSpout,OriginPulse,Thunder,IceBeam||||||50|,,,,,Grass]Landorus||LifeOrb|SheerForce|EarthPower,SandsearStorm,SludgeBomb,Protect|||M|||50|,,,,,Water]Urshifu-Rapid-Strike||ChoiceScarf|UnseenFist|AquaJet,CloseCombat,SurgingStrikes,Uturn|||M|||50|,,,,,Ghost
|showteam|p2|Calyrex-Ice||ClearAmulet|AsOneGlastrier|GlacialLance,TrickRoom,Taunt,HighHorsepower||||||50|,,,,,Fairy]Torkoal||ChoiceSpecs|Drought|WeatherBall,Eruption,HeatWave,EarthPower|||F|||50|,,,,,Fire]Indeedee-F||FocusSash|PsychicSurge|FollowMe,TrickRoom,HealPulse,HelpingHand|||F|||50|,,,,,Psychic]Smeargle||MentalHerb|OwnTempo|FollowMe,TrickRoom,Spore,WideGuard|||M|||50|,,,,,Grass]Miraidon||ChoiceScarf|HadronEngine|VoltSwitch,ElectroDrift,Overheat,Snarl||||||50|,,,,,Electric]Urshifu||LifeOrb|UnseenFist|SuckerPunch,WickedBlow,CloseCombat,Protect|||F|||50|,,,,,Fighting
|inactive|Battle timer is ON: inactive players will automatically lose when time's up. (requested by Tiranossauro)
|j| Ducktile
|j| EndrAsh3000
|
|t:|1750779625
|start
|switch|p1a: Chien-Pao|Chien-Pao, L50|100/100
|switch|p1b: Zamazenta|Zamazenta-Crowned, L50|100/100
|switch|p2a: Ice Rider|Calyrex-Ice, L50|100/100
|switch|p2b: Indeez|Indeedee-F, L50, F, shiny|100/100
|-ability|p2a: Ice Rider|As One
|-ability|p2a: Ice Rider|Unnerve
|-ability|p1a: Chien-Pao|Sword of Ruin
|-ability|p1b: Zamazenta|Dauntless Shield|boost
|-boost|p1b: Zamazenta|def|1
|-fieldstart|move: Psychic Terrain|[from] ability: Psychic Surge|[of] p2b: Indeez
|turn|1
|inactive|Tiranossauro has 30 seconds left.
|
|t:|1750779657
|switch|p1a: Kyogre|Kyogre, L50|100/100
|-weather|RainDance|[from] ability: Drizzle|[of] p1a: Kyogre
|move|p2b: Indeez|Follow Me|p2b: Indeez
|-singleturn|p2b: Indeez|move: Follow Me
|move|p1b: Zamazenta|Body Press|p2b: Indeez
|-enditem|p2b: Indeez|Focus Sash
|-damage|p2b: Indeez|1/100
|move|p2a: Ice Rider|Trick Room|p2a: Ice Rider
|-fieldstart|move: Trick Room|[of] p2a: Ice Rider
|
|-weather|RainDance|[upkeep]
|upkeep
|turn|2
|inactive|orewayuji has 30 seconds left.
|inactive|orewayuji has 20 seconds left.
|inactive|orewayuji has 15 seconds left.
|
|t:|1750779700
|switch|p1a: Chien-Pao|Chien-Pao, L50|100/100
|-ability|p1a: Chien-Pao|Sword of Ruin
|move|p2b: Indeez|Helping Hand|p2a: Ice Rider
|-singleturn|p2a: Ice Rider|Helping Hand|[of] p2b: Indeez
|move|p1b: Zamazenta|Protect|p1b: Zamazenta
|-singleturn|p1b: Zamazenta|Protect
|move|p2a: Ice Rider|High Horsepower|p1a: Chien-Pao
|-damage|p1a: Chien-Pao|6/100
|
|-weather|RainDance|[upkeep]
|upkeep
|turn|3
|inactive|orewayuji has 30 seconds left.
|
|t:|1750779731
|switch|p1a: Landorus|Landorus, L50, M|100/100
|move|p2b: Indeez|Helping Hand|p2a: Ice Rider
|-singleturn|p2a: Ice Rider|Helping Hand|[of] p2b: Indeez
|move|p1b: Zamazenta|Wide Guard|p1b: Zamazenta
|-singleturn|p1b: Zamazenta|Wide Guard
|move|p2a: Ice Rider|High Horsepower|p1b: Zamazenta
|-supereffective|p1b: Zamazenta
|-damage|p1b: Zamazenta|57/100
|
|-weather|RainDance|[upkeep]
|upkeep
|turn|4
|j| pumpkinflame
|j| SupaJello
|l| SupaJello
|inactive|orewayuji has 30 seconds left.
|inactive|orewayuji has 20 seconds left.
|j| pokeveteran04
|inactive|orewayuji has 15 seconds left.
|inactive|orewayuji has 10 seconds left.
|
|t:|1750779776
|-terastallize|p1b: Zamazenta|Dragon
|move|p2b: Indeez|Follow Me|p2b: Indeez
|-singleturn|p2b: Indeez|move: Follow Me
|move|p2a: Ice Rider|Glacial Lance|p1a: Landorus|[spread] p1a,p1b
|-supereffective|p1a: Landorus
|-supereffective|p1b: Zamazenta
|-damage|p1a: Landorus|0 fnt
|-damage|p1b: Zamazenta|13/100
|faint|p1a: Landorus
|-ability|p2a: Ice Rider|Chilling Neigh|boost
|-boost|p2a: Ice Rider|atk|1
|move|p1b: Zamazenta|Body Press|p2b: Indeez
|-damage|p2b: Indeez|0 fnt
|faint|p2b: Indeez
|
|-weather|RainDance|[upkeep]
|upkeep
|
|t:|1750779791
|switch|p2b: Turtle|Torkoal, L50, F, shiny|100/100
|switch|p1a: Chien-Pao|Chien-Pao, L50|6/100
|-weather|SunnyDay|[from] ability: Drought|[of] p2b: Turtle
|-ability|p1a: Chien-Pao|Sword of Ruin
|turn|5
|inactive|Tiranossauro has 30 seconds left.
|inactive|orewayuji has 30 seconds left.
|inactive|orewayuji has 20 seconds left.
|inactive|orewayuji has 15 seconds left.
|
|t:|1750779835
|-terastallize|p2b: Turtle|Fire
|move|p1b: Zamazenta|Protect|p1b: Zamazenta
|-singleturn|p1b: Zamazenta|Protect
|move|p1a: Chien-Pao|Protect|p1a: Chien-Pao
|-singleturn|p1a: Chien-Pao|Protect
|move|p2b: Turtle|Weather Ball|p1a: Chien-Pao
|-activate|p1a: Chien-Pao|move: Protect
|move|p2a: Ice Rider|High Horsepower|p1b: Zamazenta
|-activate|p1b: Zamazenta|move: Protect
|
|-weather|SunnyDay|[upkeep]
|-fieldend|move: Trick Room
|-fieldend|move: Psychic Terrain
|upkeep
|turn|6
|j| N0rthana
|inactive|orewayuji has 30 seconds left.
|
|t:|1750779861
|move|p1a: Chien-Pao|Crunch|p2a: Ice Rider
|-supereffective|p2a: Ice Rider
|-damage|p2a: Ice Rider|24/100
|move|p1b: Zamazenta|Body Press|p2a: Ice Rider
|-damage|p2a: Ice Rider|0 fnt
|faint|p2a: Ice Rider
|move|p2b: Turtle|Weather Ball|p1b: Zamazenta
|-resisted|p1b: Zamazenta
|-damage|p1b: Zamazenta|0 fnt
|faint|p1b: Zamazenta
|
|-weather|SunnyDay|[upkeep]
|upkeep
|j| The Portal Master
|
|t:|1750779872
|switch|p1b: Kyogre|Kyogre, L50|100/100
|switch|p2a: Engine|Miraidon, L50|100/100
|-fieldstart|move: Electric Terrain|[from] ability: Hadron Engine|[of] p2a: Engine
|-weather|RainDance|[from] ability: Drizzle|[of] p1b: Kyogre
|turn|7
|l| N0rthana
|inactive|orewayuji has 30 seconds left.
|
|t:|1750779905
|move|p1a: Chien-Pao|Sucker Punch|p2a: Engine
|-damage|p2a: Engine|60/100
|move|p2a: Engine|Electro Drift|p1b: Kyogre
|-supereffective|p1b: Kyogre
|-damage|p1b: Kyogre|0 fnt
|faint|p1b: Kyogre
|move|p2b: Turtle|Weather Ball|p1a: Chien-Pao
|-damage|p1a: Chien-Pao|0 fnt
|faint|p1a: Chien-Pao
|
|win|orewayuji
|n|☆Tiranossauro|tiranossauro
|n|☆orewayuji|orewayuji
|n| Ducktile|ducktile
|n| EndrAsh3000|endrash3000
|n| pumpkinflame|pumpkinflame
|n| pokeveteran04|pokeveteran04
|n| The Portal Master|theportalmaster
