|j|☆crouton monster
|j|☆donsamuel
|t:|1750711905
|gametype|doubles
|player|p1|crouton monster|170|1134
|player|p2|donsamuel|drayden|1068
|teamsize|p1|6
|teamsize|p2|6
|gen|9
|tier|[Gen 9] VGC 2025 Reg I
|rated|
|rule|Species Clause: Limit one of each Pokémon
|rule|Item Clause: Limit 1 of each item
|clearpoke
|poke|p1|Kyogre, L50|
|poke|p1|Zacian-*, L50|
|poke|p1|Urshifu-*, L50, M|
|poke|p1|Tornadus, L50, M|
|poke|p1|Rillaboom, L50, F|
|poke|p1|Chien-Pao, L50|
|poke|p2|Drifblim, L50, M|
|poke|p2|Rillaboom, L50, M|
|poke|p2|Ogerpon-Hearthflame, L50, F|
|poke|p2|Flutter Mane, L50|
|poke|p2|Krookodile, L50, F|
|poke|p2|Raichu, L50, M|
|teampreview|4
donsamuel has agreed to open team sheets.
|
|t:|1750711942
|start
|switch|p1a: Kyogre|Kyogre, L50|100/100
|switch|p1b: Tornadus|Tornadus, L50, M|100/100
|switch|p2a: Bofe|Drifblim, L50, M|100/100
|switch|p2b: Rillaboom|Rillaboom, L50, M|100/100
|-weather|RainDance|[from] ability: Drizzle|[of] p1a: Kyogre
|-fieldstart|move: Grassy Terrain|[from] ability: Grassy Surge|[of] p2b: Rillaboom
|-enditem|p2a: Bofe|Grassy Seed
|-boost|p2a: Bofe|def|1|[from] item: Grassy Seed
|turn|1
|
|t:|1750711974
|switch|p1a: Rillaboom|Rillaboom, L50, F|100/100
|move|p2b: Rillaboom|Fake Out|p1b: Tornadus
|-damage|p1b: Tornadus|87/100
|move|p2a: Bofe|Tailwind|p2a: Bofe
|-sidestart|p2: donsamuel|move: Tailwind
|cant|p1b: Tornadus|flinch
|
|-weather|RainDance|[upkeep]
|upkeep
|turn|2
|
|t:|1750712005
|switch|p2b: Flutter Mane|Flutter Mane, L50, shiny|100/100
|-enditem|p2b: Flutter Mane|Booster Energy
|-activate|p2b: Flutter Mane|ability: Protosynthesis|[fromitem]
|-start|p2b: Flutter Mane|protosynthesisspa
|move|p2a: Bofe|Acrobatics|p1a: Rillaboom
|-supereffective|p1a: Rillaboom
|-damage|p1a: Rillaboom|20/100
|move|p1a: Rillaboom|U-turn|p2b: Flutter Mane
|-resisted|p2b: Flutter Mane
|-damage|p2b: Flutter Mane|90/100
|
|t:|1750712021
|switch|p1a: Urshifu|Urshifu-Rapid-Strike, L50, M|100/100|[from] U-turn
|move|p1b: Tornadus|Bleakwind Storm|p2b: Flutter Mane|[spread] p2a,p2b
|-damage|p2a: Bofe|71/100
|-damage|p2b: Flutter Mane|58/100
|-unboost|p2b: Flutter Mane|spe|1
|
|-weather|RainDance|[upkeep]
|-heal|p2b: Flutter Mane|64/100|[from] Grassy Terrain
|upkeep
|turn|3
|
|t:|1750712059
|move|p1b: Tornadus|Protect|p1b: Tornadus
|-singleturn|p1b: Tornadus|Protect
|move|p2b: Flutter Mane|Protect|p2b: Flutter Mane
|-singleturn|p2b: Flutter Mane|Protect
|move|p2a: Bofe|Acrobatics|p1a: Urshifu
|-supereffective|p1a: Urshifu
|-damage|p1a: Urshifu|22/100
|move|p1a: Urshifu|Surging Strikes|p2b: Flutter Mane
|-crit|p2b: Flutter Mane
|-damage|p2b: Flutter Mane|0 fnt
|faint|p2b: Flutter Mane
|-end|p2b: Flutter Mane|Protosynthesis|[silent]
|-hitcount|p2: Flutter Mane|1
|
|-weather|RainDance|[upkeep]
|-heal|p1a: Urshifu|28/100|[from] Grassy Terrain
|upkeep
|
|t:|1750712074
|switch|p2b: Rillaboom|Rillaboom, L50, M|100/100
|turn|4
|
|t:|1750712083
|move|p1a: Urshifu|Detect|p1a: Urshifu
|-singleturn|p1a: Urshifu|Protect
|move|p2b: Rillaboom|Fake Out|p1b: Tornadus
|-damage|p1b: Tornadus|73/100
|move|p2a: Bofe|Acrobatics|p1a: Urshifu
|-activate|p1a: Urshifu|move: Protect
|cant|p1b: Tornadus|flinch
|
|-weather|RainDance|[upkeep]
|-heal|p1a: Urshifu|34/100|[from] Grassy Terrain
|-sideend|p2: donsamuel|move: Tailwind
|upkeep
|turn|5
|
|t:|1750712104
|move|p1b: Tornadus|Tailwind|p1b: Tornadus
|-sidestart|p1: crouton monster|move: Tailwind
|move|p2b: Rillaboom|Grassy Glide|p1a: Urshifu
|-supereffective|p1a: Urshifu
|-damage|p1a: Urshifu|0 fnt
|faint|p1a: Urshifu
|move|p2a: Bofe|Tailwind|p2a: Bofe
|-sidestart|p2: donsamuel|move: Tailwind
|
|-weather|none
|-fieldend|move: Grassy Terrain
|upkeep
|
|t:|1750712116
|switch|p1a: Rillaboom|Rillaboom, L50, F|20/100
|-fieldstart|move: Grassy Terrain|[from] ability: Grassy Surge|[of] p1a: Rillaboom
|turn|6
|
|t:|1750712144
|move|p1a: Rillaboom|Fake Out|p2b: Rillaboom
|-damage|p2b: Rillaboom|90/100
|move|p2a: Bofe|Acrobatics|p1a: Rillaboom
|-supereffective|p1a: Rillaboom
|-crit|p1a: Rillaboom
|-damage|p1a: Rillaboom|0 fnt
|faint|p1a: Rillaboom
|move|p1b: Tornadus|Bleakwind Storm|p2b: Rillaboom|[spread] p2a,p2b
|-supereffective|p2b: Rillaboom
|-damage|p2a: Bofe|44/100
|-damage|p2b: Rillaboom|34/100
|cant|p2b: Rillaboom|flinch
|
|-heal|p2b: Rillaboom|40/100|[from] Grassy Terrain
|upkeep
|
|t:|1750712159
|switch|p1a: Kyogre|Kyogre, L50|100/100
|-weather|RainDance|[from] ability: Drizzle|[of] p1a: Kyogre
|turn|7
|
|t:|1750712203
|-terastallize|p1a: Kyogre|Grass
|move|p1b: Tornadus|Protect|p1b: Tornadus
|-singleturn|p1b: Tornadus|Protect
|move|p2b: Rillaboom|Grassy Glide|p1a: Kyogre
|-resisted|p1a: Kyogre
|-damage|p1a: Kyogre|79/100
|move|p2a: Bofe|Strength Sap|p1b: Tornadus
|-activate|p1b: Tornadus|move: Protect
|move|p1a: Kyogre|Origin Pulse|p2b: Rillaboom|[spread] p2a,p2b
|-resisted|p2b: Rillaboom
|-damage|p2a: Bofe|0 fnt
|-damage|p2b: Rillaboom|2/100
|faint|p2a: Bofe
|
|-weather|RainDance|[upkeep]
|-heal|p1a: Kyogre|85/100|[from] Grassy Terrain
|-heal|p2b: Rillaboom|8/100|[from] Grassy Terrain
|upkeep
|
|t:|1750712218
|switch|p2a: Ogerpon|Ogerpon-Hearthflame, L50, F|100/100
|-ability|p2a: Ogerpon|Mold Breaker
|turn|8
|
|t:|1750712245
|-terastallize|p2b: Rillaboom|Grass
|move|p2a: Ogerpon|Spiky Shield|p2a: Ogerpon
|-singleturn|p2a: Ogerpon|move: Protect
|move|p2b: Rillaboom|Grassy Glide|p1b: Tornadus
|-resisted|p1b: Tornadus
|-damage|p1b: Tornadus|48/100
|move|p1b: Tornadus|Bleakwind Storm|p2b: Rillaboom|[spread] p2b
|-activate|p2a: Ogerpon|move: Protect
|-supereffective|p2b: Rillaboom
|-damage|p2b: Rillaboom|0 fnt
|faint|p2b: Rillaboom
|move|p1a: Kyogre|Origin Pulse|p2a: Ogerpon
|-activate|p2a: Ogerpon|move: Protect
|
|-weather|RainDance|[upkeep]
|-heal|p1a: Kyogre|91/100|[from] Grassy Terrain
|-sideend|p1: crouton monster|move: Tailwind
|-sideend|p2: donsamuel|move: Tailwind
|upkeep
|turn|9
|
|t:|1750712276
|move|p1a: Kyogre|Protect|p1a: Kyogre
|-singleturn|p1a: Kyogre|Protect
|move|p1b: Tornadus|Tailwind|p1b: Tornadus
|-sidestart|p1: crouton monster|move: Tailwind
|move|p2a: Ogerpon|Ivy Cudgel|p1b: Tornadus|[anim] Ivy Cudgel Fire
|-damage|p1b: Tornadus|21/100
|
|-weather|RainDance|[upkeep]
|-heal|p1a: Kyogre|97/100|[from] Grassy Terrain
|upkeep
|turn|10
|
|t:|1750712290
|move|p1b: Tornadus|Bleakwind Storm|p2a: Ogerpon
|-supereffective|p2a: Ogerpon
|-damage|p2a: Ogerpon|0 fnt
|faint|p2a: Ogerpon
|
|win|crouton monster
|raw|crouton monster's rating: 1134 &rarr; <strong>1154</strong><br />(+20 for winning)
|raw|donsamuel's rating: 1068 &rarr; <strong>1052</strong><br />(-16 for losing)
