|j|☆yabri
|j|☆KuroiRyu1122
|t:|1750773342
|gametype|doubles
|player|p1|yabri|265|1407
|player|p2|KuroiRyu1122|cilan|1415
|teamsize|p1|6
|teamsize|p2|6
|gen|9
|tier|[Gen 9] VGC 2025 Reg I
|rated|
|rule|Species Clause: Limit one of each Pokémon
|rule|Item Clause: Limit 1 of each item
|clearpoke
|poke|p1|Zamazenta-*, L50|
|poke|p1|Calyrex-Shadow, L50|
|poke|p1|Tyranitar, L50, F|
|poke|p1|Goodra-Hisui, L50, M|
|poke|p1|Rillaboom, L50, F|
|poke|p1|Garchomp, L50, M|
|poke|p2|Muk-Alola, L50, F|
|poke|p2|Smeargle, L50, M|
|poke|p2|Calyrex-Shadow, L50|
|poke|p2|Zamazenta-*, L50|
|poke|p2|Urshifu-*, L50, M|
|poke|p2|Ditto, L50|
|teampreview|4
|inactive|Battle timer is ON: inactive players will automatically lose when time's up. (requested by KuroiRyu1122)
|
|t:|1750773368
|start
|switch|p1a: Tyranitar|Tyranitar, L50, F|100/100
|switch|p1b: Zamazenta|Zamazenta-Crowned, L50|100/100
|switch|p2a: Vô đạo|Muk-Alola, L50, F, shiny|100/100
|switch|p2b: Bất lương|Smeargle, L50, M, shiny|100/100
|-ability|p1b: Zamazenta|Dauntless Shield|boost
|-boost|p1b: Zamazenta|def|1
|-weather|Sandstorm|[from] ability: Sand Stream|[of] p1a: Tyranitar
|turn|1
|
|t:|1750773377
|-terastallize|p2b: Bất lương|Ghost
|move|p2b: Bất lương|Follow Me|p2b: Bất lương
|-singleturn|p2b: Bất lương|move: Follow Me
|move|p1b: Zamazenta|Iron Defense|p1b: Zamazenta
|-boost|p1b: Zamazenta|def|2
|move|p1a: Tyranitar|Rock Slide|p2b: Bất lương|[spread] p2a,p2b
|-crit|p2b: Bất lương
|-damage|p2a: Vô đạo|83/100
|-damage|p2b: Bất lương|5/100
|move|p2a: Vô đạo|Minimize|p2a: Vô đạo
|-boost|p2a: Vô đạo|evasion|2
|
|-weather|Sandstorm|[upkeep]
|-damage|p2b: Bất lương|0 fnt|[from] Sandstorm
|-damage|p2a: Vô đạo|77/100|[from] Sandstorm
|faint|p2b: Bất lương
|-ability|p2a: Vô đạo|Moody|[from] ability: Power of Alchemy|[of] p2b: Bất lương
|-heal|p2a: Vô đạo|83/100|[from] item: Leftovers
|upkeep
|
|t:|1750773387
|switch|p2b: Tanky boy|Zamazenta-Crowned, L50|100/100
|-ability|p2b: Tanky boy|Dauntless Shield|boost
|-boost|p2b: Tanky boy|def|1
|turn|2
|
|t:|1750773399
|-terastallize|p1a: Tyranitar|Ghost
|move|p2b: Tanky boy|Body Press|p1a: Tyranitar
|-immune|p1a: Tyranitar
|move|p1b: Zamazenta|Body Press|p2b: Tanky boy
|-supereffective|p2b: Tanky boy
|-damage|p2b: Tanky boy|18/100
|move|p1a: Tyranitar|Rock Slide|p2a: Vô đạo|[spread] 
|-miss|p1a: Tyranitar|p2a: Vô đạo
|-enditem|p1a: Tyranitar|Blunder Policy
|-boost|p1a: Tyranitar|spe|2
|-miss|p1a: Tyranitar|p2b: Tanky boy
|move|p2a: Vô đạo|Minimize|p2a: Vô đạo
|-boost|p2a: Vô đạo|evasion|2
|
|-weather|Sandstorm|[upkeep]
|-damage|p1a: Tyranitar|95/100|[from] Sandstorm
|-damage|p2a: Vô đạo|77/100|[from] Sandstorm
|-heal|p2a: Vô đạo|83/100|[from] item: Leftovers
|-ability|p2a: Vô đạo|Moody|boost
|-boost|p2a: Vô đạo|atk|2
|-unboost|p2a: Vô đạo|def|1
|upkeep
|turn|3
|
|t:|1750773424
|move|p2b: Tanky boy|Protect|p2b: Tanky boy
|-singleturn|p2b: Tanky boy|Protect
|move|p1a: Tyranitar|Rock Slide|p2b: Tanky boy|[spread] p2a
|-activate|p2b: Tanky boy|move: Protect
|-crit|p2a: Vô đạo
|-damage|p2a: Vô đạo|41/100
|move|p1b: Zamazenta|Body Press|p2b: Tanky boy
|-activate|p2b: Tanky boy|move: Protect
|move|p2a: Vô đạo|Minimize|p2a: Vô đạo
|-boost|p2a: Vô đạo|evasion|2
|
|-weather|Sandstorm|[upkeep]
|-damage|p1a: Tyranitar|89/100|[from] Sandstorm
|-damage|p2a: Vô đạo|34/100|[from] Sandstorm
|-heal|p2a: Vô đạo|41/100|[from] item: Leftovers
|-ability|p2a: Vô đạo|Moody|boost
|-boost|p2a: Vô đạo|spe|2
|-unboost|p2a: Vô đạo|spd|1
|upkeep
|turn|4
|
|t:|1750773438
|move|p1a: Tyranitar|Rock Slide|p2b: Tanky boy|[spread] p2b
|-miss|p1a: Tyranitar|p2a: Vô đạo
|-resisted|p2b: Tanky boy
|-damage|p2b: Tanky boy|16/100
|cant|p2b: Tanky boy|flinch
|move|p1b: Zamazenta|Body Press|p2b: Tanky boy
|-supereffective|p2b: Tanky boy
|-damage|p2b: Tanky boy|0 fnt
|faint|p2b: Tanky boy
|move|p2a: Vô đạo|Knock Off|p1a: Tyranitar
|-supereffective|p1a: Tyranitar
|-damage|p1a: Tyranitar|11/100
|
|-weather|Sandstorm|[upkeep]
|-damage|p1a: Tyranitar|5/100|[from] Sandstorm
|-damage|p2a: Vô đạo|34/100|[from] Sandstorm
|-heal|p2a: Vô đạo|41/100|[from] item: Leftovers
|-ability|p2a: Vô đạo|Moody|boost
|-boost|p2a: Vô đạo|spd|2
|-unboost|p2a: Vô đạo|atk|1
|upkeep
|
|t:|1750773440
|switch|p2b: Horsey|Calyrex-Shadow, L50|100/100
|-ability|p2b: Horsey|As One
|-ability|p2b: Horsey|Unnerve
|turn|5
|
|t:|1750773459
|move|p2b: Horsey|Protect|p2b: Horsey
|-singleturn|p2b: Horsey|Protect
|move|p1a: Tyranitar|Snarl|p2b: Horsey|[spread] 
|-activate|p2b: Horsey|move: Protect
|-miss|p1a: Tyranitar|p2a: Vô đạo
|move|p1b: Zamazenta|Snarl|p2a: Vô đạo|[spread] 
|-activate|p2b: Horsey|move: Protect
|-miss|p1b: Zamazenta|p2a: Vô đạo
|move|p2a: Vô đạo|Knock Off|p1a: Tyranitar
|-supereffective|p1a: Tyranitar
|-damage|p1a: Tyranitar|0 fnt
|faint|p1a: Tyranitar
|
|-weather|none
|-heal|p2a: Vô đạo|47/100|[from] item: Leftovers
|-ability|p2a: Vô đạo|Moody|boost
|-boost|p2a: Vô đạo|spe|2
|-unboost|p2a: Vô đạo|atk|1
|upkeep
|
|t:|1750773476
|switch|p1a: Calyrex|Calyrex-Shadow, L50|100/100
|-ability|p1a: Calyrex|As One
|-ability|p1a: Calyrex|Unnerve
|turn|6
|
|t:|1750773488
|move|p1b: Zamazenta|Wide Guard|p1b: Zamazenta
|-singleturn|p1b: Zamazenta|Wide Guard
|move|p2b: Horsey|Psych Up|p2a: Vô đạo
|-copyboost|p2b: Horsey|p2a: Vô đạo|[from] move: Psych Up
|move|p1a: Calyrex|Snarl|p2b: Horsey|[spread] p2a,p2b
|-resisted|p2a: Vô đạo
|-supereffective|p2b: Horsey
|-damage|p2a: Vô đạo|39/100
|-damage|p2b: Horsey|30/100
|-unboost|p2a: Vô đạo|spa|1
|-unboost|p2b: Horsey|spa|1
|move|p2a: Vô đạo|Knock Off|p1a: Calyrex
|-supereffective|p1a: Calyrex
|-damage|p1a: Calyrex|0 fnt
|-enditem|p1a: Calyrex|Choice Specs|[from] move: Knock Off|[of] p2a: Vô đạo
|faint|p1a: Calyrex
|
|-heal|p2a: Vô đạo|45/100|[from] item: Leftovers
|-ability|p2a: Vô đạo|Moody|boost
|-boost|p2a: Vô đạo|spd|2
|-unboost|p2a: Vô đạo|def|1
|upkeep
|
|t:|1750773505
|switch|p1a: Garchomp|Garchomp, L50, M|100/100
|turn|7
|
|t:|1750773516
|move|p2b: Horsey|Protect|p2b: Horsey
|-singleturn|p2b: Horsey|Protect
|move|p2a: Vô đạo|Protect|p2a: Vô đạo
|-singleturn|p2a: Vô đạo|Protect
|move|p1b: Zamazenta|Snarl|p2a: Vô đạo|[spread] 
|-activate|p2a: Vô đạo|move: Protect
|-activate|p2b: Horsey|move: Protect
|move|p1a: Garchomp|Stomping Tantrum|p2b: Horsey
|-activate|p2b: Horsey|move: Protect
|
|-heal|p2a: Vô đạo|51/100|[from] item: Leftovers
|-ability|p2a: Vô đạo|Moody|boost
|-boost|p2a: Vô đạo|spa|2
|-unboost|p2a: Vô đạo|def|1
|upkeep
|turn|8
|
|t:|1750773524
|move|p2b: Horsey|Psych Up|p2a: Vô đạo
|-copyboost|p2b: Horsey|p2a: Vô đạo|[from] move: Psych Up
|move|p2a: Vô đạo|Knock Off|p1a: Garchomp
|-damage|p1a: Garchomp|68/100
|-enditem|p1a: Garchomp|Leftovers|[from] move: Knock Off|[of] p2a: Vô đạo
|move|p1b: Zamazenta|Snarl|p2a: Vô đạo|[spread] 
|-miss|p1b: Zamazenta|p2a: Vô đạo
|-miss|p1b: Zamazenta|p2b: Horsey
|move|p1a: Garchomp|Stomping Tantrum|p2b: Horsey
|-damage|p2b: Horsey|0 fnt
|faint|p2b: Horsey
|
|-heal|p2a: Vô đạo|58/100|[from] item: Leftovers
|-ability|p2a: Vô đạo|Moody|boost
|-boost|p2a: Vô đạo|atk|2
|-unboost|p2a: Vô đạo|spa|1
|upkeep
|turn|9
|
|t:|1750773542
|move|p2a: Vô đạo|Knock Off|p1b: Zamazenta
|-resisted|p1b: Zamazenta
|-damage|p1b: Zamazenta|95/100
|move|p1b: Zamazenta|Body Press|p2a: Vô đạo|[miss]
|-miss|p1b: Zamazenta|p2a: Vô đạo
|move|p1a: Garchomp|Stomping Tantrum|p2a: Vô đạo|[miss]
|-miss|p1a: Garchomp|p2a: Vô đạo
|
|-heal|p2a: Vô đạo|64/100|[from] item: Leftovers
|-ability|p2a: Vô đạo|Moody|boost
|-boost|p2a: Vô đạo|spe|2
|-unboost|p2a: Vô đạo|spa|1
|upkeep
|turn|10
|
|t:|1750773549
|move|p2a: Vô đạo|Substitute|p2a: Vô đạo
|-start|p2a: Vô đạo|Substitute
|-damage|p2a: Vô đạo|39/100
|move|p1b: Zamazenta|Body Press|p2a: Vô đạo|[miss]
|-miss|p1b: Zamazenta|p2a: Vô đạo
|move|p1a: Garchomp|Stomping Tantrum|p2a: Vô đạo
|-supereffective|p2a: Vô đạo
|-end|p2a: Vô đạo|Substitute
|
|-heal|p2a: Vô đạo|45/100|[from] item: Leftovers
|-ability|p2a: Vô đạo|Moody|boost
|-boost|p2a: Vô đạo|spd|2
|-unboost|p2a: Vô đạo|spe|1
|upkeep
|turn|11
|
|t:|1750773558
|move|p2a: Vô đạo|Protect|p2a: Vô đạo
|-singleturn|p2a: Vô đạo|Protect
|move|p1b: Zamazenta|Body Press|p2a: Vô đạo
|-activate|p2a: Vô đạo|move: Protect
|move|p1a: Garchomp|Stomping Tantrum|p2a: Vô đạo
|-activate|p2a: Vô đạo|move: Protect
|
|-heal|p2a: Vô đạo|51/100|[from] item: Leftovers
|-ability|p2a: Vô đạo|Moody|boost
|-boost|p2a: Vô đạo|atk|2
|-unboost|p2a: Vô đạo|spa|1
|upkeep
|turn|12
|
|t:|1750773563
|move|p2a: Vô đạo|Substitute|p2a: Vô đạo
|-start|p2a: Vô đạo|Substitute
|-damage|p2a: Vô đạo|26/100
|move|p1b: Zamazenta|Body Press|p2a: Vô đạo|[miss]
|-miss|p1b: Zamazenta|p2a: Vô đạo
|move|p1a: Garchomp|Stomping Tantrum|p2a: Vô đạo|[miss]
|-miss|p1a: Garchomp|p2a: Vô đạo
|
|-heal|p2a: Vô đạo|32/100|[from] item: Leftovers
|-ability|p2a: Vô đạo|Moody|boost
|-boost|p2a: Vô đạo|spa|2
|-unboost|p2a: Vô đạo|spe|1
|upkeep
|turn|13
|
|t:|1750773570
|move|p2a: Vô đạo|Protect|p2a: Vô đạo
|-singleturn|p2a: Vô đạo|Protect
|move|p1b: Zamazenta|Body Press|p2a: Vô đạo
|-activate|p2a: Vô đạo|move: Protect
|move|p1a: Garchomp|Stomping Tantrum|p2a: Vô đạo
|-activate|p2a: Vô đạo|move: Protect
|
|-heal|p2a: Vô đạo|38/100|[from] item: Leftovers
|-ability|p2a: Vô đạo|Moody|boost
|-boost|p2a: Vô đạo|atk|2
|-unboost|p2a: Vô đạo|def|1
|upkeep
|turn|14
|
|t:|1750773578
|move|p2a: Vô đạo|Knock Off|p1a: Garchomp
|-damage|p1a: Garchomp|0 fnt
|faint|p1a: Garchomp
|move|p1b: Zamazenta|Iron Defense|p1b: Zamazenta
|-boost|p1b: Zamazenta|def|2
|
|-heal|p2a: Vô đạo|44/100|[from] item: Leftovers
|-ability|p2a: Vô đạo|Moody|boost
|-boost|p2a: Vô đạo|spd|1
|-unboost|p2a: Vô đạo|spa|1
|upkeep
|turn|15
|
|t:|1750773586
|move|p2a: Vô đạo|Protect|p2a: Vô đạo
|-singleturn|p2a: Vô đạo|Protect
|move|p1b: Zamazenta|Body Press|p2a: Vô đạo
|-activate|p2a: Vô đạo|move: Protect
|
|-heal|p2a: Vô đạo|50/100|[from] item: Leftovers
|-ability|p2a: Vô đạo|Moody|boost
|-boost|p2a: Vô đạo|spe|2
|-unboost|p2a: Vô đạo|atk|1
|upkeep
|turn|16
|
|t:|1750773592
|move|p2a: Vô đạo|Minimize|p2a: Vô đạo
|-boost|p2a: Vô đạo|evasion|0
|move|p1b: Zamazenta|Body Press|p2a: Vô đạo|[miss]
|-miss|p1b: Zamazenta|p2a: Vô đạo
|
|-heal|p2a: Vô đạo|57/100|[from] item: Leftovers
|-ability|p2a: Vô đạo|Moody|boost
|-boost|p2a: Vô đạo|atk|1
|-unboost|p2a: Vô đạo|spa|1
|upkeep
|turn|17
|
|t:|1750773598
|move|p2a: Vô đạo|Protect|p2a: Vô đạo
|-singleturn|p2a: Vô đạo|Protect
|move|p1b: Zamazenta|Iron Defense|p1b: Zamazenta
|-boost|p1b: Zamazenta|def|1
|
|-heal|p2a: Vô đạo|63/100|[from] item: Leftovers
|-ability|p2a: Vô đạo|Moody|boost
|-boost|p2a: Vô đạo|spa|2
|-unboost|p2a: Vô đạo|spd|1
|upkeep
|turn|18
|
|t:|1750773602
|move|p2a: Vô đạo|Minimize|p2a: Vô đạo
|-boost|p2a: Vô đạo|evasion|0
|move|p1b: Zamazenta|Body Press|p2a: Vô đạo
|-end|p2a: Vô đạo|Substitute
|
|-heal|p2a: Vô đạo|69/100|[from] item: Leftovers
|-ability|p2a: Vô đạo|Moody|boost
|-boost|p2a: Vô đạo|def|2
|-unboost|p2a: Vô đạo|spe|1
|upkeep
|turn|19
|
|t:|1750773608
|move|p2a: Vô đạo|Substitute|p2a: Vô đạo
|-start|p2a: Vô đạo|Substitute
|-damage|p2a: Vô đạo|44/100
|move|p1b: Zamazenta|Snarl|p2a: Vô đạo|[miss]
|-miss|p1b: Zamazenta|p2a: Vô đạo
|
|-heal|p2a: Vô đạo|50/100|[from] item: Leftovers
|-ability|p2a: Vô đạo|Moody|boost
|-boost|p2a: Vô đạo|spa|2
|-unboost|p2a: Vô đạo|def|1
|upkeep
|turn|20
|
|t:|1750773614
|move|p2a: Vô đạo|Protect|p2a: Vô đạo
|-singleturn|p2a: Vô đạo|Protect
|move|p1b: Zamazenta|Snarl|p2a: Vô đạo
|-activate|p2a: Vô đạo|move: Protect
|
|-heal|p2a: Vô đạo|56/100|[from] item: Leftovers
|-ability|p2a: Vô đạo|Moody|boost
|-boost|p2a: Vô đạo|spe|1
|-unboost|p2a: Vô đạo|spa|1
|upkeep
|turn|21
|
|t:|1750773622
|move|p2a: Vô đạo|Minimize|p2a: Vô đạo
|-boost|p2a: Vô đạo|evasion|0
|move|p1b: Zamazenta|Snarl|p2a: Vô đạo|[miss]
|-miss|p1b: Zamazenta|p2a: Vô đạo
|
|-heal|p2a: Vô đạo|62/100|[from] item: Leftovers
|-ability|p2a: Vô đạo|Moody|boost
|-boost|p2a: Vô đạo|spd|1
|-unboost|p2a: Vô đạo|spe|1
|upkeep
|turn|22
|
|t:|1750773627
|move|p2a: Vô đạo|Protect|p2a: Vô đạo
|-singleturn|p2a: Vô đạo|Protect
|move|p1b: Zamazenta|Snarl|p2a: Vô đạo
|-activate|p2a: Vô đạo|move: Protect
|
|-heal|p2a: Vô đạo|68/100|[from] item: Leftovers
|-ability|p2a: Vô đạo|Moody|boost
|-boost|p2a: Vô đạo|def|2
|-unboost|p2a: Vô đạo|atk|1
|upkeep
|turn|23
|
|t:|1750773633
|move|p2a: Vô đạo|Knock Off|p1b: Zamazenta
|-resisted|p1b: Zamazenta
|-damage|p1b: Zamazenta|89/100
|move|p1b: Zamazenta|Snarl|p2a: Vô đạo
|-resisted|p2a: Vô đạo
|-damage|p2a: Vô đạo|67/100
|-unboost|p2a: Vô đạo|spa|1
|
|-heal|p2a: Vô đạo|73/100|[from] item: Leftovers
|-ability|p2a: Vô đạo|Moody|boost
|-boost|p2a: Vô đạo|spa|2
|-unboost|p2a: Vô đạo|spe|1
|upkeep
|turn|24
|
|t:|1750773641
|move|p2a: Vô đạo|Minimize|p2a: Vô đạo
|-boost|p2a: Vô đạo|evasion|0
|move|p1b: Zamazenta|Snarl|p2a: Vô đạo|[miss]
|-miss|p1b: Zamazenta|p2a: Vô đạo
|
|-heal|p2a: Vô đạo|79/100|[from] item: Leftovers
|-ability|p2a: Vô đạo|Moody|boost
|-boost|p2a: Vô đạo|def|2
|-unboost|p2a: Vô đạo|atk|1
|upkeep
|turn|25
|
|t:|1750773645
|move|p2a: Vô đạo|Substitute|p2a: Vô đạo
|-fail|p2a: Vô đạo|move: Substitute
|move|p1b: Zamazenta|Body Press|p2a: Vô đạo
|-end|p2a: Vô đạo|Substitute
|
|-heal|p2a: Vô đạo|85/100|[from] item: Leftovers
|-ability|p2a: Vô đạo|Moody|boost
|-boost|p2a: Vô đạo|spa|2
|-unboost|p2a: Vô đạo|spd|1
|upkeep
|turn|26
|
|t:|1750773653
|move|p2a: Vô đạo|Protect|p2a: Vô đạo
|-singleturn|p2a: Vô đạo|Protect
|move|p1b: Zamazenta|Body Press|p2a: Vô đạo
|-activate|p2a: Vô đạo|move: Protect
|
|-heal|p2a: Vô đạo|92/100|[from] item: Leftovers
|-ability|p2a: Vô đạo|Moody|boost
|-boost|p2a: Vô đạo|spe|2
|-unboost|p2a: Vô đạo|spa|1
|upkeep
|turn|27
|
|t:|1750773657
|move|p2a: Vô đạo|Substitute|p2a: Vô đạo
|-start|p2a: Vô đạo|Substitute
|-damage|p2a: Vô đạo|67/100
|move|p1b: Zamazenta|Body Press|p2a: Vô đạo|[miss]
|-miss|p1b: Zamazenta|p2a: Vô đạo
|
|-heal|p2a: Vô đạo|73/100|[from] item: Leftovers
|-ability|p2a: Vô đạo|Moody|boost
|-boost|p2a: Vô đạo|def|2
|-unboost|p2a: Vô đạo|spd|1
|upkeep
|turn|28
|-message|yabri forfeited.
|
|win|KuroiRyu1122
|raw|yabri's rating: 1407 &rarr; <strong>1387</strong><br />(-20 for losing)
|raw|KuroiRyu1122's rating: 1415 &rarr; <strong>1435</strong><br />(+20 for winning)
|l|☆yabri
|player|p1|
