|j|☆Inwaves22
|j|☆lucatons
|t:|1750781148
|gametype|doubles
|player|p1|Inwaves22|clair|1351
|player|p2|lucatons|169|1410
|teamsize|p1|6
|teamsize|p2|6
|gen|9
|tier|[Gen 9] VGC 2025 Reg I
|rated|
|rule|Species Clause: Limit one of each Pokémon
|rule|Item Clause: Limit 1 of each item
|clearpoke
|poke|p1|Calyrex-Shadow, L50|
|poke|p1|Terapagos, L50, M|
|poke|p1|Iron Hands, L50|
|poke|p1|Chi-Yu, L50|
|poke|p1|Smeargle, L50, M|
|poke|p1|Whimsicott, L50, F|
|poke|p2|Koraidon, L50|
|poke|p2|Miraidon, L50|
|poke|p2|Chesnaught, L50, F|
|poke|p2|Clefairy, L50, M|
|poke|p2|Scovillain, L50, F|
|poke|p2|Indeedee-F, L50, F|
|teampreview|4
|inactive|Battle timer is ON: inactive players will automatically lose when time's up. (requested by Inwaves22)
|inactive|Inwaves22 has 60 seconds left.
|inactive|lucatons has 60 seconds left.
|
|t:|1750781203
|start
|switch|p1a: Chi-Yu|Chi-Yu, L50|100/100
|switch|p1b: Calyrex|Calyrex-Shadow, L50|100/100
|switch|p2a: Scovillain|Scovillain, L50, F, shiny|100/100
|switch|p2b: Koraidon|Koraidon, L50|100/100
|-ability|p1b: Calyrex|As One
|-ability|p1b: Calyrex|Unnerve
|-ability|p1a: Chi-Yu|Beads of Ruin
|-weather|SunnyDay|[from] ability: Orichalcum Pulse|[of] p2b: Koraidon
|-activate|p2b: Koraidon|Orichalcum Pulse|[source]
|turn|1
|inactive|lucatons has 30 seconds left.
|
|t:|1750781237
|-terastallize|p1a: Chi-Yu|Ghost
|move|p2b: Koraidon|Protect|p2b: Koraidon
|-singleturn|p2b: Koraidon|Protect
|move|p2a: Scovillain|Overheat|p1b: Calyrex
|-damage|p1b: Calyrex|3/100
|-unboost|p2a: Scovillain|spa|2
|move|p1a: Chi-Yu|Heat Wave|p2b: Koraidon|[spread] 
|-activate|p2b: Koraidon|move: Protect
|-miss|p1a: Chi-Yu|p2a: Scovillain
|move|p1b: Calyrex|Astral Barrage|p2b: Koraidon|[spread] p2a
|-activate|p2b: Koraidon|move: Protect
|-enditem|p2a: Scovillain|Focus Sash
|-damage|p2a: Scovillain|1/100
|-damage|p1b: Calyrex|0 fnt|[from] item: Life Orb
|faint|p1b: Calyrex
|
|-weather|SunnyDay|[upkeep]
|upkeep
|
|t:|1750781253
|switch|p1b: Whimsicott|Whimsicott, L50, F|100/100
|turn|2
|
|t:|1750781272
|move|p1b: Whimsicott|Tailwind|p1b: Whimsicott
|-sidestart|p1: Inwaves22|move: Tailwind
|move|p1a: Chi-Yu|Heat Wave|p2b: Koraidon|[spread] p2a,p2b
|-resisted|p2b: Koraidon
|-damage|p2a: Scovillain|0 fnt
|-damage|p2b: Koraidon|70/100
|faint|p2a: Scovillain
|move|p2b: Koraidon|Flame Charge|p1b: Whimsicott
|-supereffective|p1b: Whimsicott
|-damage|p1b: Whimsicott|4/100
|-boost|p2b: Koraidon|spe|1
|
|-weather|SunnyDay|[upkeep]
|upkeep
|
|t:|1750781282
|switch|p2a: Indeedee|Indeedee-F, L50, F, shiny|100/100
|-fieldstart|move: Psychic Terrain|[from] ability: Psychic Surge|[of] p2a: Indeedee
|-enditem|p2a: Indeedee|Psychic Seed
|-boost|p2a: Indeedee|spd|1|[from] item: Psychic Seed
|turn|3
|
|t:|1750781303
|move|p1a: Chi-Yu|Heat Wave|p2b: Koraidon|[spread] p2b
|-miss|p1a: Chi-Yu|p2a: Indeedee
|-resisted|p2b: Koraidon
|-damage|p2b: Koraidon|35/100
|-status|p2b: Koraidon|brn
|move|p1b: Whimsicott|Moonblast|p2a: Indeedee
|-damage|p2a: Indeedee|77/100
|-unboost|p2a: Indeedee|spa|1
|move|p2b: Koraidon|Flare Blitz|p1a: Chi-Yu
|-damage|p1a: Chi-Yu|36/100
|-damage|p2b: Koraidon|22/100 brn|[from] Recoil
|move|p2a: Indeedee|Psychic|p1b: Whimsicott
|-damage|p1b: Whimsicott|0 fnt
|faint|p1b: Whimsicott
|
|-weather|SunnyDay|[upkeep]
|-damage|p2b: Koraidon|16/100 brn|[from] brn
|upkeep
|
|t:|1750781320
|switch|p1b: Terapagos|Terapagos, L50, M|100/100
|-activate|p1b: Terapagos|ability: Tera Shift
|detailschange|p1b: Terapagos|Terapagos-Terastal, L50, M
|-heal|p1b: Terapagos|100/100|[silent]
|turn|4
|
|t:|1750781333
|move|p2b: Koraidon|Protect|p2b: Koraidon
|-singleturn|p2b: Koraidon|Protect
|move|p1a: Chi-Yu|Heat Wave|p2b: Koraidon|[spread] p2a
|-activate|p2b: Koraidon|move: Protect
|-damage|p2a: Indeedee|20/100
|move|p1b: Terapagos|Earth Power|p2a: Indeedee
|-damage|p2a: Indeedee|0 fnt
|faint|p2a: Indeedee
|
|-weather|SunnyDay|[upkeep]
|-damage|p2b: Koraidon|10/100 brn|[from] brn
|upkeep
|
|t:|1750781340
|switch|p2a: Miraidon|Miraidon, L50|100/100
|-fieldstart|move: Electric Terrain|[from] ability: Hadron Engine|[of] p2a: Miraidon
|turn|5
|inactive|lucatons has 30 seconds left.
|
|t:|1750781369
|move|p1a: Chi-Yu|Heat Wave|p2b: Koraidon|[spread] p2a
|-miss|p1a: Chi-Yu|p2b: Koraidon
|-resisted|p2a: Miraidon
|-damage|p2a: Miraidon|67/100
|move|p1b: Terapagos|Earth Power|p2a: Miraidon
|-supereffective|p2a: Miraidon
|-damage|p2a: Miraidon|0 fnt
|faint|p2a: Miraidon
|move|p2b: Koraidon|Collision Course|p1b: Terapagos
|-activate|p1b: Terapagos|ability: Tera Shell
|-resisted|p1b: Terapagos
|-damage|p1b: Terapagos|84/100
|
|-weather|none
|-damage|p2b: Koraidon|4/100 brn|[from] brn
|-sideend|p1: Inwaves22|move: Tailwind
|upkeep
|turn|6
|-message|lucatons forfeited.
|
|win|Inwaves22
|raw|Inwaves22's rating: 1351 &rarr; <strong>1374</strong><br />(+23 for winning)
|raw|lucatons's rating: 1410 &rarr; <strong>1387</strong><br />(-23 for losing)
|l|☆lucatons
|player|p2|
|l|☆Inwaves22
|player|p1|
