|j|☆Blu94
|j|☆AaronDaliLF
|t:|1750833849
|gametype|doubles
|player|p1|Blu94|266|1430
|player|p2|AaronDaliLF|cynthia-gen4|1352
|teamsize|p1|6
|teamsize|p2|6
|gen|9
|tier|[Gen 9] VGC 2025 Reg I
|rated|
|rule|Species Clause: Limit one of each Pokémon
|rule|Item Clause: Limit 1 of each item
|clearpoke
|poke|p1|Zacian-*, L50|
|poke|p1|Miraidon, L50|
|poke|p1|Pelipper, L50, M|
|poke|p1|Sneasler, L50, F|
|poke|p1|Thundurus, L50, M|
|poke|p1|Urshifu-*, L50, F|
|poke|p2|Calyrex-Shadow, L50|
|poke|p2|Zamazenta-*, L50|
|poke|p2|Tornadus, L50, M|
|poke|p2|Raging Bolt, L50|
|poke|p2|Rillaboom, L50, F|
|poke|p2|Smeargle, L50, F|
|teampreview|4
Blu94 rejected open team sheets.
|inactive|Battle timer is ON: inactive players will automatically lose when time's up. (requested by AaronDaliLF)
|inactive|Blu94 has 60 seconds left.
|
|t:|1750833966
|start
|switch|p1a: Thundurus|Thundurus, L50, M|100/100
|switch|p1b: Pelipper|Pelipper, L50, M|100/100
|switch|p2a: Calyrex|Calyrex-Shadow, L50|100/100
|switch|p2b: Zamazenta|Zamazenta-Crowned, L50, shiny|100/100
|-ability|p2a: Calyrex|As One
|-ability|p2a: Calyrex|Unnerve
|-ability|p2b: Zamazenta|Dauntless Shield|boost
|-boost|p2b: Zamazenta|def|1
|-weather|RainDance|[from] ability: Drizzle|[of] p1b: Pelipper
|turn|1
|inactive|Blu94 has 30 seconds left.
|inactive|AaronDaliLF has 30 seconds left.
|inactive|Blu94 has 20 seconds left.
|
|t:|1750834001
|-terastallize|p2a: Calyrex|Dark
|move|p1b: Pelipper|Wide Guard|p1b: Pelipper
|-singleturn|p1b: Pelipper|Wide Guard
|move|p2a: Calyrex|Nasty Plot|p2a: Calyrex
|-boost|p2a: Calyrex|spa|2
|move|p2b: Zamazenta|Body Press|p1a: Thundurus
|-resisted|p1a: Thundurus
|-damage|p1a: Thundurus|60/100
|move|p1a: Thundurus|Electroweb|p2a: Calyrex|[spread] p2a,p2b
|-damage|p2a: Calyrex|85/100
|-damage|p2b: Zamazenta|90/100
|-unboost|p2a: Calyrex|spe|1
|-unboost|p2b: Zamazenta|spe|1
|
|-weather|RainDance|[upkeep]
|upkeep
|turn|2
|inactive|Blu94 has 30 seconds left.
|
|t:|1750834030
|move|p1a: Thundurus|Thunder Wave|p2b: Zamazenta
|-status|p2b: Zamazenta|par
|move|p2a: Calyrex|Psychic|p1b: Pelipper
|-enditem|p1b: Pelipper|Focus Sash
|-damage|p1b: Pelipper|1/100
|-damage|p2a: Calyrex|76/100|[from] item: Life Orb
|move|p1b: Pelipper|Weather Ball|p2a: Calyrex
|-damage|p2a: Calyrex|12/100
|move|p2b: Zamazenta|Body Press|p1a: Thundurus
|-resisted|p1a: Thundurus
|-damage|p1a: Thundurus|13/100
|
|-weather|RainDance|[upkeep]
|upkeep
|turn|3
|inactive|Blu94 has 30 seconds left.
|inactive|Blu94 has 20 seconds left.
|inactive|AaronDaliLF has 30 seconds left.
|
|t:|1750834075
|switch|p1b: Urshifu|Urshifu, L50, F|100/100
|move|p2a: Calyrex|Psychic|p1a: Thundurus
|-damage|p1a: Thundurus|0 fnt
|faint|p1a: Thundurus
|-ability|p2a: Calyrex|Grim Neigh|boost
|-boost|p2a: Calyrex|spa|1
|-damage|p2a: Calyrex|2/100|[from] item: Life Orb
|cant|p2b: Zamazenta|par
|
|-weather|RainDance|[upkeep]
|upkeep
|
|t:|1750834093
|switch|p1a: Zacian|Zacian-Crowned, L50|100/100
|-ability|p1a: Zacian|Intrepid Sword|boost
|-boost|p1a: Zacian|atk|1
|turn|4
|inactive|Blu94 has 30 seconds left.
|
|t:|1750834126
|move|p1a: Zacian|Sacred Sword|p2b: Zamazenta
|-supereffective|p2b: Zamazenta
|-damage|p2b: Zamazenta|28/100 par
|move|p1b: Urshifu|Wicked Blow|p2a: Calyrex
|-resisted|p2a: Calyrex
|-crit|p2a: Calyrex
|-damage|p2a: Calyrex|0 fnt
|faint|p2a: Calyrex
|cant|p2b: Zamazenta|par
|
|-weather|RainDance|[upkeep]
|upkeep
|
|t:|1750834147
|switch|p2a: Raging Bolt|Raging Bolt, L50|100/100
|-enditem|p2a: Raging Bolt|Booster Energy
|-activate|p2a: Raging Bolt|ability: Protosynthesis|[fromitem]
|-start|p2a: Raging Bolt|protosynthesisspa
|turn|5
|inactive|Blu94 has 30 seconds left.
|inactive|Blu94 has 20 seconds left.
|
|t:|1750834184
|move|p2a: Raging Bolt|Thunderclap|p1a: Zacian
|-damage|p1a: Zacian|58/100
|move|p1a: Zacian|Sacred Sword|p2b: Zamazenta
|-supereffective|p2b: Zamazenta
|-damage|p2b: Zamazenta|0 fnt
|faint|p2b: Zamazenta
|move|p1b: Urshifu|Wicked Blow|p2a: Raging Bolt
|-crit|p2a: Raging Bolt
|-damage|p2a: Raging Bolt|31/100
|
|-weather|none
|upkeep
|
|t:|1750834194
|switch|p2b: Rillaboom|Rillaboom, L50, F|100/100
|-fieldstart|move: Grassy Terrain|[from] ability: Grassy Surge|[of] p2b: Rillaboom
|turn|6
|
|t:|1750834203
|move|p1a: Zacian|Protect|p1a: Zacian
|-singleturn|p1a: Zacian|Protect
|move|p2b: Rillaboom|Fake Out|p1a: Zacian
|-activate|p1a: Zacian|move: Protect
|move|p1b: Urshifu|Wicked Blow|p2a: Raging Bolt
|-crit|p2a: Raging Bolt
|-damage|p2a: Raging Bolt|0 fnt
|faint|p2a: Raging Bolt
|-end|p2a: Raging Bolt|Protosynthesis|[silent]
|
|-heal|p1a: Zacian|64/100|[from] Grassy Terrain
|upkeep
|turn|7
|
|t:|1750834217
|-terastallize|p1a: Zacian|Stellar
|move|p2b: Rillaboom|Fake Out|p2: Raging Bolt|[notarget]
|-fail|p2b: Rillaboom
|move|p1a: Zacian|Behemoth Blade|p2b: Rillaboom
|-crit|p2b: Rillaboom
|-damage|p2b: Rillaboom|0 fnt
|faint|p2b: Rillaboom
|
|win|Blu94
|raw|Blu94's rating: 1430 &rarr; <strong>1446</strong><br />(+16 for winning)
|raw|AaronDaliLF's rating: 1352 &rarr; <strong>1336</strong><br />(-16 for losing)
|l|☆Blu94
|player|p1|
|c|☆AaronDaliLF|thanks
|l|☆AaronDaliLF
|player|p2|
