|j|☆EIDIL_YT
|j|‽Shrekers13
|t:|1750743925
|gametype|doubles
|player|p1|EIDIL_YT|hilbert-wonderlauncher|1347
|player|p2|Shrekers13|170|1291
|teamsize|p1|6
|teamsize|p2|6
|gen|9
|tier|[Gen 9] VGC 2025 Reg I
|rated|
|rule|Species Clause: Limit one of each Pokémon
|rule|Item Clause: Limit 1 of each item
|clearpoke
|poke|p1|Koraidon, L50|
|poke|p1|Miraidon, L50|
|poke|p1|Iron Hands, L50|
|poke|p1|Whimsicott, L50, F|
|poke|p1|Farigiraf, L50, M|
|poke|p1|Iron Valiant, L50|
|poke|p2|Calyrex-Ice, L50|
|poke|p2|Miraidon, L50|
|poke|p2|Iron Hands, L50|
|poke|p2|Iron Bundle, L50|
|poke|p2|Ogerpon-Hearthflame, L50, F|
|poke|p2|Farigiraf, L50, F|
|teampreview|4
|inactive|Battle timer is ON: inactive players will automatically lose when time's up. (requested by EIDIL_YT)
|
|t:|1750743943
|start
|switch|p1a: Koraidon|Koraidon, L50|100/100
|switch|p1b: Iron Hands|Iron Hands, L50|100/100
|switch|p2a: Miraidon|Miraidon, L50|100/100
|switch|p2b: Iron Bundle|Iron Bundle, L50, shiny|100/100
|-fieldstart|move: Electric Terrain|[from] ability: Hadron Engine|[of] p2a: Miraidon
|-activate|p2b: Iron Bundle|ability: Quark Drive
|-start|p2b: Iron Bundle|quarkdrivespe
|-activate|p1b: Iron Hands|ability: Quark Drive
|-start|p1b: Iron Hands|quarkdriveatk
|-weather|SunnyDay|[from] ability: Orichalcum Pulse|[of] p1a: Koraidon
|-activate|p1a: Koraidon|Orichalcum Pulse|[source]
|turn|1
|
|t:|1750743967
|switch|p2a: Iron Hands|Iron Hands, L50, shiny|100/100
|-activate|p2a: Iron Hands|ability: Quark Drive
|-start|p2a: Iron Hands|quarkdriveatk
|-terastallize|p1a: Koraidon|Fire
|move|p1b: Iron Hands|Fake Out|p2a: Iron Hands
|-damage|p2a: Iron Hands|87/100
|move|p2b: Iron Bundle|Icy Wind|p1a: Koraidon|[spread] p1b
|-miss|p2b: Iron Bundle|p1a: Koraidon
|-damage|p1b: Iron Hands|89/100
|-unboost|p1b: Iron Hands|spe|1
|move|p1a: Koraidon|Flare Blitz|p2a: Iron Hands
|-damage|p2a: Iron Hands|0 fnt
|faint|p2a: Iron Hands
|-end|p2a: Iron Hands|Quark Drive|[silent]
|-damage|p1a: Koraidon|65/100|[from] Recoil
|-damage|p1a: Koraidon|55/100|[from] item: Life Orb
|
|-weather|SunnyDay|[upkeep]
|upkeep
|
|t:|1750743984
|switch|p2a: Miraidon|Miraidon, L50|100/100
|-activate|p2a: Miraidon|ability: Hadron Engine
|turn|2
|inactive|Shrekers13 has 30 seconds left.
|inactive|Shrekers13 has 20 seconds left.
|inactive|Shrekers13 has 15 seconds left.
|
|t:|1750744028
|move|p1a: Koraidon|Protect|p1a: Koraidon
|-singleturn|p1a: Koraidon|Protect
|move|p2b: Iron Bundle|Icy Wind|p1a: Koraidon|[spread] p1b
|-activate|p1a: Koraidon|move: Protect
|-damage|p1b: Iron Hands|77/100
|-unboost|p1b: Iron Hands|spe|1
|move|p2a: Miraidon|Electro Drift|p1a: Koraidon
|-activate|p1a: Koraidon|move: Protect
|move|p1b: Iron Hands|Close Combat|p2a: Miraidon
|-damage|p2a: Miraidon|10/100
|-unboost|p1b: Iron Hands|def|1
|-unboost|p1b: Iron Hands|spd|1
|
|-weather|SunnyDay|[upkeep]
|upkeep
|turn|3
|
|t:|1750744051
|switch|p1a: Farigiraf|Farigiraf, L50, M|100/100
|-enditem|p1a: Farigiraf|Electric Seed
|-boost|p1a: Farigiraf|def|1|[from] item: Electric Seed
|move|p2b: Iron Bundle|Icy Wind|p1a: Farigiraf|[spread] p1a,p1b
|-damage|p1a: Farigiraf|82/100
|-damage|p1b: Iron Hands|59/100
|-unboost|p1a: Farigiraf|spe|1
|-unboost|p1b: Iron Hands|spe|1
|move|p2a: Miraidon|Electro Drift|p1a: Farigiraf
|-crit|p1a: Farigiraf
|-damage|p1a: Farigiraf|0 fnt
|faint|p1a: Farigiraf
|move|p1b: Iron Hands|Wild Charge|p2a: Miraidon
|-resisted|p2a: Miraidon
|-damage|p2a: Miraidon|0 fnt
|faint|p2a: Miraidon
|-damage|p1b: Iron Hands|58/100|[from] Recoil
|
|-weather|SunnyDay|[upkeep]
|upkeep
|
|t:|1750744070
|switch|p2a: Ogerpon|Ogerpon-Hearthflame, L50, F|100/100
|switch|p1a: Koraidon|Koraidon, L50, tera:Fire|55/100
|-ability|p2a: Ogerpon|Mold Breaker
|-activate|p1a: Koraidon|ability: Orichalcum Pulse
|turn|4
|
|t:|1750744086
|move|p2a: Ogerpon|Spiky Shield|p2a: Ogerpon
|-singleturn|p2a: Ogerpon|move: Protect
|move|p2b: Iron Bundle|Taunt|p1a: Koraidon
|-start|p1a: Koraidon|move: Taunt
|move|p1a: Koraidon|U-turn|p2b: Iron Bundle
|-damage|p2b: Iron Bundle|41/100
|-damage|p1a: Koraidon|45/100|[from] item: Life Orb
|
|t:|1750744094
|switch|p1a: Miraidon|Miraidon, L50|100/100|[from] U-turn
|-activate|p1a: Miraidon|ability: Hadron Engine
|move|p1b: Iron Hands|Wild Charge|p2b: Iron Bundle
|-supereffective|p2b: Iron Bundle
|-damage|p2b: Iron Bundle|0 fnt
|faint|p2b: Iron Bundle
|-end|p2b: Iron Bundle|Quark Drive|[silent]
|-damage|p1b: Iron Hands|52/100|[from] Recoil
|
|-weather|SunnyDay|[upkeep]
|upkeep
|turn|5
|
|t:|1750744107
|-terastallize|p2a: Ogerpon|Fire
|detailschange|p2a: Ogerpon|Ogerpon-Hearthflame-Tera, L50, F, tera:Fire
|-ability|p2a: Ogerpon|Embody Aspect (Hearthflame)|boost
|-boost|p2a: Ogerpon|atk|1
|move|p2a: Ogerpon|Ivy Cudgel|p1b: Iron Hands|[anim] Ivy Cudgel Fire
|-damage|p1b: Iron Hands|0 fnt
|faint|p1b: Iron Hands
|-end|p1b: Iron Hands|Quark Drive|[silent]
|move|p1a: Miraidon|Volt Switch|p2a: Ogerpon
|-damage|p2a: Ogerpon|0 fnt
|faint|p2a: Ogerpon
|detailschange|p2: Ogerpon|Ogerpon-Hearthflame, L50, F|[silent]
|
|win|EIDIL_YT
|raw|EIDIL_YT's rating: 1347 &rarr; <strong>1364</strong><br />(+17 for winning)
|raw|Shrekers13's rating: 1291 &rarr; <strong>1270</strong><br />(-21 for losing)
|l|‽Shrekers13
|player|p2|
