|j|☆Mathethe
|j|☆Alox01
|t:|1750816005
|gametype|doubles
|player|p1|Mathethe|266|1104
|player|p2|Alox01|101|1090
|teamsize|p1|6
|teamsize|p2|6
|gen|9
|tier|[Gen 9] VGC 2025 Reg I
|rated|
|rule|Species Clause: Limit one of each Pokémon
|rule|Item Clause: Limit 1 of each item
|clearpoke
|poke|p1|Tornadus, L50, M|
|poke|p1|Calyrex-Shadow, L50|
|poke|p1|Terapagos, L50, M|
|poke|p1|Indeedee-F, L50, F|
|poke|p1|Iron Valiant, L50|
|poke|p1|Garganacl, L50, M|
|poke|p2|Calyrex-Shadow, L50|
|poke|p2|Koraidon, L50|
|poke|p2|Indeedee-F, L50, F|
|poke|p2|Walking Wake, L50|
|poke|p2|Brute Bonnet, L50|
|poke|p2|Heatran, L50, M|
|teampreview|4
|inactive|Battle timer is ON: inactive players will automatically lose when time's up. (requested by Alox01)
Mathethe rejected open team sheets.
|
|t:|1750816027
|start
|switch|p1a: Iron Valiant|Iron Valiant, L50|100/100
|switch|p1b: Tornadus|Tornadus, L50, M|100/100
|switch|p2a: Koraidon|Koraidon, L50|100/100
|switch|p2b: Heatran|Heatran, L50, M|100/100
|-weather|SunnyDay|[from] ability: Orichalcum Pulse|[of] p2a: Koraidon
|-activate|p2a: Koraidon|Orichalcum Pulse|[source]
|turn|1
|inactive|Alox01 has 30 seconds left.
|inactive|Alox01 has 20 seconds left.
|
|t:|1750816064
|-terastallize|p2a: Koraidon|Fire
|move|p1b: Tornadus|Tailwind|p1b: Tornadus
|-sidestart|p1: Mathethe|move: Tailwind
|move|p1a: Iron Valiant|Close Combat|p2a: Koraidon
|-damage|p2a: Koraidon|19/100
|-unboost|p1a: Iron Valiant|def|1
|-unboost|p1a: Iron Valiant|spd|1
|-damage|p1a: Iron Valiant|91/100|[from] item: Life Orb
|move|p2a: Koraidon|Scale Shot|p1b: Tornadus
|-damage|p1b: Tornadus|69/100
|-damage|p1b: Tornadus|38/100
|-damage|p1b: Tornadus|7/100
|-hitcount|p1b: Tornadus|3
|-unboost|p2a: Koraidon|def|1
|-boost|p2a: Koraidon|spe|1
|-damage|p2a: Koraidon|10/100|[from] item: Life Orb
|move|p2b: Heatran|Heat Wave|p1b: Tornadus|[spread] p1a,p1b
|-damage|p1a: Iron Valiant|0 fnt
|-damage|p1b: Tornadus|0 fnt
|faint|p1a: Iron Valiant
|-end|p1a: Iron Valiant|Quark Drive|[silent]
|faint|p1b: Tornadus
|
|-weather|SunnyDay|[upkeep]
|upkeep
|
|t:|1750816085
|switch|p1a: Calyrex|Calyrex-Shadow, L50|100/100
|switch|p1b: Terapagos|Terapagos, L50, M|100/100
|-activate|p1b: Terapagos|ability: Tera Shift
|detailschange|p1b: Terapagos|Terapagos-Terastal, L50, M
|-heal|p1b: Terapagos|100/100|[silent]
|-ability|p1a: Calyrex|As One
|-ability|p1a: Calyrex|Unnerve
|turn|2
|
|t:|1750816095
|-terastallize|p1b: Terapagos|Stellar
|detailschange|p1b: Terapagos|Terapagos-Stellar, L50, M, tera:Stellar
|-heal|p1b: Terapagos|100/100|[silent]
|-ability|p1b: Terapagos|Teraform Zero
|-weather|none
|move|p2a: Koraidon|Protect|p2a: Koraidon
|-singleturn|p2a: Koraidon|Protect
|move|p1a: Calyrex|Astral Barrage|p2a: Koraidon|[spread] p2b
|-activate|p2a: Koraidon|move: Protect
|-damage|p2b: Heatran|68/100
|move|p1b: Terapagos|Tera Starstorm|p2a: Koraidon|[spread] p2b
|-activate|p2a: Koraidon|move: Protect
|-crit|p2b: Heatran
|-damage|p2b: Heatran|37/100
|move|p2b: Heatran|Heat Wave|p1a: Calyrex|[spread] p1a,p1b
|-damage|p1a: Calyrex|56/100
|-damage|p1b: Terapagos|75/100
|-status|p1b: Terapagos|brn
|
|-heal|p1b: Terapagos|81/100 brn|[from] item: Leftovers
|-damage|p1b: Terapagos|75/100 brn|[from] brn
|upkeep
|turn|3
|inactive|Alox01 has 30 seconds left.
|inactive|Alox01 has 20 seconds left.
|
|t:|1750816133
|switch|p2a: Indeedee|Indeedee-F, L50, F|100/100
|-fieldstart|move: Psychic Terrain|[from] ability: Psychic Surge|[of] p2a: Indeedee
|-enditem|p2a: Indeedee|Psychic Seed
|-boost|p2a: Indeedee|spd|1|[from] item: Psychic Seed
|move|p1a: Calyrex|Astral Barrage|p2a: Indeedee|[spread] p2b
|-immune|p2a: Indeedee
|-damage|p2b: Heatran|4/100
|move|p1b: Terapagos|Tera Starstorm|p2a: Indeedee|[spread] p2a,p2b
|-damage|p2a: Indeedee|80/100
|-damage|p2b: Heatran|0 fnt
|faint|p2b: Heatran
|
|-heal|p1b: Terapagos|81/100 brn|[from] item: Leftovers
|-damage|p1b: Terapagos|75/100 brn|[from] brn
|upkeep
|
|t:|1750816150
|switch|p2b: Calyrex|Calyrex-Shadow, L50|100/100
|-ability|p2b: Calyrex|As One
|-ability|p2b: Calyrex|Unnerve
|turn|4
|inactive|Alox01 has 30 seconds left.
|inactive|Alox01 has 20 seconds left.
|inactive|Alox01 has 15 seconds left.
|inactive|Alox01 has 10 seconds left.
|
|t:|1750816198
|move|p2b: Calyrex|Protect|p2b: Calyrex
|-singleturn|p2b: Calyrex|Protect
|move|p1a: Calyrex|Astral Barrage|p2b: Calyrex|[spread] 
|-activate|p2b: Calyrex|move: Protect
|-immune|p2a: Indeedee
|move|p1b: Terapagos|Tera Starstorm|p2a: Indeedee|[spread] p2a
|-activate|p2b: Calyrex|move: Protect
|-damage|p2a: Indeedee|57/100
|move|p2a: Indeedee|Dazzling Gleam|p1a: Calyrex|[spread] p1a,p1b
|-damage|p1a: Calyrex|43/100
|-damage|p1b: Terapagos|66/100 brn
|
|-heal|p1b: Terapagos|72/100 brn|[from] item: Leftovers
|-damage|p1b: Terapagos|66/100 brn|[from] brn
|-sideend|p1: Mathethe|move: Tailwind
|upkeep
|turn|5
|
|t:|1750816221
|move|p2a: Indeedee|Helping Hand|p2b: Calyrex
|-singleturn|p2b: Calyrex|Helping Hand|[of] p2a: Indeedee
|move|p1a: Calyrex|Protect|p1a: Calyrex
|-singleturn|p1a: Calyrex|Protect
|move|p2b: Calyrex|Astral Barrage|p1a: Calyrex|[spread] 
|-activate|p1a: Calyrex|move: Protect
|-immune|p1b: Terapagos
|move|p1b: Terapagos|Tera Starstorm|p2a: Indeedee|[spread] p2a,p2b
|-damage|p2a: Indeedee|37/100
|-damage|p2b: Calyrex|63/100
|
|-heal|p1b: Terapagos|72/100 brn|[from] item: Leftovers
|-damage|p1b: Terapagos|66/100 brn|[from] brn
|upkeep
|turn|6
|
|t:|1750816245
|move|p2a: Indeedee|Helping Hand|p2b: Calyrex
|-singleturn|p2b: Calyrex|Helping Hand|[of] p2a: Indeedee
|move|p2b: Calyrex|Expanding Force|p1a: Calyrex|[spread] p1a,p1b
|-resisted|p1a: Calyrex
|-damage|p1a: Calyrex|0 fnt
|-damage|p1b: Terapagos|4/100 brn
|faint|p1a: Calyrex
|-ability|p2b: Calyrex|Grim Neigh|boost
|-boost|p2b: Calyrex|spa|1
|move|p1b: Terapagos|Tera Starstorm|p2b: Calyrex|[spread] p2a,p2b
|-damage|p2a: Indeedee|18/100
|-damage|p2b: Calyrex|26/100
|
|-heal|p1b: Terapagos|10/100 brn|[from] item: Leftovers
|-damage|p1b: Terapagos|4/100 brn|[from] brn
|upkeep
|turn|7
|inactive|Mathethe has 30 seconds left.
|
|t:|1750816274
|move|p1b: Terapagos|Protect|p1b: Terapagos
|-singleturn|p1b: Terapagos|Protect
|move|p2b: Calyrex|Expanding Force|p1b: Terapagos
|-activate|p1b: Terapagos|move: Protect
|move|p2a: Indeedee|Dazzling Gleam|p1b: Terapagos
|-activate|p1b: Terapagos|move: Protect
|
|-heal|p1b: Terapagos|10/100 brn|[from] item: Leftovers
|-damage|p1b: Terapagos|4/100 brn|[from] brn
|-fieldend|move: Psychic Terrain
|upkeep
|turn|8
|
|t:|1750816287
|move|p2b: Calyrex|Expanding Force|p1b: Terapagos
|-damage|p1b: Terapagos|0 fnt
|faint|p1b: Terapagos
|detailschange|p1: Terapagos|Terapagos, L50, M|[silent]
|
|win|Alox01
|raw|Mathethe's rating: 1104 &rarr; <strong>1078</strong><br />(-26 for losing)
|raw|Alox01's rating: 1090 &rarr; <strong>1118</strong><br />(+28 for winning)
|l|☆Alox01
|player|p2|
