|j|☆Isegrimm
|j|☆gomibako35
|t:|1750835721
|gametype|doubles
|player|p1|Isegrimm|gambler|1193
|player|p2|gomibako35|2|1216
|teamsize|p1|6
|teamsize|p2|6
|gen|9
|tier|[Gen 9] VGC 2025 Reg I
|rated|
|rule|Species Clause: Limit one of each Pokémon
|rule|Item Clause: Limit 1 of each item
|clearpoke
|poke|p1|Ceruledge, L50, M|
|poke|p1|Zebstrika, L50, F|
|poke|p1|Kyogre, L50|
|poke|p1|Iron Jugulis, L50|
|poke|p1|Amoonguss, L50, M|
|poke|p1|Zamazenta-*, L50|
|poke|p2|Lunala, L50|
|poke|p2|Koraidon, L50|
|poke|p2|Ursaluna, L50, F|
|poke|p2|Indeedee-F, L50, F|
|poke|p2|Urshifu-*, L50, F|
|poke|p2|Regieleki, L50|
|teampreview|4
|inactive|Battle timer is ON: inactive players will automatically lose when time's up. (requested by gomibako35)
|inactive|gomibako35 has 60 seconds left.
|
|t:|1750835767
|start
|switch|p1a: Amoonguss|Amoonguss, L50, M, shiny|100/100
|switch|p1b: Kyogre|Kyogre, L50|100/100
|switch|p2a: Lunala|Lunala, L50|100/100
|switch|p2b: Regieleki|Regieleki, L50|100/100
|-weather|RainDance|[from] ability: Drizzle|[of] p1b: Kyogre
|turn|1
|inactive|gomibako35 has 30 seconds left.
|inactive|gomibako35 has 20 seconds left.
|
|t:|1750835802
|switch|p1b: Zebstrika|Zebstrika, L50, F, shiny|100/100
|move|p2b: Regieleki|Electroweb|p1a: Amoonguss|[spread] p1a
|-ability|p1b: Zebstrika|Lightning Rod|boost
|-boost|p1b: Zebstrika|spa|1
|-resisted|p1a: Amoonguss
|-damage|p1a: Amoonguss|90/100
|-unboost|p1a: Amoonguss|spe|1
|move|p2a: Lunala|Expanding Force|p1a: Amoonguss
|-supereffective|p1a: Amoonguss
|-damage|p1a: Amoonguss|19/100
|move|p1a: Amoonguss|Spore|p2a: Lunala
|-status|p2a: Lunala|slp|[from] move: Spore
|
|-weather|RainDance|[upkeep]
|upkeep
|turn|2
|inactive|Isegrimm has 30 seconds left.
|
|t:|1750835828
|move|p2b: Regieleki|Protect|p2b: Regieleki
|-singleturn|p2b: Regieleki|Protect
|move|p1b: Zebstrika|Thunderbolt|p2a: Lunala
|-damage|p2a: Lunala|82/100 slp
|cant|p2a: Lunala|slp
|move|p1a: Amoonguss|Spore|p2b: Regieleki
|-activate|p2b: Regieleki|move: Protect
|
|-weather|RainDance|[upkeep]
|upkeep
|turn|3
|inactive|gomibako35 has 30 seconds left.
|inactive|gomibako35 has 20 seconds left.
|inactive|gomibako35 has 15 seconds left.
|
|t:|1750835868
|switch|p2b: Ursaluna|Ursaluna, L50, F|100/100
|move|p1b: Zebstrika|Thunderbolt|p2a: Lunala
|-damage|p2a: Lunala|45/100 slp
|cant|p2a: Lunala|slp
|move|p1a: Amoonguss|Spore|p2b: Ursaluna
|-status|p2b: Ursaluna|slp|[from] move: Spore
|
|-weather|RainDance|[upkeep]
|upkeep
|turn|4
|
|t:|1750835893
|switch|p1a: Kyogre|Kyogre, L50|100/100
|move|p1b: Zebstrika|Thunderbolt|p2a: Lunala
|-damage|p2a: Lunala|10/100 slp
|-curestatus|p2a: Lunala|slp|[msg]
|move|p2a: Lunala|Expanding Force|p1a: Kyogre
|-damage|p1a: Kyogre|78/100
|cant|p2b: Ursaluna|slp
|
|-weather|RainDance|[upkeep]
|upkeep
|turn|5
|inactive|gomibako35 has 30 seconds left.
|inactive|gomibako35 has 20 seconds left.
|inactive|gomibako35 has 15 seconds left.
|
|t:|1750835936
|switch|p2a: Koraidon|Koraidon, L50|100/100
|-weather|SunnyDay|[from] ability: Orichalcum Pulse|[of] p2a: Koraidon
|-activate|p2a: Koraidon|Orichalcum Pulse|[source]
|-terastallize|p2b: Ursaluna|Ghost
|move|p1b: Zebstrika|Thunderbolt|p2a: Koraidon
|-resisted|p2a: Koraidon
|-damage|p2a: Koraidon|75/100
|-status|p2a: Koraidon|par
|move|p1a: Kyogre|Hydro Pump|p2b: Ursaluna
|-damage|p2b: Ursaluna|75/100 slp
|cant|p2b: Ursaluna|slp
|
|-weather|SunnyDay|[upkeep]
|upkeep
|turn|6
|inactive|Isegrimm has 30 seconds left.
|inactive|gomibako35 has 30 seconds left.
|inactive|gomibako35 has 20 seconds left.
|
|t:|1750835973
|switch|p1a: Ceruledge|Ceruledge, L50, M, shiny|100/100
|move|p1b: Zebstrika|Screech|p2a: Koraidon
|-fail|p2a: Koraidon|unboost|[from] item: Clear Amulet|[of] p2a: Koraidon
|cant|p2a: Koraidon|par
|cant|p2b: Ursaluna|slp
|
|-weather|SunnyDay|[upkeep]
|upkeep
|turn|7
|inactive|gomibako35 has 30 seconds left.
|inactive|gomibako35 has 20 seconds left.
|
|t:|1750836012
|-terastallize|p1a: Ceruledge|Fairy
|move|p1b: Zebstrika|Screech|p2b: Ursaluna
|-unboost|p2b: Ursaluna|def|2
|move|p1a: Ceruledge|Tera Blast|p2a: Koraidon|[anim] Tera Blast Fairy
|-supereffective|p2a: Koraidon
|-damage|p2a: Koraidon|0 fnt
|faint|p2a: Koraidon
|-damage|p1a: Ceruledge|91/100|[from] item: Life Orb
|-curestatus|p2b: Ursaluna|slp|[msg]
|move|p2b: Ursaluna|Headlong Rush|p1a: Ceruledge
|-damage|p1a: Ceruledge|8/100
|-unboost|p2b: Ursaluna|def|1
|-unboost|p2b: Ursaluna|spd|1
|
|-weather|SunnyDay|[upkeep]
|-status|p2b: Ursaluna|brn|[from] item: Flame Orb
|upkeep
|
|t:|1750836031
|switch|p2a: Lunala|Lunala, L50|10/100
|turn|8
|-message|gomibako35 forfeited.
|
|win|Isegrimm
|raw|Isegrimm's rating: 1193 &rarr; <strong>1220</strong><br />(+27 for winning)
|raw|gomibako35's rating: 1216 &rarr; <strong>1189</strong><br />(-27 for losing)
|l|☆gomibako35
|player|p2|
|l|☆Isegrimm
|player|p1|
|j|☆Isegrimm
|player|p1|Isegrimm|gambler|
|l|☆Isegrimm
|player|p1|
|j|☆Isegrimm
|player|p1|Isegrimm|gambler|
|l|☆Isegrimm
|player|p1|
