|j|☆szoob busziness
|j|☆yyfyyfyyf
|t:|1750835042
|gametype|doubles
|player|p1|szoob busziness|miku-ground|1201
|player|p2|yyfyyfyyf|2|1251
|teamsize|p1|6
|teamsize|p2|6
|gen|9
|tier|[Gen 9] VGC 2025 Reg I
|rated|
|rule|Species Clause: Limit one of each Pokémon
|rule|Item Clause: Limit 1 of each item
|clearpoke
|poke|p1|Regidrago, L50|
|poke|p1|Necrozma-Dawn-Wings, L50|
|poke|p1|Walking Wake, L50|
|poke|p1|Regieleki, L50|
|poke|p1|Indeedee-F, L50, F|
|poke|p1|Koraidon, L50|
|poke|p2|Calyrex-Ice, L50|
|poke|p2|Lunala, L50|
|poke|p2|Indeedee-F, L50, F|
|poke|p2|Smeargle, L50, F|
|poke|p2|Torkoal, L50, F|
|poke|p2|Urshifu-*, L50, M|
|teampreview|4
|inactive|Battle timer is ON: inactive players will automatically lose when time's up. (requested by yyfyyfyyf)
|
|t:|1750835070
|start
|switch|p1a: Regidrago|Regidrago, L50|100/100
|switch|p1b: Indeedee|Indeedee-F, L50, F|100/100
|switch|p2a: Lunala|Lunala, L50|100/100
|switch|p2b: Indeedee|Indeedee-F, L50, F|100/100
|-fieldstart|move: Psychic Terrain|[from] ability: Psychic Surge|[of] p1b: Indeedee
|-enditem|p2b: Indeedee|Psychic Seed
|-boost|p2b: Indeedee|spd|1|[from] item: Psychic Seed
|turn|1
|
|t:|1750835086
|move|p1b: Indeedee|Follow Me|p1b: Indeedee
|-singleturn|p1b: Indeedee|move: Follow Me
|move|p1a: Regidrago|Dragon Energy|p2b: Indeedee|[spread] p2a,p2b
|-damage|p2a: Lunala|76/100
|-damage|p2b: Indeedee|54/100
|move|p2a: Lunala|Expanding Force|p1b: Indeedee|[spread] p1a,p1b
|-crit|p1a: Regidrago
|-resisted|p1b: Indeedee
|-damage|p1a: Regidrago|12/100
|-damage|p1b: Indeedee|80/100
|move|p2b: Indeedee|Trick Room|p2b: Indeedee
|-fieldstart|move: Trick Room|[of] p2b: Indeedee
|
|-heal|p2a: Lunala|82/100|[from] item: Leftovers
|upkeep
|turn|2
|
|t:|1750835105
|switch|p1a: Necrozma|Necrozma-Dawn-Wings, L50|100/100
|move|p2b: Indeedee|Helping Hand|p2a: Lunala
|-singleturn|p2a: Lunala|Helping Hand|[of] p2b: Indeedee
|move|p2a: Lunala|Expanding Force|p1a: Necrozma|[spread] p1a,p1b
|-resisted|p1a: Necrozma
|-resisted|p1b: Indeedee
|-damage|p1a: Necrozma|70/100
|-damage|p1b: Indeedee|51/100
|move|p1b: Indeedee|Trick Room|p1b: Indeedee
|-fieldend|move: Trick Room
|
|-heal|p2a: Lunala|88/100|[from] item: Leftovers
|upkeep
|turn|3
|
|t:|1750835127
|-terastallize|p1a: Necrozma|Normal
|move|p2b: Indeedee|Follow Me|p2b: Indeedee
|-singleturn|p2b: Indeedee|move: Follow Me
|move|p1a: Necrozma|Meteor Beam||[still]
|-prepare|p1a: Necrozma|Meteor Beam
|-boost|p1a: Necrozma|spa|1
|-enditem|p1a: Necrozma|Power Herb
|-anim|p1a: Necrozma|Meteor Beam|p2b: Indeedee
|-damage|p2b: Indeedee|6/100
|move|p1b: Indeedee|Imprison|p1b: Indeedee
|-start|p1b: Indeedee|move: Imprison
|move|p2a: Lunala|Expanding Force|p1b: Indeedee|[spread] p1a,p1b
|-resisted|p1b: Indeedee
|-damage|p1a: Necrozma|26/100
|-damage|p1b: Indeedee|32/100
|-enditem|p1b: Indeedee|Sitrus Berry|[eat]
|-heal|p1b: Indeedee|57/100|[from] item: Sitrus Berry
|
|-heal|p2a: Lunala|94/100|[from] item: Leftovers
|upkeep
|turn|4
|inactive|szoob busziness has 30 seconds left.
|inactive|yyfyyfyyf has 30 seconds left.
|
|t:|1750835173
|move|p1b: Indeedee|Helping Hand|p1a: Necrozma
|-singleturn|p1a: Necrozma|Helping Hand|[of] p1b: Indeedee
|move|p2b: Indeedee|Protect|p2b: Indeedee
|-singleturn|p2b: Indeedee|Protect
|move|p1a: Necrozma|Expanding Force|p2b: Indeedee|[spread] p2a
|-activate|p2b: Indeedee|move: Protect
|-resisted|p2a: Lunala
|-damage|p2a: Lunala|37/100
|move|p2a: Lunala|Expanding Force|p1b: Indeedee|[spread] p1a,p1b
|-resisted|p1b: Indeedee
|-damage|p1a: Necrozma|0 fnt
|-damage|p1b: Indeedee|37/100
|faint|p1a: Necrozma
|
|-heal|p2a: Lunala|44/100|[from] item: Leftovers
|upkeep
|
|t:|1750835187
|switch|p1a: Koraidon|Koraidon, L50|100/100
|-weather|SunnyDay|[from] ability: Orichalcum Pulse|[of] p1a: Koraidon
|-activate|p1a: Koraidon|Orichalcum Pulse|[source]
|turn|5
|-message|szoob busziness forfeited.
|
|win|yyfyyfyyf
|raw|szoob busziness's rating: 1201 &rarr; <strong>1180</strong><br />(-21 for losing)
|raw|yyfyyfyyf's rating: 1251 &rarr; <strong>1272</strong><br />(+21 for winning)
|l|☆szoob busziness
|player|p1|
|l|☆yyfyyfyyf
|player|p2|
