|j|☆coderthegreat
|j|☆aspirin139
|t:|1750858230
|gametype|doubles
|player|p1|coderthegreat|1|1118
|player|p2|aspirin139|lance|1063
|teamsize|p1|6
|teamsize|p2|6
|gen|9
|tier|[Gen 9] VGC 2025 Reg I
|rated|
|rule|Species Clause: Limit one of each Pokémon
|rule|Item Clause: Limit 1 of each item
|clearpoke
|poke|p1|Koraidon, L50|
|poke|p1|Miraidon, L50|
|poke|p1|Incineroar, L50, F|
|poke|p1|Flutter Mane, L50|
|poke|p1|Scream Tail, L50|
|poke|p1|Gothitelle, L50, M|
|poke|p2|Ting-Lu, L50|
|poke|p2|Incineroar, L50, F|
|poke|p2|Indeedee-F, L50, F|
|poke|p2|Orthworm, L50, M|
|poke|p2|Zacian-*, L50|
|poke|p2|Calyrex-Ice, L50|
|teampreview|4
|inactive|Battle timer is ON: inactive players will automatically lose when time's up. (requested by coderthegreat)
|
|t:|1750858256
|start
|switch|p1a: no u|Scream Tail, L50, shiny|100/100
|switch|p1b: halt.|Gothitelle, L50, M, shiny|100/100
|switch|p2a: Indeedee|Indeedee-F, L50, F|100/100
|switch|p2b: Ting-Lu|Ting-Lu, L50|100/100
|-fieldstart|move: Psychic Terrain|[from] ability: Psychic Surge|[of] p2a: Indeedee
|-ability|p2b: Ting-Lu|Vessel of Ruin
|-enditem|p1a: no u|Booster Energy
|-activate|p1a: no u|ability: Protosynthesis|[fromitem]
|-start|p1a: no u|protosynthesisspe
|turn|1
|c|☆aspirin139|Perish trap??
|inactive|coderthegreat has 30 seconds left.
|inactive|aspirin139 has 30 seconds left.
|
|t:|1750858289
|move|p1a: no u|Perish Song|p1a: no u
|-start|p1a: no u|perish3|[silent]
|-start|p1b: halt.|perish3|[silent]
|-start|p2a: Indeedee|perish3|[silent]
|-start|p2b: Ting-Lu|perish3|[silent]
|-fieldactivate|move: Perish Song
|move|p1b: halt.|Taunt|p2b: Ting-Lu
|-start|p2b: Ting-Lu|move: Taunt
|move|p2b: Ting-Lu|Throat Chop|p1a: no u
|-damage|p1a: no u|74/100
|-start|p1a: no u|Throat Chop|[silent]
|move|p2a: Indeedee|Trick Room|p2a: Indeedee
|-fieldstart|move: Trick Room|[of] p2a: Indeedee
|
|-start|p2b: Ting-Lu|perish3
|-start|p2a: Indeedee|perish3
|-start|p1b: halt.|perish3
|-start|p1a: no u|perish3
|upkeep
|turn|2
|
|t:|1750858310
|move|p2a: Indeedee|Helping Hand|p2b: Ting-Lu
|-singleturn|p2b: Ting-Lu|Helping Hand|[of] p2a: Indeedee
|move|p1b: halt.|Protect|p1b: halt.
|-singleturn|p1b: halt.|Protect
|move|p1a: no u|Protect|p1a: no u
|-singleturn|p1a: no u|Protect
|move|p2b: Ting-Lu|Throat Chop|p1b: halt.
|-activate|p1b: halt.|move: Protect
|
|-end|p1a: no u|Throat Chop|[silent]
|-start|p2b: Ting-Lu|perish2
|-start|p2a: Indeedee|perish2
|-start|p1b: halt.|perish2
|-start|p1a: no u|perish2
|upkeep
|turn|3
|inactive|coderthegreat has 30 seconds left.
|inactive|coderthegreat has 20 seconds left.
|
|t:|1750858346
|-terastallize|p1b: halt.|Water
|move|p2a: Indeedee|Follow Me|p2a: Indeedee
|-singleturn|p2a: Indeedee|move: Follow Me
|move|p2b: Ting-Lu|Throat Chop|p1b: halt.
|-crit|p1b: halt.
|-damage|p1b: halt.|64/100
|-start|p1b: halt.|Throat Chop|[silent]
|move|p1b: halt.|Taunt|p2a: Indeedee
|-start|p2a: Indeedee|move: Taunt
|move|p1a: no u|Encore|p2a: Indeedee
|-start|p2a: Indeedee|Encore
|
|-end|p2b: Ting-Lu|move: Taunt
|-start|p2b: Ting-Lu|perish1
|-start|p2a: Indeedee|perish1
|-start|p1b: halt.|perish1
|-start|p1a: no u|perish1
|upkeep
|turn|4
|inactive|coderthegreat has 30 seconds left.
|inactive|aspirin139 has 30 seconds left.
|
|t:|1750858375
|-end|p1a: no u|Protosynthesis|[silent]
|switch|p1a: not miraidon|Koraidon, L50|100/100
|-weather|SunnyDay|[from] ability: Orichalcum Pulse|[of] p1a: not miraidon
|-activate|p1a: not miraidon|Orichalcum Pulse|[source]
|move|p1b: halt.|Protect|p1b: halt.
|-singleturn|p1b: halt.|Protect
|move|p2b: Ting-Lu|Earthquake|p1b: halt.|[spread] p2a,p1a
|-activate|p1b: halt.|move: Protect
|-damage|p2a: Indeedee|69/100
|-damage|p1a: not miraidon|73/100
|-activate|p2a: Indeedee|move: Struggle
|move|p2a: Indeedee|Struggle|p1b: halt.
|-activate|p1b: halt.|move: Protect
|
|-weather|SunnyDay|[upkeep]
|-end|p1b: halt.|Throat Chop|[silent]
|-start|p2b: Ting-Lu|perish0
|-start|p2a: Indeedee|perish0
|-start|p1b: halt.|perish0
|faint|p2b: Ting-Lu
|faint|p2a: Indeedee
|faint|p1b: halt.
|upkeep
|
|t:|1750858395
|switch|p2b: Calyrex|Calyrex-Ice, L50|100/100
|switch|p2a: Orthworm|Orthworm, L50, M|100/100
|switch|p1b: no u|Scream Tail, L50, shiny|74/100
|-ability|p2b: Calyrex|As One
|-ability|p2b: Calyrex|Unnerve
|-activate|p1b: no u|ability: Protosynthesis
|-start|p1b: no u|protosynthesisspe
|turn|5
|inactive|aspirin139 has 30 seconds left.
|
|t:|1750858425
|-terastallize|p2a: Orthworm|Poison
|move|p2b: Calyrex|Protect|p2b: Calyrex
|-singleturn|p2b: Calyrex|Protect
|move|p1a: not miraidon|Protect|p1a: not miraidon
|-singleturn|p1a: not miraidon|Protect
|move|p1b: no u|Protect|p1b: no u
|-singleturn|p1b: no u|Protect
|move|p2a: Orthworm|Iron Head|p1b: no u
|-activate|p1b: no u|move: Protect
|
|-weather|SunnyDay|[upkeep]
|-fieldend|move: Trick Room
|-fieldend|move: Psychic Terrain
|upkeep
|turn|6
|
|t:|1750858447
|move|p1b: no u|Disable|p2a: Orthworm
|-start|p2a: Orthworm|Disable|Iron Head
|move|p1a: not miraidon|Flare Blitz|p2b: Calyrex
|-supereffective|p2b: Calyrex
|-damage|p2b: Calyrex|0 fnt
|faint|p2b: Calyrex
|-damage|p1a: not miraidon|35/100|[from] Recoil
|-damage|p1a: not miraidon|25/100|[from] item: Life Orb
|cant|p2a: Orthworm|Disable|Iron Head
|
|-weather|SunnyDay|[upkeep]
|upkeep
|turn|7
|-message|aspirin139 forfeited.
|
|win|coderthegreat
|raw|coderthegreat's rating: 1118 &rarr; <strong>1139</strong><br />(+21 for winning)
|raw|aspirin139's rating: 1063 &rarr; <strong>1047</strong><br />(-16 for losing)
|l|☆aspirin139
|player|p2|
|l|☆coderthegreat
|player|p1|
|j|☆coderthegreat
|player|p1|coderthegreat|1|
|l|☆coderthegreat
|player|p1|
|j|☆coderthegreat
|player|p1|coderthegreat|1|
|l|☆coderthegreat
|player|p1|
|j|☆coderthegreat
|player|p1|coderthegreat|1|
