|j|☆pig duck eater
|j|☆Edge Seven
|t:|1750831627
|gametype|doubles
|player|p1|pig duck eater|170|1434
|player|p2|Edge Seven|maid|1480
|teamsize|p1|6
|teamsize|p2|6
|gen|9
|tier|[Gen 9] VGC 2025 Reg I
|rated|
|rule|Species Clause: Limit one of each Pokémon
|rule|Item Clause: Limit 1 of each item
|clearpoke
|poke|p1|Sableye, L50, M|
|poke|p1|Amoonguss, L50, F|
|poke|p1|Koraidon, L50|
|poke|p1|Calyrex-Ice, L50|
|poke|p1|Armarouge, L50, M|
|poke|p1|Indeedee-F, L50, F|
|poke|p2|Calyrex-Shadow, L50|
|poke|p2|Zamazenta-*, L50|
|poke|p2|Ogerpon-Hearthflame, L50, F|
|poke|p2|Rillaboom, L50, F|
|poke|p2|Tornadus, L50, M|
|poke|p2|Chien-Pao, L50|
|teampreview|4
|inactive|Battle timer is ON: inactive players will automatically lose when time's up. (requested by Edge Seven)
|inactive|pig duck eater has 60 seconds left.
|inactive|Edge Seven has 60 seconds left.
|inactive|pig duck eater has 30 seconds left.
|inactive|Edge Seven has 30 seconds left.
|inactive|Edge Seven has 20 seconds left.
|inactive|Edge Seven has 15 seconds left.
|inactive|Edge Seven has 10 seconds left.
|
|t:|1750831707
|start
|switch|p1a: Sableye|Sableye, L50, M|100/100
|switch|p1b: Koraidon|Koraidon, L50|100/100
|switch|p2a: Tornadus|Tornadus, L50, M|100/100
|switch|p2b: Chien-Pao|Chien-Pao, L50|100/100
|-ability|p2b: Chien-Pao|Sword of Ruin
|-weather|SunnyDay|[from] ability: Orichalcum Pulse|[of] p1b: Koraidon
|-activate|p1b: Koraidon|Orichalcum Pulse|[source]
|turn|1
|
|t:|1750831732
|switch|p1b: Calyrex|Calyrex-Ice, L50|100/100
|-ability|p1b: Calyrex|As One
|-ability|p1b: Calyrex|Unnerve
|move|p2a: Tornadus|Rain Dance|p2a: Tornadus
|-weather|RainDance
|move|p1a: Sableye|Reflect|p1a: Sableye
|-sidestart|p1: pig duck eater|Reflect
|move|p2b: Chien-Pao|Taunt|p1a: Sableye
|-start|p1a: Sableye|move: Taunt
|
|-weather|RainDance|[upkeep]
|upkeep
|turn|2
|inactive|pig duck eater has 30 seconds left.
|inactive|Edge Seven has 30 seconds left.
|
|t:|1750831764
|switch|p1a: Armarouge|Armarouge, L50, M|100/100
|move|p2a: Tornadus|Taunt|p1b: Calyrex
|-start|p1b: Calyrex|move: Taunt
|move|p2b: Chien-Pao|Icicle Crash|p1a: Armarouge|[miss]
|-miss|p2b: Chien-Pao|p1a: Armarouge
|move|p1b: Calyrex|Glacial Lance|p2a: Tornadus|[spread] p2a,p2b
|-supereffective|p2a: Tornadus
|-resisted|p2b: Chien-Pao
|-damage|p2a: Tornadus|0 fnt
|-damage|p2b: Chien-Pao|62/100
|faint|p2a: Tornadus
|-ability|p1b: Calyrex|Chilling Neigh|boost
|-boost|p1b: Calyrex|atk|1
|
|-weather|RainDance|[upkeep]
|upkeep
|
|t:|1750831782
|switch|p2a: Calyrex|Calyrex-Shadow, L50|100/100
|-ability|p2a: Calyrex|As One
|-ability|p2a: Calyrex|Unnerve
|turn|3
|inactive|pig duck eater has 30 seconds left.
|inactive|Edge Seven has 30 seconds left.
|
|t:|1750831813
|-terastallize|p1a: Armarouge|Fairy
|move|p2a: Calyrex|Astral Barrage|p1b: Calyrex|[spread] p1a,p1b
|-supereffective|p1b: Calyrex
|-damage|p1a: Armarouge|19/100
|-damage|p1b: Calyrex|17/100
|-enditem|p1b: Calyrex|Weakness Policy
|-boost|p1b: Calyrex|atk|2|[from] item: Weakness Policy
|-boost|p1b: Calyrex|spa|2|[from] item: Weakness Policy
|-damage|p2a: Calyrex|91/100|[from] item: Life Orb
|move|p2b: Chien-Pao|Icicle Crash|p1b: Calyrex
|-resisted|p1b: Calyrex
|-damage|p1b: Calyrex|5/100
|move|p1b: Calyrex|Glacial Lance|p2b: Chien-Pao|[spread] p2a,p2b
|-resisted|p2b: Chien-Pao
|-damage|p2a: Calyrex|0 fnt
|-damage|p2b: Chien-Pao|0 fnt
|faint|p2a: Calyrex
|faint|p2b: Chien-Pao
|-ability|p1b: Calyrex|Chilling Neigh|boost
|-boost|p1b: Calyrex|atk|2
|move|p1a: Armarouge|Trick Room|p1a: Armarouge
|-fieldstart|move: Trick Room|[of] p1a: Armarouge
|-enditem|p1a: Armarouge|Room Service
|-unboost|p1a: Armarouge|spe|1|[from] item: Room Service
|
|-weather|RainDance|[upkeep]
|upkeep
|
|t:|1750831830
|switch|p2a: Zamazenta|Zamazenta-Crowned, L50|100/100
|-ability|p2a: Zamazenta|Dauntless Shield|boost
|-boost|p2a: Zamazenta|def|1
|turn|4
|inactive|pig duck eater has 30 seconds left.
|
|t:|1750831865
|move|p2a: Zamazenta|Protect|p2a: Zamazenta
|-singleturn|p2a: Zamazenta|Protect
|move|p1a: Armarouge|Armor Cannon|p2a: Zamazenta
|-activate|p2a: Zamazenta|move: Protect
|move|p1b: Calyrex|Glacial Lance|p2a: Zamazenta
|-activate|p2a: Zamazenta|move: Protect
|
|-weather|RainDance|[upkeep]
|-end|p1b: Calyrex|move: Taunt
|upkeep
|turn|5
|
|t:|1750831874
|move|p2a: Zamazenta|Protect|p2a: Zamazenta
|-singleturn|p2a: Zamazenta|Protect
|move|p1a: Armarouge|Armor Cannon|p2a: Zamazenta
|-activate|p2a: Zamazenta|move: Protect
|move|p1b: Calyrex|Glacial Lance|p2a: Zamazenta
|-activate|p2a: Zamazenta|move: Protect
|
|-weather|none
|upkeep
|turn|6
|
|t:|1750831877
|-terastallize|p2a: Zamazenta|Dragon
|move|p2a: Zamazenta|Wide Guard|p2a: Zamazenta
|-singleturn|p2a: Zamazenta|Wide Guard
|move|p1a: Armarouge|Armor Cannon|p2a: Zamazenta
|-resisted|p2a: Zamazenta
|-damage|p2a: Zamazenta|74/100
|-unboost|p1a: Armarouge|def|1
|-unboost|p1a: Armarouge|spd|1
|move|p1b: Calyrex|Glacial Lance|p2a: Zamazenta
|-activate|p2a: Zamazenta|move: Wide Guard
|
|upkeep
|turn|7
|
|t:|1750831891
|move|p1a: Armarouge|Clear Smog|p2a: Zamazenta
|-damage|p2a: Zamazenta|60/100
|-clearboost|p2a: Zamazenta
|move|p1b: Calyrex|High Horsepower|p2a: Zamazenta
|-damage|p2a: Zamazenta|0 fnt
|faint|p2a: Zamazenta
|
|win|pig duck eater
|raw|pig duck eater's rating: 1434 &rarr; <strong>1457</strong><br />(+23 for winning)
|raw|Edge Seven's rating: 1480 &rarr; <strong>1457</strong><br />(-23 for losing)
|l|☆Edge Seven
|player|p2|
|l|☆pig duck eater
|player|p1|
