|j|☆Locochon2000
|j|☆iloii8887uili
|t:|1750828505
|gametype|doubles
|player|p1|Locochon2000|shadowtriad|1075
|player|p2|iloii8887uili|265|1085
|teamsize|p1|6
|teamsize|p2|6
|gen|9
|tier|[Gen 9] VGC 2025 Reg I
|rated|
|rule|Species Clause: Limit one of each Pokémon
|rule|Item Clause: Limit 1 of each item
|clearpoke
|poke|p1|Kyogre, L50|
|poke|p1|Swampert, L50, F|
|poke|p1|Incineroar, L50, F|
|poke|p1|Chien-Pao, L50|
|poke|p1|Urshifu-*, L50, M|
|poke|p1|Pelipper, L50, F|
|poke|p2|Groudon, L50|
|poke|p2|Calyrex-Shadow, L50|
|poke|p2|Murkrow, L50, F|
|poke|p2|Incineroar, L50, F|
|poke|p2|Chi-Yu, L50|
|poke|p2|Dragonite, L50, F|
|teampreview|4
|
|t:|1750828526
|start
|switch|p1a: Swampert|Swampert, L50, F|100/100
|switch|p1b: Incineroar|Incineroar, L50, F|100/100
|switch|p2a: Groudon|Groudon, L50|100/100
|switch|p2b: Incineroar|Incineroar, L50, F|100/100
|-weather|SunnyDay|[from] ability: Drought|[of] p2a: Groudon
|-ability|p2b: Incineroar|Intimidate|boost
|-unboost|p1a: Swampert|atk|1
|-unboost|p1b: Incineroar|atk|1
|-ability|p1b: Incineroar|Intimidate|boost
|-unboost|p2a: Groudon|atk|1
|-unboost|p2b: Incineroar|atk|1
|turn|1
|inactive|Battle timer is ON: inactive players will automatically lose when time's up. (requested by Locochon2000)
|
|t:|1750828551
|switch|p2a: Dragonite|Dragonite, L50, F|100/100
|move|p2b: Incineroar|Fake Out|p1a: Swampert
|-damage|p1a: Swampert|94/100
|-enditem|p1a: Swampert|Red Card|[of] p2b: Incineroar
|drag|p2b: Calyrex|Calyrex-Shadow, L50|100/100
|-ability|p2b: Calyrex|As One
|-ability|p2b: Calyrex|Unnerve
|move|p1b: Incineroar|Fake Out|p2a: Dragonite
|-damage|p2a: Dragonite|93/100
|cant|p1a: Swampert|flinch
|
|-weather|SunnyDay|[upkeep]
|upkeep
|turn|2
|inactive|iloii8887uili has 30 seconds left.
|inactive|iloii8887uili has 20 seconds left.
|inactive|iloii8887uili has 15 seconds left.
|inactive|iloii8887uili has 10 seconds left.
|
|t:|1750828599
|move|p2b: Calyrex|Protect|p2b: Calyrex
|-singleturn|p2b: Calyrex|Protect
|move|p2a: Dragonite|Dragon Claw|p1b: Incineroar
|-damage|p1b: Incineroar|36/100
|move|p1a: Swampert|Stealth Rock|p2b: Calyrex
|-sidestart|p2: iloii8887uili|move: Stealth Rock
|move|p1b: Incineroar|Flare Blitz|p2b: Calyrex
|-activate|p2b: Calyrex|move: Protect
|
|-weather|SunnyDay|[upkeep]
|upkeep
|turn|3
|
|t:|1750828617
|move|p1b: Incineroar|Protect|p1b: Incineroar
|-singleturn|p1b: Incineroar|Protect
|move|p2b: Calyrex|Psychic|p1a: Swampert
|-damage|p1a: Swampert|35/100
|-damage|p2b: Calyrex|91/100|[from] item: Life Orb
|move|p2a: Dragonite|Dragon Claw|p1b: Incineroar
|-activate|p1b: Incineroar|move: Protect
|move|p1a: Swampert|Yawn|p2b: Calyrex
|-start|p2b: Calyrex|move: Yawn|[of] p1a: Swampert
|
|-weather|SunnyDay|[upkeep]
|upkeep
|turn|4
|
|t:|1750828635
|switch|p2b: Incineroar|Incineroar, L50, F|100/100
|-damage|p2b: Incineroar|75/100|[from] Stealth Rock
|-ability|p2b: Incineroar|Intimidate|boost
|-unboost|p1a: Swampert|atk|1
|-unboost|p1b: Incineroar|atk|1
|move|p2a: Dragonite|Dragon Claw|p1b: Incineroar
|-damage|p1b: Incineroar|0 fnt
|faint|p1b: Incineroar
|move|p1a: Swampert|Icy Wind|p2b: Incineroar|[spread] p2a,p2b
|-supereffective|p2a: Dragonite
|-resisted|p2b: Incineroar
|-damage|p2a: Dragonite|63/100
|-damage|p2b: Incineroar|72/100
|-unboost|p2a: Dragonite|spe|1
|-unboost|p2b: Incineroar|spe|1
|
|-weather|SunnyDay|[upkeep]
|upkeep
|
|t:|1750828653
|switch|p1b: Chien-Pao|Chien-Pao, L50|100/100
|-ability|p1b: Chien-Pao|Sword of Ruin
|turn|5
|inactive|Locochon2000 has 30 seconds left.
|
|t:|1750828686
|-terastallize|p2a: Dragonite|Normal
|move|p2b: Incineroar|Fake Out|p1a: Swampert
|-damage|p1a: Swampert|19/100
|move|p1b: Chien-Pao|Sacred Sword|p2b: Incineroar
|-supereffective|p2b: Incineroar
|-damage|p2b: Incineroar|1/100
|-enditem|p2b: Incineroar|Sitrus Berry|[eat]
|-heal|p2b: Incineroar|26/100|[from] item: Sitrus Berry
|cant|p1a: Swampert|flinch
|move|p2a: Dragonite|Dragon Claw|p1b: Chien-Pao
|-damage|p1b: Chien-Pao|5/100
|
|-weather|none
|upkeep
|turn|6
|
|t:|1750828707
|move|p1b: Chien-Pao|Protect|p1b: Chien-Pao
|-singleturn|p1b: Chien-Pao|Protect
|move|p1a: Swampert|Muddy Water|p2a: Dragonite|[spread] p2b
|-miss|p1a: Swampert|p2a: Dragonite
|-supereffective|p2b: Incineroar
|-damage|p2b: Incineroar|0 fnt
|faint|p2b: Incineroar
|move|p2a: Dragonite|Dragon Claw|p1a: Swampert
|-damage|p1a: Swampert|0 fnt
|faint|p1a: Swampert
|
|upkeep
|
|t:|1750828721
|switch|p1a: Kyogre|Kyogre, L50|100/100
|switch|p2b: Groudon|Groudon, L50|100/100
|-damage|p2b: Groudon|95/100|[from] Stealth Rock
|-weather|SunnyDay|[from] ability: Drought|[of] p2b: Groudon
|-weather|RainDance|[from] ability: Drizzle|[of] p1a: Kyogre
|turn|7
|
|t:|1750828739
|-terastallize|p1a: Kyogre|Water
|move|p1b: Chien-Pao|Icicle Crash|p2b: Groudon
|-supereffective|p2b: Groudon
|-damage|p2b: Groudon|27/100
|move|p2b: Groudon|Precipice Blades|p1b: Chien-Pao|[spread] p1a,p1b
|-damage|p1a: Kyogre|43/100
|-damage|p1b: Chien-Pao|0 fnt
|-enditem|p1a: Kyogre|Sitrus Berry|[eat]
|-heal|p1a: Kyogre|67/100|[from] item: Sitrus Berry
|faint|p1b: Chien-Pao
|move|p1a: Kyogre|Water Spout|p2b: Groudon|[spread] p2a,p2b
|-supereffective|p2b: Groudon
|-damage|p2a: Dragonite|0 fnt
|-damage|p2b: Groudon|0 fnt
|faint|p2a: Dragonite
|faint|p2b: Groudon
|
|-weather|RainDance|[upkeep]
|upkeep
|
|t:|1750828758
|switch|p2b: Calyrex|Calyrex-Shadow, L50|91/100
|-ability|p2b: Calyrex|As One
|-ability|p2b: Calyrex|Unnerve
|-damage|p2b: Calyrex|78/100|[from] Stealth Rock
|turn|8
|
|t:|1750828771
|move|p2b: Calyrex|Astral Barrage|p1a: Kyogre
|-damage|p1a: Kyogre|1/100
|-damage|p2b: Calyrex|69/100|[from] item: Life Orb
|move|p1a: Kyogre|Thunder|p2b: Calyrex
|-damage|p2b: Calyrex|23/100
|-status|p2b: Calyrex|par
|
|-weather|RainDance|[upkeep]
|upkeep
|turn|9
|-message|iloii8887uili forfeited.
|
|win|Locochon2000
|raw|Locochon2000's rating: 1075 &rarr; <strong>1105</strong><br />(+30 for winning)
|raw|iloii8887uili's rating: 1085 &rarr; <strong>1062</strong><br />(-23 for losing)
|l|☆iloii8887uili
|player|p2|
|l|☆Locochon2000
|player|p1|
