|j|☆Chowdurrr
|j|☆XxroditoxX
|t:|1750732464
|gametype|doubles
|player|p1|Chowdurrr|169|1410
|player|p2|XxroditoxX|swimmer-gen4dp|1495
|teamsize|p1|6
|teamsize|p2|6
|gen|9
|tier|[Gen 9] VGC 2025 Reg I
|rated|
|rule|Species Clause: Limit one of each Pokémon
|rule|Item Clause: Limit 1 of each item
|clearpoke
|poke|p1|Calyrex-Ice, L50|
|poke|p1|Miraidon, L50|
|poke|p1|Grimmsnarl, L50, M|
|poke|p1|Urshifu-*, L50, F|
|poke|p1|Incineroar, L50, F|
|poke|p1|Landorus, L50, M|
|poke|p2|Miraidon, L50|
|poke|p2|Calyrex-Ice, L50|
|poke|p2|Incineroar, L50, M|
|poke|p2|Landorus, L50, M|
|poke|p2|Urshifu-*, L50, F|
|poke|p2|Farigiraf, L50, F|
|teampreview|4
|inactive|Battle timer is ON: inactive players will automatically lose when time's up. (requested by Chowdurrr)
|inactive|XxroditoxX has 60 seconds left.
|
|t:|1750732498
|start
|switch|p1a: Incineroar|Incineroar, L50, F|100/100
|switch|p1b: Miraidon|Miraidon, L50|100/100
|switch|p2a: Calyrex|Calyrex-Ice, L50|100/100
|switch|p2b: Miraidon|Miraidon, L50|100/100
|-ability|p2a: Calyrex|As One
|-ability|p2a: Calyrex|Unnerve
|-fieldstart|move: Electric Terrain|[from] ability: Hadron Engine|[of] p2b: Miraidon
|-activate|p1b: Miraidon|ability: Hadron Engine
|-ability|p1a: Incineroar|Intimidate|boost
|-unboost|p2a: Calyrex|atk|1
|-unboost|p2b: Miraidon|atk|1
|turn|1
|inactive|XxroditoxX has 30 seconds left.
|inactive|Chowdurrr has 30 seconds left.
|inactive|XxroditoxX has 20 seconds left.
|inactive|XxroditoxX has 15 seconds left.
|inactive|XxroditoxX has 10 seconds left.
|
|t:|1750732548
|switch|p2b: Incineroar|Incineroar, L50, M|100/100
|-ability|p2b: Incineroar|Intimidate|boost
|-unboost|p1a: Incineroar|atk|1
|-unboost|p1b: Miraidon|atk|1
|switch|p1a: Landorus|Landorus, L50, M|100/100
|move|p2a: Calyrex|Protect|p2a: Calyrex
|-singleturn|p2a: Calyrex|Protect
|move|p1b: Miraidon|Volt Switch|p2a: Calyrex
|-activate|p2a: Calyrex|move: Protect
|
|upkeep
|turn|2
|inactive|XxroditoxX has 30 seconds left.
|
|t:|1750732573
|switch|p1b: Incineroar|Incineroar, L50, F|100/100
|-ability|p1b: Incineroar|Intimidate|boost
|-unboost|p2a: Calyrex|atk|1
|-unboost|p2b: Incineroar|atk|1
|move|p1a: Landorus|Protect|p1a: Landorus
|-singleturn|p1a: Landorus|Protect
|move|p2b: Incineroar|Fake Out|p1b: Incineroar
|-damage|p1b: Incineroar|92/100
|move|p2a: Calyrex|Leech Seed|p1a: Landorus
|-activate|p1a: Landorus|move: Protect
|
|upkeep
|turn|3
|
|t:|1750732589
|switch|p2a: Farigiraf|Farigiraf, L50, F|100/100
|-enditem|p2a: Farigiraf|Electric Seed
|-boost|p2a: Farigiraf|def|1|[from] item: Electric Seed
|move|p1b: Incineroar|Knock Off|p2a: Farigiraf
|-supereffective|p2a: Farigiraf
|-damage|p2a: Farigiraf|69/100
|move|p1a: Landorus|Earth Power|p2b: Incineroar
|-supereffective|p2b: Incineroar
|-damage|p2b: Incineroar|18/100
|move|p2b: Incineroar|U-turn|p1a: Landorus
|-resisted|p1a: Landorus
|-damage|p1a: Landorus|93/100
|
|t:|1750732599
|switch|p2b: Miraidon|Miraidon, L50|100/100|[from] U-turn
|-activate|p2b: Miraidon|ability: Hadron Engine
|
|upkeep
|turn|4
|
|t:|1750732613
|move|p2b: Miraidon|Volt Switch|p1b: Incineroar
|-damage|p1b: Incineroar|30/100
|
|t:|1750732618
|switch|p2b: Calyrex|Calyrex-Ice, L50|100/100|[from] Volt Switch
|-ability|p2b: Calyrex|As One
|-ability|p2b: Calyrex|Unnerve
|move|p1b: Incineroar|U-turn|p2a: Farigiraf
|-supereffective|p2a: Farigiraf
|-damage|p2a: Farigiraf|45/100
|
|t:|1750732623
|switch|p1b: Calyrex|Calyrex-Ice, L50|100/100|[from] U-turn
|-ability|p1b: Calyrex|As One
|-ability|p1b: Calyrex|Unnerve
|move|p1a: Landorus|Earth Power|p2b: Calyrex
|-damage|p2b: Calyrex|55/100
|move|p2a: Farigiraf|Trick Room|p2a: Farigiraf
|-fieldstart|move: Trick Room|[of] p2a: Farigiraf
|
|-heal|p2b: Calyrex|60/100|[from] item: Leftovers
|upkeep
|turn|5
|inactive|XxroditoxX has 30 seconds left.
|
|t:|1750732656
|switch|p1a: Incineroar|Incineroar, L50, F|30/100
|-ability|p1a: Incineroar|Intimidate|boost
|-unboost|p2a: Farigiraf|atk|1
|-unboost|p2b: Calyrex|atk|1
|move|p1b: Calyrex|Leech Seed|p2b: Calyrex
|-start|p2b: Calyrex|move: Leech Seed
|move|p2b: Calyrex|Leech Seed|p1b: Calyrex
|-start|p1b: Calyrex|move: Leech Seed
|move|p2a: Farigiraf|Foul Play|p1b: Calyrex
|-supereffective|p1b: Calyrex
|-damage|p1b: Calyrex|53/100
|
|-heal|p1b: Calyrex|59/100|[from] item: Leftovers
|-heal|p2b: Calyrex|66/100|[from] item: Leftovers
|-damage|p1b: Calyrex|47/100|[from] Leech Seed|[of] p2b: Calyrex
|-heal|p2b: Calyrex|78/100|[silent]
|-damage|p2b: Calyrex|66/100|[from] Leech Seed|[of] p1b: Calyrex
|-heal|p1b: Calyrex|59/100|[silent]
|-fieldend|move: Electric Terrain
|upkeep
|turn|6
|
|t:|1750732675
|-terastallize|p1b: Calyrex|Water
|move|p1b: Calyrex|Leech Seed|p2a: Farigiraf
|-start|p2a: Farigiraf|move: Leech Seed
|move|p2b: Calyrex|Glacial Lance|p1a: Incineroar|[spread] p1a,p1b
|-resisted|p1a: Incineroar
|-resisted|p1b: Calyrex
|-damage|p1a: Incineroar|12/100
|-damage|p1b: Calyrex|49/100
|move|p2a: Farigiraf|Foul Play|p1b: Calyrex
|-damage|p1b: Calyrex|24/100
|move|p1a: Incineroar|Flare Blitz|p2b: Calyrex
|-supereffective|p2b: Calyrex
|-damage|p2b: Calyrex|8/100
|-damage|p1a: Incineroar|0 fnt|[from] Recoil
|faint|p1a: Incineroar
|
|-heal|p1b: Calyrex|29/100|[from] item: Leftovers
|-heal|p2b: Calyrex|14/100|[from] item: Leftovers
|-damage|p1b: Calyrex|17/100|[from] Leech Seed|[of] p2b: Calyrex
|-heal|p2b: Calyrex|26/100|[silent]
|-damage|p2b: Calyrex|14/100|[from] Leech Seed|[of] p1b: Calyrex
|-heal|p1b: Calyrex|29/100|[silent]
|-damage|p2a: Farigiraf|33/100|[from] Leech Seed|[of] p1b: Calyrex
|-heal|p1b: Calyrex|42/100|[silent]
|upkeep
|
|t:|1750732678
|switch|p1a: Landorus|Landorus, L50, M|93/100
|turn|7
|inactive|XxroditoxX has 30 seconds left.
|
|t:|1750732703
|switch|p2a: Incineroar|Incineroar, L50, M|18/100
|-ability|p2a: Incineroar|Intimidate|boost
|-unboost|p1a: Landorus|atk|1
|-unboost|p1b: Calyrex|atk|1
|move|p2b: Calyrex|Protect|p2b: Calyrex
|-singleturn|p2b: Calyrex|Protect
|move|p1a: Landorus|Protect|p1a: Landorus
|-singleturn|p1a: Landorus|Protect
|move|p1b: Calyrex|Glacial Lance|p2a: Incineroar|[spread] p2a
|-activate|p2b: Calyrex|move: Protect
|-resisted|p2a: Incineroar
|-damage|p2a: Incineroar|2/100
|
|-heal|p1b: Calyrex|48/100|[from] item: Leftovers
|-heal|p2b: Calyrex|20/100|[from] item: Leftovers
|-damage|p1b: Calyrex|36/100|[from] Leech Seed|[of] p2b: Calyrex
|-heal|p2b: Calyrex|32/100|[silent]
|-damage|p2b: Calyrex|20/100|[from] Leech Seed|[of] p1b: Calyrex
|-heal|p1b: Calyrex|48/100|[silent]
|upkeep
|turn|8
|
|t:|1750732727
|move|p2a: Incineroar|Fake Out|p1b: Calyrex
|-damage|p1b: Calyrex|41/100
|cant|p1b: Calyrex|flinch
|move|p2b: Calyrex|Glacial Lance|p1b: Calyrex|[spread] p1a,p1b
|-supereffective|p1a: Landorus
|-resisted|p1b: Calyrex
|-damage|p1a: Landorus|0 fnt
|-damage|p1b: Calyrex|30/100
|faint|p1a: Landorus
|-ability|p2b: Calyrex|Chilling Neigh|boost
|-boost|p2b: Calyrex|atk|1
|
|-heal|p1b: Calyrex|36/100|[from] item: Leftovers
|-heal|p2b: Calyrex|26/100|[from] item: Leftovers
|-damage|p1b: Calyrex|24/100|[from] Leech Seed|[of] p2b: Calyrex
|-heal|p2b: Calyrex|38/100|[silent]
|-damage|p2b: Calyrex|26/100|[from] Leech Seed|[of] p1b: Calyrex
|-heal|p1b: Calyrex|36/100|[silent]
|-fieldend|move: Trick Room
|upkeep
|
|t:|1750732728
|switch|p1a: Miraidon|Miraidon, L50|100/100
|-fieldstart|move: Electric Terrain|[from] ability: Hadron Engine|[of] p1a: Miraidon
|turn|9
|
|t:|1750732751
|switch|p2a: Farigiraf|Farigiraf, L50, F|33/100
|move|p1a: Miraidon|Dazzling Gleam|p2a: Farigiraf|[spread] p2a,p2b
|-crit|p2a: Farigiraf
|-damage|p2a: Farigiraf|0 fnt
|-damage|p2b: Calyrex|1/100
|faint|p2a: Farigiraf
|move|p2b: Calyrex|Glacial Lance|p1b: Calyrex|[spread] p1a,p1b
|-supereffective|p1a: Miraidon
|-resisted|p1b: Calyrex
|-damage|p1a: Miraidon|13/100
|-damage|p1b: Calyrex|20/100
|move|p1b: Calyrex|Trick Room|p1b: Calyrex
|-fieldstart|move: Trick Room|[of] p1b: Calyrex
|
|-heal|p1b: Calyrex|26/100|[from] item: Leftovers
|-heal|p2b: Calyrex|7/100|[from] item: Leftovers
|-damage|p1b: Calyrex|14/100|[from] Leech Seed|[of] p2b: Calyrex
|-heal|p2b: Calyrex|19/100|[silent]
|-damage|p2b: Calyrex|7/100|[from] Leech Seed|[of] p1b: Calyrex
|-heal|p1b: Calyrex|26/100|[silent]
|upkeep
|inactive|XxroditoxX has 30 seconds left.
|c|☆Chowdurrr|whattttt
|inactive|XxroditoxX has 20 seconds left.
|c|☆Chowdurrr|you must have been at 1 $
|
|t:|1750732791
|switch|p2a: Incineroar|Incineroar, L50, M|2/100
|-ability|p2a: Incineroar|Intimidate|boost
|-unboost|p1a: Miraidon|atk|1
|-unboost|p1b: Calyrex|atk|1
|turn|10
|c|☆Chowdurrr|1%
|inactive|XxroditoxX has 30 seconds left.
|c|☆Chowdurrr|wildly unlucky
|
|t:|1750732823
|move|p1b: Calyrex|Protect|p1b: Calyrex
|-singleturn|p1b: Calyrex|Protect
|move|p2a: Incineroar|Fake Out|p1b: Calyrex
|-activate|p1b: Calyrex|move: Protect
|move|p2b: Calyrex|Glacial Lance|p1a: Miraidon|[spread] p1a
|-activate|p1b: Calyrex|move: Protect
|-supereffective|p1a: Miraidon
|-damage|p1a: Miraidon|0 fnt
|faint|p1a: Miraidon
|-ability|p2b: Calyrex|Chilling Neigh|boost
|-boost|p2b: Calyrex|atk|1
|
|-heal|p1b: Calyrex|31/100|[from] item: Leftovers
|-heal|p2b: Calyrex|13/100|[from] item: Leftovers
|-damage|p1b: Calyrex|19/100|[from] Leech Seed|[of] p2b: Calyrex
|-heal|p2b: Calyrex|25/100|[silent]
|-damage|p2b: Calyrex|13/100|[from] Leech Seed|[of] p1b: Calyrex
|-heal|p1b: Calyrex|31/100|[silent]
|upkeep
|turn|11
|c|☆Chowdurrr|gg
|
|t:|1750732837
|move|p1b: Calyrex|Glacial Lance|p2b: Calyrex|[spread] p2a,p2b
|-resisted|p2a: Incineroar
|-resisted|p2b: Calyrex
|-crit|p2b: Calyrex
|-damage|p2a: Incineroar|0 fnt
|-damage|p2b: Calyrex|0 fnt
|faint|p2a: Incineroar
|faint|p2b: Calyrex
|-ability|p1b: Calyrex|Chilling Neigh|boost
|-boost|p1b: Calyrex|atk|2
|
|-heal|p1b: Calyrex|37/100|[from] item: Leftovers
|upkeep
|
|t:|1750732843
|switch|p2a: Miraidon|Miraidon, L50|100/100
|-activate|p2a: Miraidon|ability: Hadron Engine
|turn|12
|
|t:|1750732847
|-terastallize|p2a: Miraidon|Fairy
|move|p1b: Calyrex|Glacial Lance|p2a: Miraidon
|-damage|p2a: Miraidon|32/100
|move|p2a: Miraidon|Electro Drift|p1b: Calyrex
|-supereffective|p1b: Calyrex
|-damage|p1b: Calyrex|0 fnt
|faint|p1b: Calyrex
|
|win|XxroditoxX
|raw|Chowdurrr's rating: 1410 &rarr; <strong>1395</strong><br />(-15 for losing)
|raw|XxroditoxX's rating: 1495 &rarr; <strong>1510</strong><br />(+15 for winning)
|c|☆XxroditoxX|ggs
