|j|☆AngelilloVGC
|j|☆YggyGP
|t:|1750838565
|gametype|doubles
|player|p1|AngelilloVGC|102|1223
|player|p2|YggyGP|falkner|1191
|teamsize|p1|6
|teamsize|p2|6
|gen|9
|tier|[Gen 9] VGC 2025 Reg I
|rated|
|rule|Species Clause: Limit one of each Pokémon
|rule|Item Clause: Limit 1 of each item
|clearpoke
|poke|p1|Miraidon, L50|
|poke|p1|Kyurem-White, L50|
|poke|p1|Ninetales-Alola, L50, F|
|poke|p1|Rillaboom, L50, M|
|poke|p1|Suicune, L50|
|poke|p1|Incineroar, L50, M|
|poke|p2|Koraidon, L50|
|poke|p2|Scovillain, L50, M|
|poke|p2|Miraidon, L50|
|poke|p2|Chesnaught, L50, F|
|poke|p2|Clefairy, L50, F|
|poke|p2|Indeedee-F, L50, F|
|teampreview|4
|inactive|Battle timer is ON: inactive players will automatically lose when time's up. (requested by YggyGP)
|inactive|YggyGP has 60 seconds left.
|
|t:|1750838618
|start
|switch|p1a: Ninetales|Ninetales-Alola, L50, F|100/100
|switch|p1b: Miraidon|Miraidon, L50|100/100
|switch|p2a: Miraidon|Miraidon, L50|100/100
|switch|p2b: Clefairy|Clefairy, L50, F|100/100
|-fieldstart|move: Electric Terrain|[from] ability: Hadron Engine|[of] p2a: Miraidon
|-activate|p1b: Miraidon|ability: Hadron Engine
|-weather|Snowscape|[from] ability: Snow Warning|[of] p1a: Ninetales
|turn|1
|
|t:|1750838628
|-terastallize|p1b: Miraidon|Electric
|move|p2b: Clefairy|Follow Me|p2b: Clefairy
|-singleturn|p2b: Clefairy|move: Follow Me
|move|p2a: Miraidon|Draco Meteor|p1b: Miraidon
|-damage|p1b: Miraidon|11/100
|-unboost|p2a: Miraidon|spa|2
|move|p1b: Miraidon|Volt Switch|p2b: Clefairy
|-damage|p2b: Clefairy|12/100
|
|t:|1750838644
|switch|p1b: Kyurem|Kyurem-White, L50, shiny|100/100|[from] Volt Switch
|-ability|p1b: Kyurem|Turboblaze
|move|p1a: Ninetales|Aurora Veil|p1a: Ninetales
|-sidestart|p1: AngelilloVGC|move: Aurora Veil
|
|-weather|Snowscape|[upkeep]
|upkeep
|turn|2
|
|t:|1750838665
|move|p2b: Clefairy|Follow Me|p2b: Clefairy
|-singleturn|p2b: Clefairy|move: Follow Me
|move|p2a: Miraidon|Draco Meteor|p1b: Kyurem
|-supereffective|p1b: Kyurem
|-damage|p1b: Kyurem|45/100
|-unboost|p2a: Miraidon|spa|2
|move|p1a: Ninetales|Icy Wind|p2b: Clefairy|[spread] p2a,p2b
|-supereffective|p2a: Miraidon
|-damage|p2a: Miraidon|83/100
|-damage|p2b: Clefairy|0 fnt
|-unboost|p2a: Miraidon|spe|1
|faint|p2b: Clefairy
|move|p1b: Kyurem|Blizzard|p2a: Miraidon
|-supereffective|p2a: Miraidon
|-damage|p2a: Miraidon|0 fnt
|faint|p2a: Miraidon
|
|-weather|Snowscape|[upkeep]
|upkeep
|
|t:|1750838675
|switch|p2a: Koraidon|Koraidon, L50|100/100
|switch|p2b: Indeedee|Indeedee-F, L50, F|100/100
|-weather|SunnyDay|[from] ability: Orichalcum Pulse|[of] p2a: Koraidon
|-activate|p2a: Koraidon|Orichalcum Pulse|[source]
|-fieldstart|move: Psychic Terrain|[from] ability: Psychic Surge|[of] p2b: Indeedee
|-enditem|p2b: Indeedee|Psychic Seed
|-boost|p2b: Indeedee|spd|1|[from] item: Psychic Seed
|turn|3
|
|t:|1750838699
|switch|p1b: Suicune|Suicune, L50, shiny|100/100
|-terastallize|p2a: Koraidon|Fire
|move|p2a: Koraidon|Flame Charge|p1b: Suicune
|-resisted|p1b: Suicune
|-damage|p1b: Suicune|84/100
|-boost|p2a: Koraidon|spe|1
|move|p1a: Ninetales|Icy Wind|p2b: Indeedee|[spread] p2a,p2b
|-resisted|p2a: Koraidon
|-damage|p2a: Koraidon|94/100
|-damage|p2b: Indeedee|92/100
|-unboost|p2b: Indeedee|spe|1
|move|p2b: Indeedee|Psychic|p1a: Ninetales
|-damage|p1a: Ninetales|73/100
|
|-weather|SunnyDay|[upkeep]
|-heal|p1b: Suicune|89/100|[from] item: Leftovers
|upkeep
|turn|4
|
|t:|1750838720
|switch|p1a: Miraidon|Miraidon, L50, tera:Electric|11/100
|-fieldstart|move: Electric Terrain|[from] ability: Hadron Engine|[of] p1a: Miraidon
|move|p2b: Indeedee|Follow Me|p2b: Indeedee
|-singleturn|p2b: Indeedee|move: Follow Me
|move|p2a: Koraidon|Collision Course|p1a: Miraidon
|-damage|p1a: Miraidon|0 fnt
|faint|p1a: Miraidon
|move|p1b: Suicune|Tailwind|p1b: Suicune
|-sidestart|p1: AngelilloVGC|move: Tailwind
|
|-weather|SunnyDay|[upkeep]
|-heal|p1b: Suicune|95/100|[from] item: Leftovers
|upkeep
|inactive|AngelilloVGC has 30 seconds left.
|inactive|AngelilloVGC has 20 seconds left.
|inactive|AngelilloVGC has 15 seconds left.
|
|t:|1750838764
|switch|p1a: Ninetales|Ninetales-Alola, L50, F|73/100
|-weather|Snowscape|[from] ability: Snow Warning|[of] p1a: Ninetales
|turn|5
|
|t:|1750838784
|move|p2a: Koraidon|Protect|p2a: Koraidon
|-singleturn|p2a: Koraidon|Protect
|move|p1a: Ninetales|Icy Wind|p2b: Indeedee|[spread] p2b
|-activate|p2a: Koraidon|move: Protect
|-damage|p2b: Indeedee|84/100
|-unboost|p2b: Indeedee|spe|1
|move|p1b: Suicune|Scald|p2a: Koraidon
|-activate|p2a: Koraidon|move: Protect
|move|p2b: Indeedee|Psychic|p1a: Ninetales
|-damage|p1a: Ninetales|50/100
|-unboost|p1a: Ninetales|spd|1
|
|-weather|Snowscape|[upkeep]
|-heal|p1b: Suicune|100/100|[from] item: Leftovers
|upkeep
|turn|6
|inactive|YggyGP has 30 seconds left.
|
|t:|1750838811
|move|p2b: Indeedee|Follow Me|p2b: Indeedee
|-singleturn|p2b: Indeedee|move: Follow Me
|move|p1a: Ninetales|Icy Wind|p2a: Koraidon|[spread] p2a,p2b
|-resisted|p2a: Koraidon
|-damage|p2a: Koraidon|87/100
|-damage|p2b: Indeedee|76/100
|-unboost|p2b: Indeedee|spe|1
|move|p2a: Koraidon|Flare Blitz|p1a: Ninetales
|-supereffective|p1a: Ninetales
|-damage|p1a: Ninetales|0 fnt
|faint|p1a: Ninetales
|-damage|p2a: Koraidon|72/100|[from] Recoil
|move|p1b: Suicune|Scald|p2b: Indeedee
|-damage|p2b: Indeedee|59/100
|-status|p2b: Indeedee|brn
|
|-weather|Snowscape|[upkeep]
|-damage|p2b: Indeedee|53/100 brn|[from] brn
|upkeep
|inactive|AngelilloVGC has 30 seconds left.
|
|t:|1750838845
|switch|p1a: Kyurem|Kyurem-White, L50, shiny|45/100
|-ability|p1a: Kyurem|Turboblaze
|turn|7
|
|t:|1750838859
|move|p2a: Koraidon|Protect|p2a: Koraidon
|-singleturn|p2a: Koraidon|Protect
|move|p2b: Indeedee|Protect|p2b: Indeedee
|-singleturn|p2b: Indeedee|Protect
|move|p1a: Kyurem|Blizzard|p2a: Koraidon|[spread] 
|-activate|p2a: Koraidon|move: Protect
|-activate|p2b: Indeedee|move: Protect
|move|p1b: Suicune|Scald|p2a: Koraidon
|-activate|p2a: Koraidon|move: Protect
|
|-weather|Snowscape|[upkeep]
|-damage|p2b: Indeedee|47/100 brn|[from] brn
|-sideend|p1: AngelilloVGC|move: Tailwind
|upkeep
|turn|8
|
|t:|1750838876
|move|p2b: Indeedee|Follow Me|p2b: Indeedee
|-singleturn|p2b: Indeedee|move: Follow Me
|move|p2a: Koraidon|Collision Course|p1a: Kyurem
|-supereffective|p1a: Kyurem
|-damage|p1a: Kyurem|0 fnt
|faint|p1a: Kyurem
|move|p1b: Suicune|Scald|p2b: Indeedee
|-damage|p2b: Indeedee|32/100 brn
|
|-weather|Snowscape|[upkeep]
|-damage|p2b: Indeedee|25/100 brn|[from] brn
|-sideend|p1: AngelilloVGC|move: Aurora Veil
|-fieldend|move: Electric Terrain
|upkeep
|turn|9
|inactive|AngelilloVGC has 30 seconds left.
|
|t:|1750838906
|move|p2b: Indeedee|Follow Me|p2b: Indeedee
|-singleturn|p2b: Indeedee|move: Follow Me
|move|p2a: Koraidon|Collision Course|p1b: Suicune
|-damage|p1b: Suicune|61/100
|move|p1b: Suicune|Snarl|p2a: Koraidon|[spread] p2a,p2b
|-supereffective|p2b: Indeedee
|-damage|p2a: Koraidon|64/100
|-damage|p2b: Indeedee|13/100 brn
|-unboost|p2b: Indeedee|spa|1
|
|-weather|none
|-heal|p1b: Suicune|67/100|[from] item: Leftovers
|-damage|p2b: Indeedee|7/100 brn|[from] brn
|upkeep
|turn|10
|
|t:|1750838931
|move|p2b: Indeedee|Follow Me|p2b: Indeedee
|-singleturn|p2b: Indeedee|move: Follow Me
|move|p2a: Koraidon|Collision Course|p1b: Suicune
|-damage|p1b: Suicune|27/100
|move|p1b: Suicune|Snarl|p2a: Koraidon|[spread] p2a,p2b
|-supereffective|p2b: Indeedee
|-damage|p2a: Koraidon|55/100
|-damage|p2b: Indeedee|0 fnt
|faint|p2b: Indeedee
|
|-heal|p1b: Suicune|33/100|[from] item: Leftovers
|upkeep
|turn|11
|
|t:|1750838939
|move|p2a: Koraidon|Collision Course|p1b: Suicune
|-damage|p1b: Suicune|0 fnt
|faint|p1b: Suicune
|
|win|YggyGP
|raw|AngelilloVGC's rating: 1223 &rarr; <strong>1196</strong><br />(-27 for losing)
|raw|YggyGP's rating: 1191 &rarr; <strong>1218</strong><br />(+27 for winning)
|l|☆AngelilloVGC
|player|p1|
|l|☆YggyGP
|player|p2|
