|j|☆Zordor
|j|☆Oura138
|t:|1750784498
|gametype|doubles
|player|p1|Zordor|pilot|1633
|player|p2|Oura138|koga|1681
|teamsize|p1|6
|teamsize|p2|6
|gen|9
|tier|[Gen 9] VGC 2025 Reg I
|rated|
|rule|Species Clause: Limit one of each Pokémon
|rule|Item Clause: Limit 1 of each item
|clearpoke
|poke|p1|Entei, L50|
|poke|p1|Walking Wake, L50|
|poke|p1|Groudon, L50|
|poke|p1|Zacian-*, L50|
|poke|p1|Thundurus, L50, M|
|poke|p1|Primarina, L50, F|
|poke|p2|Grimmsnarl, L50, M|
|poke|p2|Calyrex-Ice, L50|
|poke|p2|Incineroar, L50, M|
|poke|p2|Miraidon, L50|
|poke|p2|Urshifu-*, L50, F|
|poke|p2|Landorus, L50, M|
|teampreview|4
|
|t:|1750784556
|start
|switch|p1a: Groudon|Groudon, L50|100/100
|switch|p1b: Walking Wake|Walking Wake, L50|100/100
|switch|p2a: Grimmsnarl|Grimmsnarl, L50, M|100/100
|switch|p2b: Calyrex|Calyrex-Ice, L50|100/100
|-ability|p2b: Calyrex|As One
|-ability|p2b: Calyrex|Unnerve
|-weather|SunnyDay|[from] ability: Drought|[of] p1a: Groudon
|-activate|p1b: Walking Wake|ability: Protosynthesis
|-start|p1b: Walking Wake|protosynthesisspe
|turn|1
|
|t:|1750784583
|-end|p1b: Walking Wake|Protosynthesis|[silent]
|switch|p1b: Entei|Entei, L50|100/100
|-terastallize|p2b: Calyrex|Water
|move|p2a: Grimmsnarl|Reflect|p2a: Grimmsnarl
|-sidestart|p2: Oura138|Reflect
|move|p1a: Groudon|Rock Slide|p2b: Calyrex|[spread] p2a,p2b
|-damage|p2a: Grimmsnarl|85/100
|-damage|p2b: Calyrex|92/100
|move|p2b: Calyrex|Glacial Lance|p1a: Groudon|[spread] p1a,p1b
|-supereffective|p1a: Groudon
|-resisted|p1b: Entei
|-damage|p1a: Groudon|31/100
|-damage|p1b: Entei|77/100
|
|-weather|SunnyDay|[upkeep]
|-heal|p1b: Entei|83/100|[from] item: Leftovers
|-heal|p2b: Calyrex|98/100|[from] item: Leftovers
|upkeep
|turn|2
|
|t:|1750784624
|move|p2a: Grimmsnarl|Parting Shot|p1b: Entei
|-unboost|p1b: Entei|atk|1
|-unboost|p1b: Entei|spa|1
|
|t:|1750784629
|switch|p2a: Incineroar|Incineroar, L50, M|100/100|[from] Parting Shot
|-ability|p2a: Incineroar|Intimidate|boost
|-fail|p1a: Groudon|unboost|[from] item: Clear Amulet|[of] p1a: Groudon
|-fail|p1b: Entei|unboost|Attack|[from] ability: Inner Focus|[of] p1b: Entei
|move|p1a: Groudon|Heat Crash|p2a: Incineroar
|-resisted|p2a: Incineroar
|-damage|p2a: Incineroar|85/100
|-damage|p1a: Groudon|15/100|[from] item: Rocky Helmet|[of] p2a: Incineroar
|move|p1b: Entei|Substitute|p1b: Entei
|-start|p1b: Entei|Substitute
|-damage|p1b: Entei|58/100
|move|p2b: Calyrex|Leech Seed||[still]
|-fail|p2b: Calyrex
|
|-weather|SunnyDay|[upkeep]
|-heal|p1b: Entei|64/100|[from] item: Leftovers
|-heal|p2b: Calyrex|100/100|[from] item: Leftovers
|upkeep
|turn|3
|
|t:|1750784647
|move|p1a: Groudon|Protect|p1a: Groudon
|-singleturn|p1a: Groudon|Protect
|move|p1b: Entei|Protect|p1b: Entei
|-singleturn|p1b: Entei|Protect
|move|p2a: Incineroar|Parting Shot|p1b: Entei
|-activate|p1b: Entei|move: Protect
|move|p2b: Calyrex|Glacial Lance|p1b: Entei|[spread] 
|-activate|p1a: Groudon|move: Protect
|-activate|p1b: Entei|move: Protect
|
|-weather|SunnyDay|[upkeep]
|-heal|p1b: Entei|71/100|[from] item: Leftovers
|upkeep
|turn|4
|
|t:|1750784662
|switch|p1a: Zacian|Zacian-Crowned, L50|100/100
|-ability|p1a: Zacian|Intrepid Sword|boost
|-boost|p1a: Zacian|atk|1
|move|p1b: Entei|Sacred Fire|p2b: Calyrex
|-resisted|p2b: Calyrex
|-damage|p2b: Calyrex|91/100
|-status|p2b: Calyrex|brn
|move|p2a: Incineroar|Parting Shot|p1b: Entei
|-unboost|p1b: Entei|atk|1
|-unboost|p1b: Entei|spa|1
|
|t:|1750784674
|switch|p2a: Grimmsnarl|Grimmsnarl, L50, M|85/100|[from] Parting Shot
|move|p2b: Calyrex|Glacial Lance|p1b: Entei|[spread] p1a,p1b
|-resisted|p1b: Entei
|-activate|p1b: Entei|move: Substitute|[damage]
|-resisted|p1a: Zacian
|-damage|p1a: Zacian|89/100
|
|-weather|SunnyDay|[upkeep]
|-heal|p1b: Entei|77/100|[from] item: Leftovers
|-heal|p2b: Calyrex|97/100 brn|[from] item: Leftovers
|-damage|p2b: Calyrex|91/100 brn|[from] brn
|upkeep
|turn|5
|
|t:|1750784691
|-terastallize|p1a: Zacian|Dark
|move|p2a: Grimmsnarl|Parting Shot|p1b: Entei
|-unboost|p1b: Entei|atk|1
|-unboost|p1b: Entei|spa|1
|
|t:|1750784696
|switch|p2a: Incineroar|Incineroar, L50, M|85/100|[from] Parting Shot
|-ability|p2a: Incineroar|Intimidate|boost
|-unboost|p1a: Zacian|atk|1
|-immune|p1b: Entei
|move|p1a: Zacian|Behemoth Blade|p2a: Incineroar
|-resisted|p2a: Incineroar
|-damage|p2a: Incineroar|71/100
|-damage|p1a: Zacian|73/100|[from] item: Rocky Helmet|[of] p2a: Incineroar
|move|p1b: Entei|Sacred Fire|p2a: Incineroar
|-resisted|p2a: Incineroar
|-crit|p2a: Incineroar
|-damage|p2a: Incineroar|32/100
|move|p2b: Calyrex|Leech Seed|p1a: Zacian
|-start|p1a: Zacian|move: Leech Seed
|
|-weather|none
|-heal|p1b: Entei|83/100|[from] item: Leftovers
|-heal|p2b: Calyrex|97/100 brn|[from] item: Leftovers
|-damage|p1a: Zacian|61/100|[from] Leech Seed|[of] p2b: Calyrex
|-heal|p2b: Calyrex|100/100 brn|[silent]
|-damage|p2b: Calyrex|95/100 brn|[from] brn
|upkeep
|turn|6
|
|t:|1750784728
|switch|p1a: Groudon|Groudon, L50|15/100
|-weather|SunnyDay|[from] ability: Drought|[of] p1a: Groudon
|move|p1b: Entei|Sacred Fire|p2b: Calyrex|[miss]
|-miss|p1b: Entei|p2b: Calyrex
|move|p2a: Incineroar|Knock Off|p1b: Entei
|-end|p1b: Entei|Substitute
|move|p2b: Calyrex|Leech Seed|p1b: Entei
|-start|p1b: Entei|move: Leech Seed
|
|-weather|SunnyDay|[upkeep]
|-heal|p1b: Entei|89/100|[from] item: Leftovers
|-heal|p2b: Calyrex|100/100 brn|[from] item: Leftovers
|-damage|p1b: Entei|77/100|[from] Leech Seed|[of] p2b: Calyrex
|-damage|p2b: Calyrex|95/100 brn|[from] brn
|upkeep
|turn|7
|
|t:|1750784751
|switch|p1b: Zacian|Zacian-Crowned, L50, tera:Dark|61/100
|switch|p2a: Landorus|Landorus, L50, M|100/100
|move|p1a: Groudon|Rock Slide|p2a: Landorus|[spread] p2a,p2b
|-crit|p2a: Landorus
|-damage|p2a: Landorus|71/100
|-damage|p2b: Calyrex|86/100 brn
|cant|p2b: Calyrex|flinch
|
|-weather|SunnyDay|[upkeep]
|-heal|p2b: Calyrex|92/100 brn|[from] item: Leftovers
|-damage|p2b: Calyrex|86/100 brn|[from] brn
|upkeep
|turn|8
|
|t:|1750784781
|switch|p1a: Entei|Entei, L50|77/100
|switch|p2a: Incineroar|Incineroar, L50, M|32/100
|-ability|p2a: Incineroar|Intimidate|boost
|-fail|p1a: Entei|unboost|Attack|[from] ability: Inner Focus|[of] p1a: Entei
|-unboost|p1b: Zacian|atk|1
|move|p1b: Zacian|Protect|p1b: Zacian
|-singleturn|p1b: Zacian|Protect
|move|p2b: Calyrex|Glacial Lance|p1b: Zacian|[spread] p1a
|-activate|p1b: Zacian|move: Protect
|-resisted|p1a: Entei
|-damage|p1a: Entei|66/100
|
|-weather|SunnyDay|[upkeep]
|-heal|p1a: Entei|72/100|[from] item: Leftovers
|-heal|p2b: Calyrex|92/100 brn|[from] item: Leftovers
|-damage|p2b: Calyrex|86/100 brn|[from] brn
|-sideend|p2: Oura138|Reflect
|upkeep
|turn|9
|
|t:|1750784806
|switch|p1b: Walking Wake|Walking Wake, L50|100/100
|-activate|p1b: Walking Wake|ability: Protosynthesis
|-start|p1b: Walking Wake|protosynthesisspe
|move|p1a: Entei|Protect|p1a: Entei
|-singleturn|p1a: Entei|Protect
|move|p2a: Incineroar|Parting Shot|p1a: Entei
|-activate|p1a: Entei|move: Protect
|move|p2b: Calyrex|Leech Seed|p1b: Walking Wake
|-start|p1b: Walking Wake|move: Leech Seed
|
|-weather|SunnyDay|[upkeep]
|-heal|p1a: Entei|78/100|[from] item: Leftovers
|-heal|p2b: Calyrex|92/100 brn|[from] item: Leftovers
|-damage|p1b: Walking Wake|88/100|[from] Leech Seed|[of] p2b: Calyrex
|-heal|p2b: Calyrex|100/100 brn|[silent]
|-damage|p2b: Calyrex|95/100 brn|[from] brn
|upkeep
|turn|10
|
|t:|1750784839
|move|p1b: Walking Wake|Hydro Steam|p2a: Incineroar
|-supereffective|p2a: Incineroar
|-damage|p2a: Incineroar|0 fnt
|faint|p2a: Incineroar
|move|p1a: Entei|Substitute|p1a: Entei
|-start|p1a: Entei|Substitute
|-damage|p1a: Entei|53/100
|move|p2b: Calyrex|Trick Room|p2b: Calyrex
|-fieldstart|move: Trick Room|[of] p2b: Calyrex
|
|-weather|none
|-end|p1b: Walking Wake|Protosynthesis
|-heal|p2b: Calyrex|100/100 brn|[from] item: Leftovers
|-heal|p1a: Entei|60/100|[from] item: Leftovers
|-damage|p1b: Walking Wake|76/100|[from] Leech Seed|[of] p2b: Calyrex
|-damage|p2b: Calyrex|95/100 brn|[from] brn
|upkeep
|-enditem|p1b: Walking Wake|Booster Energy
|-activate|p1b: Walking Wake|ability: Protosynthesis|[fromitem]
|-start|p1b: Walking Wake|protosynthesisspe
|
|t:|1750784859
|switch|p2a: Landorus|Landorus, L50, M|71/100
|turn|11
|
|t:|1750784880
|move|p1a: Entei|Protect|p1a: Entei
|-singleturn|p1a: Entei|Protect
|move|p2b: Calyrex|Glacial Lance|p1b: Walking Wake|[spread] p1b
|-activate|p1a: Entei|move: Protect
|-damage|p1b: Walking Wake|50/100
|move|p2a: Landorus|Sandsear Storm|p1b: Walking Wake|[spread] p1b
|-activate|p1a: Entei|move: Protect
|-damage|p1b: Walking Wake|0 fnt
|faint|p1b: Walking Wake
|-end|p1b: Walking Wake|Protosynthesis|[silent]
|
|-heal|p2b: Calyrex|100/100 brn|[from] item: Leftovers
|-heal|p1a: Entei|66/100|[from] item: Leftovers
|-damage|p2b: Calyrex|95/100 brn|[from] brn
|upkeep
|
|t:|1750784888
|switch|p1b: Zacian|Zacian-Crowned, L50, tera:Dark|61/100
|turn|12
|
|t:|1750784922
|move|p1b: Zacian|Protect|p1b: Zacian
|-singleturn|p1b: Zacian|Protect
|move|p2b: Calyrex|Glacial Lance|p1b: Zacian|[spread] p1a
|-activate|p1b: Zacian|move: Protect
|-resisted|p1a: Entei
|-activate|p1a: Entei|move: Substitute|[damage]
|move|p1a: Entei|Sacred Fire|p2a: Landorus
|-damage|p2a: Landorus|30/100
|move|p2a: Landorus|Earth Power|p1b: Zacian
|-activate|p1b: Zacian|move: Protect
|
|-heal|p2b: Calyrex|100/100 brn|[from] item: Leftovers
|-heal|p1a: Entei|72/100|[from] item: Leftovers
|-damage|p2b: Calyrex|95/100 brn|[from] brn
|upkeep
|turn|13
|
|t:|1750784956
|move|p2b: Calyrex|Leech Seed|p1b: Zacian
|-start|p1b: Zacian|move: Leech Seed
|move|p1a: Entei|Sacred Fire|p2a: Landorus
|-damage|p2a: Landorus|0 fnt
|faint|p2a: Landorus
|move|p1b: Zacian|Play Rough|p2b: Calyrex
|-damage|p2b: Calyrex|65/100 brn
|
|-heal|p2b: Calyrex|71/100 brn|[from] item: Leftovers
|-heal|p1a: Entei|78/100|[from] item: Leftovers
|-damage|p1b: Zacian|49/100|[from] Leech Seed|[of] p2b: Calyrex
|-heal|p2b: Calyrex|82/100 brn|[silent]
|-damage|p2b: Calyrex|76/100 brn|[from] brn
|upkeep
|
|t:|1750784971
|switch|p2a: Grimmsnarl|Grimmsnarl, L50, M|85/100
|turn|14
|
|t:|1750784981
|move|p1a: Entei|Protect|p1a: Entei
|-singleturn|p1a: Entei|Protect
|move|p2a: Grimmsnarl|Reflect|p2a: Grimmsnarl
|-sidestart|p2: Oura138|Reflect
|move|p2b: Calyrex|Glacial Lance|p1b: Zacian|[spread] p1b
|-activate|p1a: Entei|move: Protect
|-damage|p1b: Zacian|26/100
|move|p1b: Zacian|Behemoth Blade|p2a: Grimmsnarl
|-supereffective|p2a: Grimmsnarl
|-damage|p2a: Grimmsnarl|12/100
|
|-heal|p2b: Calyrex|82/100 brn|[from] item: Leftovers
|-heal|p1a: Entei|85/100|[from] item: Leftovers
|-damage|p1b: Zacian|14/100|[from] Leech Seed|[of] p2b: Calyrex
|-heal|p2b: Calyrex|93/100 brn|[silent]
|-damage|p2b: Calyrex|87/100 brn|[from] brn
|-fieldend|move: Trick Room
|upkeep
|turn|15
|
|t:|1750785009
|move|p1a: Entei|Extreme Speed|p2a: Grimmsnarl
|-damage|p2a: Grimmsnarl|0 fnt
|faint|p2a: Grimmsnarl
|move|p1b: Zacian|Play Rough|p2b: Calyrex
|-damage|p2b: Calyrex|65/100 brn
|move|p2b: Calyrex|Trick Room|p2b: Calyrex
|-fieldstart|move: Trick Room|[of] p2b: Calyrex
|
|-heal|p2b: Calyrex|71/100 brn|[from] item: Leftovers
|-heal|p1a: Entei|91/100|[from] item: Leftovers
|-damage|p1b: Zacian|2/100|[from] Leech Seed|[of] p2b: Calyrex
|-heal|p2b: Calyrex|82/100 brn|[silent]
|-damage|p2b: Calyrex|76/100 brn|[from] brn
|upkeep
|turn|16
|
|t:|1750785041
|switch|p1b: Groudon|Groudon, L50|15/100
|-weather|SunnyDay|[from] ability: Drought|[of] p1b: Groudon
|move|p1a: Entei|Protect|p1a: Entei
|-singleturn|p1a: Entei|Protect
|move|p2b: Calyrex|Glacial Lance|p1b: Groudon|[spread] p1b
|-activate|p1a: Entei|move: Protect
|-supereffective|p1b: Groudon
|-damage|p1b: Groudon|0 fnt
|faint|p1b: Groudon
|-ability|p2b: Calyrex|Chilling Neigh|boost
|-boost|p2b: Calyrex|atk|1
|
|-weather|SunnyDay|[upkeep]
|-heal|p2b: Calyrex|82/100 brn|[from] item: Leftovers
|-heal|p1a: Entei|97/100|[from] item: Leftovers
|-damage|p2b: Calyrex|76/100 brn|[from] brn
|upkeep
|
|t:|1750785048
|switch|p1b: Zacian|Zacian-Crowned, L50, tera:Dark|2/100
|turn|17
|-message|Oura138 forfeited.
|
|win|Zordor
|raw|Zordor's rating: 1633 &rarr; <strong>1656</strong><br />(+23 for winning)
|raw|Oura138's rating: 1681 &rarr; <strong>1658</strong><br />(-23 for losing)
|l|☆Oura138
|player|p2|
