|j|☆Carajo666
|j|☆Mars002
|t:|1750718605
|gametype|doubles
|player|p1|Carajo666|roughneck|1621
|player|p2|Mars002|101|1611
|teamsize|p1|6
|teamsize|p2|6
|gen|9
|tier|[Gen 9] VGC 2025 Reg I
|rated|
|rule|Species Clause: Limit one of each Pokémon
|rule|Item Clause: Limit 1 of each item
|clearpoke
|poke|p1|Lunala, L50|
|poke|p1|Tyranitar, L50, F|
|poke|p1|Amoonguss, L50, F|
|poke|p1|Ho-Oh, L50|
|poke|p1|Excadrill, L50, M|
|poke|p1|Enamorus-Therian, L50, F|
|poke|p2|Groudon, L50|
|poke|p2|Calyrex-Ice, L50|
|poke|p2|Rillaboom, L50, F|
|poke|p2|Annihilape, L50, M|
|poke|p2|Walking Wake, L50|
|poke|p2|Comfey, L50, M|
|teampreview|4
|inactive|Battle timer is ON: inactive players will automatically lose when time's up. (requested by Mars002)
|inactive|Carajo666 has 60 seconds left.
|inactive|Mars002 has 60 seconds left.
|
|t:|1750718647
|start
|switch|p1a: Lunala|Lunala, L50|100/100
|switch|p1b: Tyranitar|Tyranitar, L50, F|100/100
|switch|p2a: Annihilape|Annihilape, L50, M|100/100
|switch|p2b: Walking Wake|Walking Wake, L50|100/100
|-weather|Sandstorm|[from] ability: Sand Stream|[of] p1b: Tyranitar
|turn|1
|inactive|Mars002 has 30 seconds left.
|
|t:|1750718672
|switch|p1b: Enamorus|Enamorus-Therian, L50, F|100/100
|-terastallize|p2b: Walking Wake|Water
|-terastallize|p1a: Lunala|Fairy
|move|p2a: Annihilape|U-turn|p1a: Lunala
|-resisted|p1a: Lunala
|-damage|p1a: Lunala|97/100
|
|t:|1750718681
|switch|p2a: Groudon|Groudon, L50|100/100|[from] U-turn
|-weather|SunnyDay|[from] ability: Drought|[of] p2a: Groudon
|-activate|p2b: Walking Wake|ability: Protosynthesis
|-start|p2b: Walking Wake|protosynthesisspe
|move|p2b: Walking Wake|Hydro Steam|p1a: Lunala
|-damage|p1a: Lunala|20/100
|move|p1a: Lunala|Trick Room|p1a: Lunala
|-fieldstart|move: Trick Room|[of] p1a: Lunala
|
|-weather|SunnyDay|[upkeep]
|upkeep
|turn|2
|
|t:|1750718705
|-end|p2b: Walking Wake|Protosynthesis|[silent]
|switch|p2b: Calyrex|Calyrex-Ice, L50|100/100
|-ability|p2b: Calyrex|As One
|-ability|p2b: Calyrex|Unnerve
|move|p1b: Enamorus|Dazzling Gleam|p2a: Groudon|[spread] p2a,p2b
|-damage|p2a: Groudon|70/100
|-damage|p2b: Calyrex|66/100
|move|p1a: Lunala|Moonblast|p2b: Calyrex
|-damage|p2b: Calyrex|25/100
|move|p2a: Groudon|Heat Crash|p1b: Enamorus
|-crit|p1b: Enamorus
|-damage|p1b: Enamorus|9/100
|
|-weather|SunnyDay|[upkeep]
|upkeep
|turn|3
|inactive|Mars002 has 30 seconds left.
|
|t:|1750718733
|move|p1b: Enamorus|Dazzling Gleam|p2b: Calyrex|[spread] p2a,p2b
|-damage|p2a: Groudon|38/100
|-damage|p2b: Calyrex|0 fnt
|faint|p2b: Calyrex
|move|p1a: Lunala|Moonblast|p2a: Groudon
|-damage|p2a: Groudon|4/100
|move|p2a: Groudon|Rock Slide|p1a: Lunala|[spread] p1a,p1b
|-supereffective|p1b: Enamorus
|-damage|p1a: Lunala|0 fnt
|-damage|p1b: Enamorus|0 fnt
|faint|p1a: Lunala
|faint|p1b: Enamorus
|
|-weather|SunnyDay|[upkeep]
|upkeep
|
|t:|1750718752
|switch|p1b: Tyranitar|Tyranitar, L50, F|100/100
|switch|p2b: Annihilape|Annihilape, L50, M|100/100
|switch|p1a: Excadrill|Excadrill, L50, M|100/100
|-weather|Sandstorm|[from] ability: Sand Stream|[of] p1b: Tyranitar
|turn|4
|
|t:|1750718775
|switch|p2a: Walking Wake|Walking Wake, L50, tera:Water|100/100
|move|p1a: Excadrill|Protect|p1a: Excadrill
|-singleturn|p1a: Excadrill|Protect
|move|p1b: Tyranitar|Knock Off|p2b: Annihilape
|-damage|p2b: Annihilape|42/100
|-enditem|p2b: Annihilape|Choice Scarf|[from] move: Knock Off|[of] p1b: Tyranitar
|move|p2b: Annihilape|Close Combat|p1b: Tyranitar
|-supereffective|p1b: Tyranitar
|-damage|p1b: Tyranitar|0 fnt
|-unboost|p2b: Annihilape|def|1
|-unboost|p2b: Annihilape|spd|1
|faint|p1b: Tyranitar
|
|-weather|Sandstorm|[upkeep]
|-damage|p2b: Annihilape|36/100|[from] Sandstorm
|-damage|p2a: Walking Wake|94/100|[from] Sandstorm
|upkeep
|turn|5
|
|t:|1750718794
|switch|p2b: Groudon|Groudon, L50|4/100
|-weather|SunnyDay|[from] ability: Drought|[of] p2b: Groudon
|-activate|p2a: Walking Wake|ability: Protosynthesis
|-start|p2a: Walking Wake|protosynthesisspe
|move|p1a: Excadrill|Protect||[still]
|-fail|p1a: Excadrill
|move|p2a: Walking Wake|Hydro Steam|p1a: Excadrill
|-supereffective|p1a: Excadrill
|-enditem|p1a: Excadrill|Focus Sash
|-damage|p1a: Excadrill|1/100
|
|-weather|SunnyDay|[upkeep]
|-fieldend|move: Trick Room
|upkeep
|turn|6
|-message|Carajo666 forfeited.
|
|win|Mars002
|raw|Carajo666's rating: 1621 &rarr; <strong>1600</strong><br />(-21 for losing)
|raw|Mars002's rating: 1611 &rarr; <strong>1632</strong><br />(+21 for winning)
|l|☆Carajo666
|player|p1|
|l|☆Mars002
|player|p2|
