|j|☆go0bler
|j|☆Ellos257
|t:|1750742183
|gametype|doubles
|player|p1|go0bler|170|1368
|player|p2|Ellos257|102|1364
|teamsize|p1|6
|teamsize|p2|6
|gen|9
|tier|[Gen 9] VGC 2025 Reg I
|rated|
|rule|Species Clause: Limit one of each Pokémon
|rule|Item Clause: Limit 1 of each item
|clearpoke
|poke|p1|Miraidon, L50|
|poke|p1|Terapagos, L50, M|
|poke|p1|Incineroar, L50, M|
|poke|p1|Sinistcha, L50|
|poke|p1|Urshifu-*, L50, M|
|poke|p1|Iron Treads, L50|
|poke|p2|Miraidon, L50|
|poke|p2|Lunala, L50|
|poke|p2|Grimmsnarl, L50, M|
|poke|p2|Incineroar, L50, M|
|poke|p2|Ursaluna, L50, M|
|poke|p2|Urshifu-*, L50, M|
|teampreview|4
|
|t:|1750742191
|start
|switch|p1a: Terapagos|Terapagos, L50, M|100/100
|switch|p1b: Incineroar|Incineroar, L50, M|100/100
|switch|p2a: Miraidon|Miraidon, L50|100/100
|switch|p2b: Urshifu|Urshifu-Rapid-Strike, L50, M|100/100
|-activate|p1a: Terapagos|ability: Tera Shift
|detailschange|p1a: Terapagos|Terapagos-Terastal, L50, M
|-heal|p1a: Terapagos|100/100|[silent]
|-fieldstart|move: Electric Terrain|[from] ability: Hadron Engine|[of] p2a: Miraidon
|-enditem|p1a: Terapagos|Electric Seed
|-boost|p1a: Terapagos|def|1|[from] item: Electric Seed
|-ability|p1b: Incineroar|Intimidate|boost
|-unboost|p2a: Miraidon|atk|1
|-unboost|p2b: Urshifu|atk|1
|turn|1
|inactive|Battle timer is ON: inactive players will automatically lose when time's up. (requested by Ellos257)
|inactive|go0bler has 60 seconds left.
|
|t:|1750742230
|switch|p2a: Ursaluna|Ursaluna, L50, M|100/100
|switch|p2b: Lunala|Lunala, L50|100/100
|-enditem|p2b: Lunala|Electric Seed
|-boost|p2b: Lunala|def|1|[from] item: Electric Seed
|move|p1b: Incineroar|Fake Out|p2b: Lunala
|-immune|p2b: Lunala
|move|p1a: Terapagos|Earth Power|p2a: Ursaluna
|-damage|p2a: Ursaluna|73/100
|
|-status|p2a: Ursaluna|brn|[from] item: Flame Orb
|upkeep
|turn|2
|
|t:|1750742251
|move|p1a: Terapagos|Calm Mind|p1a: Terapagos
|-boost|p1a: Terapagos|spa|1
|-boost|p1a: Terapagos|spd|1
|move|p1b: Incineroar|Knock Off|p2b: Lunala
|-supereffective|p2b: Lunala
|-damage|p2b: Lunala|63/100
|move|p2a: Ursaluna|Headlong Rush|p1b: Incineroar
|-supereffective|p1b: Incineroar
|-damage|p1b: Incineroar|0 fnt
|-unboost|p2a: Ursaluna|def|1
|-unboost|p2a: Ursaluna|spd|1
|-damage|p2a: Ursaluna|57/100 brn|[from] item: Rocky Helmet|[of] p1b: Incineroar
|faint|p1b: Incineroar
|move|p2b: Lunala|Trick Room|p2b: Lunala
|-fieldstart|move: Trick Room|[of] p2b: Lunala
|
|-damage|p2a: Ursaluna|51/100 brn|[from] brn
|upkeep
|
|t:|1750742256
|switch|p1b: Sinistcha|Sinistcha, L50|100/100
|turn|3
|
|t:|1750742276
|move|p1b: Sinistcha|Protect|p1b: Sinistcha
|-singleturn|p1b: Sinistcha|Protect
|move|p1a: Terapagos|Protect|p1a: Terapagos
|-singleturn|p1a: Terapagos|Protect
|move|p2a: Ursaluna|Facade|p1a: Terapagos
|-activate|p1a: Terapagos|move: Protect
|move|p2b: Lunala|Moongeist Beam|p1b: Sinistcha
|-activate|p1b: Sinistcha|move: Protect
|
|-damage|p2a: Ursaluna|45/100 brn|[from] brn
|upkeep
|turn|4
|inactive|go0bler has 30 seconds left.
|
|t:|1750742307
|move|p2a: Ursaluna|Protect|p2a: Ursaluna
|-singleturn|p2a: Ursaluna|Protect
|move|p1b: Sinistcha|Rage Powder|p1b: Sinistcha
|-singleturn|p1b: Sinistcha|move: Rage Powder
|move|p1a: Terapagos|Tera Starstorm|p2a: Ursaluna
|-activate|p2a: Ursaluna|move: Protect
|move|p2b: Lunala|Moongeist Beam|p1b: Sinistcha
|-supereffective|p1b: Sinistcha
|-crit|p1b: Sinistcha
|-enditem|p1b: Sinistcha|Focus Sash
|-damage|p1b: Sinistcha|1/100
|
|-damage|p2a: Ursaluna|39/100 brn|[from] brn
|upkeep
|turn|5
|
|t:|1750742326
|move|p1b: Sinistcha|Protect|p1b: Sinistcha
|-singleturn|p1b: Sinistcha|Protect
|move|p1a: Terapagos|Protect|p1a: Terapagos
|-singleturn|p1a: Terapagos|Protect
|move|p2b: Lunala|Wide Guard|p2b: Lunala
|-singleturn|p2b: Lunala|Wide Guard
|move|p2a: Ursaluna|Earthquake|p1a: Terapagos|[spread] 
|-activate|p2b: Lunala|move: Wide Guard
|-activate|p1a: Terapagos|move: Protect
|-activate|p1b: Sinistcha|move: Protect
|
|-damage|p2a: Ursaluna|33/100 brn|[from] brn
|-fieldend|move: Electric Terrain
|upkeep
|turn|6
|inactive|go0bler has 30 seconds left.
|
|t:|1750742354
|move|p2b: Lunala|Wide Guard|p2b: Lunala
|-singleturn|p2b: Lunala|Wide Guard
|move|p2a: Ursaluna|Earthquake|p1b: Sinistcha|[spread] p1a,p1b
|-activate|p2b: Lunala|move: Wide Guard
|-activate|p1a: Terapagos|ability: Tera Shell
|-resisted|p1a: Terapagos
|-resisted|p1b: Sinistcha
|-damage|p1a: Terapagos|83/100
|-damage|p1b: Sinistcha|0 fnt
|faint|p1b: Sinistcha
|move|p1a: Terapagos|Tera Starstorm|p2a: Ursaluna
|-damage|p2a: Ursaluna|0 fnt
|faint|p2a: Ursaluna
|
|-fieldend|move: Trick Room
|upkeep
|
|t:|1750742377
|switch|p1b: Miraidon|Miraidon, L50|100/100
|switch|p2a: Miraidon|Miraidon, L50|100/100
|-fieldstart|move: Electric Terrain|[from] ability: Hadron Engine|[of] p2a: Miraidon
|-activate|p1b: Miraidon|ability: Hadron Engine
|turn|7
|inactive|Ellos257 has 30 seconds left.
|
|t:|1750742405
|-terastallize|p1b: Miraidon|Fairy
|-terastallize|p2b: Lunala|Fairy
|move|p2a: Miraidon|Electro Drift|p1a: Terapagos
|-damage|p1a: Terapagos|34/100
|move|p1b: Miraidon|Snarl|p2a: Miraidon|[spread] p2a,p2b
|-resisted|p2b: Lunala
|-damage|p2a: Miraidon|88/100
|-damage|p2b: Lunala|57/100
|-unboost|p2a: Miraidon|spa|1
|-unboost|p2b: Lunala|spa|1
|move|p2b: Lunala|Moonblast|p1b: Miraidon
|-damage|p1b: Miraidon|83/100
|-unboost|p1b: Miraidon|spa|1
|move|p1a: Terapagos|Earth Power|p2a: Miraidon
|-supereffective|p2a: Miraidon
|-damage|p2a: Miraidon|34/100
|-unboost|p2a: Miraidon|spd|1
|
|upkeep
|turn|8
|
|t:|1750742428
|move|p1a: Terapagos|Protect|p1a: Terapagos
|-singleturn|p1a: Terapagos|Protect
|move|p2a: Miraidon|Electro Drift|p1b: Miraidon
|-damage|p1b: Miraidon|53/100
|move|p1b: Miraidon|Snarl|p2b: Lunala|[spread] p2b
|-miss|p1b: Miraidon|p2a: Miraidon
|-resisted|p2b: Lunala
|-damage|p2b: Lunala|52/100
|-unboost|p2b: Lunala|spa|1
|move|p2b: Lunala|Moonblast|p1a: Terapagos
|-activate|p1a: Terapagos|move: Protect
|
|upkeep
|turn|9
|inactive|go0bler has 30 seconds left.
|
|t:|1750742458
|move|p2a: Miraidon|Electro Drift|p1b: Miraidon
|-damage|p1b: Miraidon|23/100
|move|p1b: Miraidon|Snarl|p2a: Miraidon|[spread] p2a,p2b
|-resisted|p2b: Lunala
|-damage|p2a: Miraidon|22/100
|-damage|p2b: Lunala|47/100
|-unboost|p2a: Miraidon|spa|1
|-unboost|p2b: Lunala|spa|1
|move|p2b: Lunala|Moonblast|p1a: Terapagos
|-crit|p1a: Terapagos
|-damage|p1a: Terapagos|0 fnt
|faint|p1a: Terapagos
|
|upkeep
|turn|10
|
|t:|1750742478
|move|p2a: Miraidon|Electro Drift|p1b: Miraidon
|-damage|p1b: Miraidon|2/100
|move|p1b: Miraidon|Snarl|p2b: Lunala|[spread] p2a,p2b
|-resisted|p2b: Lunala
|-damage|p2a: Miraidon|9/100
|-damage|p2b: Lunala|42/100
|-unboost|p2a: Miraidon|spa|1
|-unboost|p2b: Lunala|spa|1
|move|p2b: Lunala|Moongeist Beam|p1b: Miraidon
|-damage|p1b: Miraidon|0 fnt
|faint|p1b: Miraidon
|
|win|Ellos257
|raw|go0bler's rating: 1368 &rarr; <strong>1348</strong><br />(-20 for losing)
|raw|Ellos257's rating: 1364 &rarr; <strong>1384</strong><br />(+20 for winning)
|l|☆go0bler
|player|p1|
|l|☆Ellos257
|player|p2|
