|j|☆jrod7780
|j|☆Ech022
|html|<table width="100%"><tr><td align="left">jrod7780</td><td align="right">Ech022</tr><tr><td align="left"><i class="fa fa-circle-o"></i> <i class="fa fa-circle-o"></i> </td><td align="right"><i class="fa fa-circle-o"></i> <i class="fa fa-circle-o"></i> </tr></table>
|uhtml|bestof|<h2><strong>Game 1</strong> of <a href="/game-bestof3-gen9vgc2025regi-2391024675">a best-of-3</a></h2>
|t:|1750794061
|gametype|doubles
|player|p1|jrod7780|wallace|
|player|p2|Ech022|2|
|teamsize|p1|6
|teamsize|p2|6
|gen|9
|tier|[Gen 9] VGC 2025 Reg I
|rule|Tera Type Preview: Tera Types are shown at Team Preview
|rule|Species Clause: Limit one of each Pokémon
|rule|Item Clause: Limit 1 of each item
|raw|<div class="infobox"><details class="readmore" open><summary><strong>2 custom rules:</strong></summary> Best of = 3, Tera Type Preview</details></div>
|clearpoke
|poke|p1|Morgrem, L50, M|
|poke|p1|Ogerpon-Cornerstone, L50, F|
|poke|p1|Volcarona, L50, M|
|poke|p1|Moltres-Galar, L50|
|poke|p1|Pawmot, L50, M|
|poke|p1|Gothorita, L50, F|
|poke|p2|Farigiraf, L50, M|
|poke|p2|Munkidori, L50, M|
|poke|p2|Weezing-Galar, L50, F|
|poke|p2|Sinistcha, L50|
|poke|p2|Dusknoir, L50, F|
|poke|p2|Ursaluna-Bloodmoon, L50, M|
|teampreview|4
|raw|jrod7780's Tera Types:<br /><psicon pokemon="morgrem" /><psicon type="Ghost" /> / <psicon pokemon="ogerponcornerstone" /><psicon type="Rock" /> / <psicon pokemon="volcarona" /><psicon type="Grass" /> / <psicon pokemon="moltresgalar" /><psicon type="Poison" /> / <psicon pokemon="pawmot" /><psicon type="Electric" /> / <psicon pokemon="gothorita" /><psicon type="Psychic" />
|raw|Ech022's Tera Types:<br /><psicon pokemon="farigiraf" /><psicon type="Dragon" /> / <psicon pokemon="munkidori" /><psicon type="Dark" /> / <psicon pokemon="weezinggalar" /><psicon type="Psychic" /> / <psicon pokemon="sinistcha" /><psicon type="Grass" /> / <psicon pokemon="dusknoir" /><psicon type="Dark" /> / <psicon pokemon="ursalunabloodmoon" /><psicon type="Fairy" />
|inactive|Battle timer is ON: inactive players will automatically lose when time's up. (requested by jrod7780)
|inactiveoff|Battle timer is now OFF.
|c|☆jrod7780|you okay with people watching
jrod7780 rejected open team sheets.
|c|☆Ech022|I am fine with on us 2
|c|☆jrod7780|okay gl hf
|c|☆Ech022|you 2 and thx
|
|t:|1750794159
|start
|switch|p1a: Morgrem|Morgrem, L50, M|100/100
|switch|p1b: Moltres|Moltres-Galar, L50|100/100
|switch|p2a: Munkidori|Munkidori, L50, M|100/100
|switch|p2b: Farigiraf|Farigiraf, L50, M|100/100
|-item|p1a: Morgrem|Ability Shield|[from] ability: Frisk|[of] p2a: Munkidori
|-item|p1b: Moltres|Sitrus Berry|[from] ability: Frisk|[of] p2a: Munkidori
|turn|1
|
|t:|1750794194
|move|p1a: Morgrem|Reflect|p1a: Morgrem
|-sidestart|p1: jrod7780|Reflect
|move|p2a: Munkidori|U-turn|p1a: Morgrem
|-damage|p1a: Morgrem|89/100
|
|t:|1750794203
|switch|p2a: Ursaluna|Ursaluna-Bloodmoon, L50, M|100/100|[from] U-turn
|move|p1b: Moltres|Nasty Plot|p1b: Moltres
|-boost|p1b: Moltres|spa|2
|move|p2b: Farigiraf|Trick Room|p2b: Farigiraf
|-fieldstart|move: Trick Room|[of] p2b: Farigiraf
|
|upkeep
|turn|2
|
|t:|1750794245
|move|p2b: Farigiraf|Helping Hand|p2a: Ursaluna
|-singleturn|p2a: Ursaluna|Helping Hand|[of] p2b: Farigiraf
|move|p1a: Morgrem|Scary Face|p1b: Moltres
|-unboost|p1b: Moltres|spe|2
|move|p1b: Moltres|Fiery Wrath|p2b: Farigiraf|[spread] p2a,p2b
|-supereffective|p2b: Farigiraf
|-damage|p2a: Ursaluna|28/100
|-damage|p2b: Farigiraf|18/100
|move|p2a: Ursaluna|Blood Moon|p1b: Moltres
|-damage|p1b: Moltres|0 fnt
|faint|p1b: Moltres
|
|upkeep
|
|t:|1750794259
|switch|p1b: Ogerpon|Ogerpon-Cornerstone, L50, F|100/100
|turn|3
|
|t:|1750794278
|move|p1a: Morgrem|Light Screen|p1a: Morgrem
|-sidestart|p1: jrod7780|move: Light Screen
|move|p2a: Ursaluna|Moonblast|p1a: Morgrem
|-supereffective|p1a: Morgrem
|-damage|p1a: Morgrem|27/100
|move|p2b: Farigiraf|Dazzling Gleam|p1a: Morgrem|[spread] p1a,p1b
|-supereffective|p1a: Morgrem
|-damage|p1a: Morgrem|0 fnt
|-damage|p1b: Ogerpon|87/100
|faint|p1a: Morgrem
|move|p1b: Ogerpon|Horn Leech|p2a: Ursaluna
|-supereffective|p2a: Ursaluna
|-damage|p2a: Ursaluna|0 fnt
|-heal|p1b: Ogerpon|100/100|[from] drain|[of] p2a: Ursaluna
|faint|p2a: Ursaluna
|
|upkeep
|
|t:|1750794294
|switch|p2a: Dusknoir|Dusknoir, L50, F|100/100
|switch|p1a: Volcarona|Volcarona, L50, M|100/100
|-item|p1a: Volcarona|Leftovers|[from] ability: Frisk|[of] p2a: Dusknoir
|-item|p1b: Ogerpon|Cornerstone Mask|[from] ability: Frisk|[of] p2a: Dusknoir
|turn|4
|
|t:|1750794322
|move|p2a: Dusknoir|Ice Punch|p1b: Ogerpon
|-supereffective|p1b: Ogerpon
|-damage|p1b: Ogerpon|54/100
|move|p2b: Farigiraf|Hyper Voice|p1b: Ogerpon|[spread] p1a,p1b
|-resisted|p1b: Ogerpon
|-damage|p1a: Volcarona|85/100
|-damage|p1b: Ogerpon|44/100
|-enditem|p2b: Farigiraf|Throat Spray
|-boost|p2b: Farigiraf|spa|1|[from] item: Throat Spray
|move|p1a: Volcarona|Quiver Dance|p1a: Volcarona
|-boost|p1a: Volcarona|spa|1
|-boost|p1a: Volcarona|spd|1
|-boost|p1a: Volcarona|spe|1
|move|p1b: Ogerpon|Ivy Cudgel|p2b: Farigiraf|[anim] Ivy Cudgel Rock
|-damage|p2b: Farigiraf|0 fnt
|faint|p2b: Farigiraf
|
|-heal|p1a: Volcarona|91/100|[from] item: Leftovers
|upkeep
|
|t:|1750794340
|switch|p2b: Munkidori|Munkidori, L50, M|100/100
|-item|p1a: Volcarona|Leftovers|[from] ability: Frisk|[of] p2b: Munkidori
|-item|p1b: Ogerpon|Cornerstone Mask|[from] ability: Frisk|[of] p2b: Munkidori
|turn|5
|
|t:|1750794363
|move|p1b: Ogerpon|Spiky Shield|p1b: Ogerpon
|-singleturn|p1b: Ogerpon|move: Protect
|move|p2a: Dusknoir|Ice Punch|p1b: Ogerpon
|-activate|p1b: Ogerpon|move: Protect
|-damage|p2a: Dusknoir|88/100|[from] Spiky Shield|[of] p1b: Ogerpon
|move|p1a: Volcarona|Giga Drain|p2a: Dusknoir
|-damage|p2a: Dusknoir|66/100
|-heal|p1a: Volcarona|99/100|[from] drain|[of] p2a: Dusknoir
|move|p2b: Munkidori|Shadow Ball|p1a: Volcarona
|-damage|p1a: Volcarona|89/100
|
|-heal|p1a: Volcarona|95/100|[from] item: Leftovers
|-sideend|p1: jrod7780|Reflect
|-fieldend|move: Trick Room
|upkeep
|turn|6
|
|t:|1750794390
|move|p2a: Dusknoir|Shadow Sneak|p1b: Ogerpon
|-damage|p1b: Ogerpon|20/100
|move|p2b: Munkidori|Shadow Ball|p1b: Ogerpon
|-damage|p1b: Ogerpon|0 fnt
|faint|p1b: Ogerpon
|move|p1a: Volcarona|Bug Buzz|p2a: Dusknoir
|-resisted|p2a: Dusknoir
|-damage|p2a: Dusknoir|44/100
|
|-heal|p1a: Volcarona|100/100|[from] item: Leftovers
|upkeep
|turn|7
|
|t:|1750794412
|move|p2b: Munkidori|Shadow Ball|p1a: Volcarona
|-damage|p1a: Volcarona|90/100
|move|p1a: Volcarona|Heat Wave|p2a: Dusknoir|[spread] p2b
|-miss|p1a: Volcarona|p2a: Dusknoir
|-damage|p2b: Munkidori|34/100
|move|p2a: Dusknoir|Thunder Punch|p1a: Volcarona
|-damage|p1a: Volcarona|62/100
|
|-heal|p1a: Volcarona|68/100|[from] item: Leftovers
|-sideend|p1: jrod7780|move: Light Screen
|upkeep
|turn|8
|
|t:|1750794435
|-terastallize|p1a: Volcarona|Grass
|move|p2a: Dusknoir|Shadow Sneak|p1a: Volcarona
|-damage|p1a: Volcarona|45/100
|move|p2b: Munkidori|Shadow Ball|p1a: Volcarona
|-damage|p1a: Volcarona|28/100
|move|p1a: Volcarona|Heat Wave|p2b: Munkidori|[spread] p2a,p2b
|-damage|p2a: Dusknoir|10/100
|-damage|p2b: Munkidori|0 fnt
|-status|p2a: Dusknoir|brn
|faint|p2b: Munkidori
|
|-heal|p1a: Volcarona|33/100|[from] item: Leftovers
|-damage|p2a: Dusknoir|4/100 brn|[from] brn
|upkeep
|turn|9
|
|t:|1750794456
|-terastallize|p2a: Dusknoir|Dark
|move|p1a: Volcarona|Giga Drain|p2a: Dusknoir
|-damage|p2a: Dusknoir|0 fnt
|-heal|p1a: Volcarona|35/100|[from] drain|[of] p2a: Dusknoir
|faint|p2a: Dusknoir
|
|win|jrod7780
|c|☆Ech022|ggs
|inactive|jrod7780 has 30 seconds to confirm battle start!
|inactive|Ech022 has 30 seconds to confirm battle start!
||Ech022 is ready for game 2.
