|j|☆AndyGR_02
|j|☆ShadowShun
|t:|1750842645
|gametype|doubles
|player|p1|AndyGR_02|n|1322
|player|p2|ShadowShun|maylene|1377
|teamsize|p1|6
|teamsize|p2|6
|gen|9
|tier|[Gen 9] VGC 2025 Reg I
|rated|
|rule|Species Clause: Limit one of each Pokémon
|rule|Item Clause: Limit 1 of each item
|clearpoke
|poke|p1|Lunala, L50|
|poke|p1|Ursaluna, L50, M|
|poke|p1|Urshifu-*, L50, F|
|poke|p1|Miraidon, L50|
|poke|p1|Grimmsnarl, L50, M|
|poke|p1|Incineroar, L50, M|
|poke|p2|Raichu, L50, M|
|poke|p2|Ogerpon, L50, F|
|poke|p2|Kyogre, L50|
|poke|p2|Zamazenta-*, L50|
|poke|p2|Chien-Pao, L50|
|poke|p2|Tornadus, L50, M|
|teampreview|4
ShadowShun has agreed to open team sheets.
|inactive|Battle timer is ON: inactive players will automatically lose when time's up. (requested by ShadowShun)
|inactive|ShadowShun has 60 seconds left.
|l|☆AndyGR_02
|inactive|AndyGR_02 disconnected and has a minute to reconnect!
|player|p1|
|inactive|ShadowShun has 30 seconds left.
|j|☆AndyGR_02
|inactive|AndyGR_02 reconnected.
|player|p1|AndyGR_02|n|
|inactive|ShadowShun has 20 seconds left.
|inactive|ShadowShun has 15 seconds left.
|
|t:|1750842732
|start
|switch|p1a: Lunala|Lunala, L50, shiny|100/100
|switch|p1b: Incineroar|Incineroar, L50, M|100/100
|switch|p2a: Raichu|Raichu, L50, M|100/100
|switch|p2b: Zamazenta|Zamazenta-Crowned, L50|100/100
|-ability|p2b: Zamazenta|Dauntless Shield|boost
|-boost|p2b: Zamazenta|def|1
|-ability|p1b: Incineroar|Intimidate|boost
|-unboost|p2a: Raichu|atk|1
|-unboost|p2b: Zamazenta|atk|1
|turn|1
|
|t:|1750842748
|move|p2a: Raichu|Fake Out|p1b: Incineroar
|-damage|p1b: Incineroar|97/100
|-damage|p2a: Raichu|84/100|[from] item: Rocky Helmet|[of] p1b: Incineroar
|cant|p1b: Incineroar|flinch
|move|p2b: Zamazenta|Body Press|p1b: Incineroar
|-supereffective|p1b: Incineroar
|-damage|p1b: Incineroar|0 fnt
|-damage|p2b: Zamazenta|84/100|[from] item: Rocky Helmet|[of] p1b: Incineroar
|faint|p1b: Incineroar
|move|p1a: Lunala|Trick Room|p1a: Lunala
|-fieldstart|move: Trick Room|[of] p1a: Lunala
|
|upkeep
|
|t:|1750842753
|switch|p1b: Ursaluna|Ursaluna, L50, M, shiny|100/100
|turn|2
|inactive|ShadowShun has 30 seconds left.
|inactive|ShadowShun has 20 seconds left.
|
|t:|1750842790
|move|p1b: Ursaluna|Protect|p1b: Ursaluna
|-singleturn|p1b: Ursaluna|Protect
|move|p2b: Zamazenta|Protect|p2b: Zamazenta
|-singleturn|p2b: Zamazenta|Protect
|move|p1a: Lunala|Moongeist Beam|p2a: Raichu
|-damage|p2a: Raichu|33/100
|move|p2a: Raichu|Nuzzle|p1a: Lunala
|-damage|p1a: Lunala|99/100
|-status|p1a: Lunala|par
|
|-status|p1b: Ursaluna|brn|[from] item: Flame Orb
|upkeep
|turn|3
|inactive|ShadowShun has 30 seconds left.
|
|t:|1750842815
|-terastallize|p1b: Ursaluna|Ghost
|-terastallize|p2b: Zamazenta|Grass
|move|p1a: Lunala|Wide Guard|p1a: Lunala
|-singleturn|p1a: Lunala|Wide Guard
|move|p1b: Ursaluna|Earthquake|p2b: Zamazenta|[spread] p2a,p2b
|-activate|p1a: Lunala|move: Wide Guard
|-supereffective|p2a: Raichu
|-resisted|p2b: Zamazenta
|-damage|p2a: Raichu|0 fnt
|-damage|p2b: Zamazenta|70/100
|faint|p2a: Raichu
|move|p2b: Zamazenta|Body Press|p1b: Ursaluna
|-immune|p1b: Ursaluna
|
|-damage|p1b: Ursaluna|95/100 brn|[from] brn
|upkeep
|
|t:|1750842826
|switch|p2a: Tornadus|Tornadus, L50, M|100/100
|turn|4
|
|t:|1750842841
|move|p2b: Zamazenta|Protect|p2b: Zamazenta
|-singleturn|p2b: Zamazenta|Protect
|move|p2a: Tornadus|Taunt|p1a: Lunala
|-start|p1a: Lunala|move: Taunt
|move|p1b: Ursaluna|Facade|p2b: Zamazenta
|-activate|p2b: Zamazenta|move: Protect
|move|p1a: Lunala|Moongeist Beam|p2b: Zamazenta
|-activate|p2b: Zamazenta|move: Protect
|
|-damage|p1b: Ursaluna|89/100 brn|[from] brn
|upkeep
|turn|5
|
|t:|1750842861
|move|p2b: Zamazenta|Protect|p2b: Zamazenta
|-singleturn|p2b: Zamazenta|Protect
|move|p1b: Ursaluna|Facade|p2b: Zamazenta
|-activate|p2b: Zamazenta|move: Protect
|move|p1a: Lunala|Moongeist Beam|p2b: Zamazenta
|-activate|p2b: Zamazenta|move: Protect
|move|p2a: Tornadus|Bleakwind Storm|p1a: Lunala|[spread] p1a,p1b
|-damage|p1a: Lunala|69/100 par
|-damage|p1b: Ursaluna|55/100 brn
|
|-damage|p1b: Ursaluna|49/100 brn|[from] brn
|-fieldend|move: Trick Room
|upkeep
|turn|6
|inactive|ShadowShun has 30 seconds left.
|
|t:|1750842893
|move|p1b: Ursaluna|Protect|p1b: Ursaluna
|-singleturn|p1b: Ursaluna|Protect
|move|p2b: Zamazenta|Heavy Slam|p1b: Ursaluna
|-activate|p1b: Ursaluna|move: Protect
|move|p2a: Tornadus|Bleakwind Storm|p1a: Lunala|[spread] 
|-activate|p1b: Ursaluna|move: Protect
|-miss|p2a: Tornadus|p1a: Lunala
|cant|p1a: Lunala|par
|
|-damage|p1b: Ursaluna|43/100 brn|[from] brn
|-end|p1a: Lunala|move: Taunt
|upkeep
|turn|7
|inactive|AndyGR_02 has 30 seconds left.
|
|t:|1750842919
|switch|p1b: Miraidon|Miraidon, L50|100/100
|-fieldstart|move: Electric Terrain|[from] ability: Hadron Engine|[of] p1b: Miraidon
|-enditem|p1a: Lunala|Electric Seed
|-boost|p1a: Lunala|def|1|[from] item: Electric Seed
|move|p2b: Zamazenta|Protect|p2b: Zamazenta
|-singleturn|p2b: Zamazenta|Protect
|move|p2a: Tornadus|Taunt|p1a: Lunala
|-start|p1a: Lunala|move: Taunt
|move|p1a: Lunala|Moongeist Beam|p2a: Tornadus
|-damage|p2a: Tornadus|30/100
|
|upkeep
|turn|8
|
|t:|1750842940
|move|p2a: Tornadus|Tailwind|p2a: Tornadus
|-sidestart|p2: ShadowShun|move: Tailwind
|move|p2b: Zamazenta|Body Press|p1b: Miraidon
|-damage|p1b: Miraidon|38/100
|move|p1b: Miraidon|Volt Switch|p2a: Tornadus
|-supereffective|p2a: Tornadus
|-damage|p2a: Tornadus|0 fnt
|faint|p2a: Tornadus
|
|t:|1750842958
|switch|p1b: Ursaluna|Ursaluna, L50, M, shiny, tera:Ghost|43/100 brn|[from] Volt Switch
|move|p1a: Lunala|Moongeist Beam|p2b: Zamazenta
|-damage|p2b: Zamazenta|23/100
|
|-damage|p1b: Ursaluna|37/100 brn|[from] brn
|upkeep
|
|t:|1750842964
|switch|p2a: Kyogre|Kyogre, L50|100/100
|-weather|RainDance|[from] ability: Drizzle|[of] p2a: Kyogre
|turn|9
|
|t:|1750842989
|switch|p1a: Miraidon|Miraidon, L50|38/100
|-activate|p1a: Miraidon|ability: Hadron Engine
|move|p1b: Ursaluna|Protect|p1b: Ursaluna
|-singleturn|p1b: Ursaluna|Protect
|move|p2b: Zamazenta|Heavy Slam|p1a: Miraidon
|-resisted|p1a: Miraidon
|-damage|p1a: Miraidon|28/100
|move|p2a: Kyogre|Origin Pulse|p1a: Miraidon|[spread] p1a
|-activate|p1b: Ursaluna|move: Protect
|-resisted|p1a: Miraidon
|-damage|p1a: Miraidon|6/100
|
|-weather|RainDance|[upkeep]
|-damage|p1b: Ursaluna|31/100 brn|[from] brn
|upkeep
|turn|10
|inactive|ShadowShun has 30 seconds left.
|
|t:|1750843015
|move|p2b: Zamazenta|Protect|p2b: Zamazenta
|-singleturn|p2b: Zamazenta|Protect
|move|p2a: Kyogre|Protect|p2a: Kyogre
|-singleturn|p2a: Kyogre|Protect
|move|p1b: Ursaluna|Protect|p1b: Ursaluna
|-singleturn|p1b: Ursaluna|Protect
|move|p1a: Miraidon|Volt Switch|p2a: Kyogre
|-activate|p2a: Kyogre|move: Protect
|
|-weather|RainDance|[upkeep]
|-damage|p1b: Ursaluna|26/100 brn|[from] brn
|upkeep
|turn|11
|inactive|AndyGR_02 has 30 seconds left.
|inactive|ShadowShun has 30 seconds left.
|
|t:|1750843047
|move|p1b: Ursaluna|Protect||[still]
|-fail|p1b: Ursaluna
|move|p2b: Zamazenta|Heavy Slam|p1b: Ursaluna
|-damage|p1b: Ursaluna|12/100 brn
|move|p2a: Kyogre|Ice Beam|p1a: Miraidon
|-supereffective|p1a: Miraidon
|-damage|p1a: Miraidon|0 fnt
|faint|p1a: Miraidon
|
|-weather|RainDance|[upkeep]
|-damage|p1b: Ursaluna|6/100 brn|[from] brn
|-sideend|p2: ShadowShun|move: Tailwind
|-fieldend|move: Electric Terrain
|upkeep
|
|t:|1750843050
|switch|p1a: Lunala|Lunala, L50, shiny|69/100 par
|turn|12
|inactive|ShadowShun has 30 seconds left.
|
|t:|1750843077
|move|p2b: Zamazenta|Heavy Slam|p1a: Lunala
|-damage|p1a: Lunala|45/100 par
|move|p2a: Kyogre|Ice Beam|p1b: Ursaluna
|-damage|p1b: Ursaluna|0 fnt
|faint|p1b: Ursaluna
|move|p1a: Lunala|Trick Room|p1a: Lunala
|-fieldstart|move: Trick Room|[of] p1a: Lunala
|
|-weather|RainDance|[upkeep]
|upkeep
|turn|13
|
|t:|1750843089
|cant|p1a: Lunala|par
|move|p2a: Kyogre|Hydro Pump|p1a: Lunala
|-damage|p1a: Lunala|0 fnt
|faint|p1a: Lunala
|
|win|ShadowShun
|raw|AndyGR_02's rating: 1322 &rarr; <strong>1305</strong><br />(-17 for losing)
|raw|ShadowShun's rating: 1377 &rarr; <strong>1394</strong><br />(+17 for winning)
|l|☆AndyGR_02
|player|p1|
|l|☆ShadowShun
|player|p2|
