|j|☆dravenak1
|j|☆BiteyBeagleBoy
|t:|1750847068
|gametype|doubles
|player|p1|dravenak1|hugh|1240
|player|p2|BiteyBeagleBoy|265|1156
|teamsize|p1|6
|teamsize|p2|6
|gen|9
|tier|[Gen 9] VGC 2025 Reg I
|rated|
|rule|Species Clause: Limit one of each Pokémon
|rule|Item Clause: Limit 1 of each item
|clearpoke
|poke|p1|Zamazenta-*, L50|
|poke|p1|Giratina-Origin, L50|
|poke|p1|Chien-Pao, L50|
|poke|p1|Entei, L50|
|poke|p1|Urshifu-*, L50, F|
|poke|p1|Rillaboom, L50, F|
|poke|p2|Calyrex-Ice, L50|
|poke|p2|Miraidon, L50|
|poke|p2|Whimsicott, L50, M|
|poke|p2|Farigiraf, L50, F|
|poke|p2|Mienshao, L50, M|
|poke|p2|Landorus-Therian, L50, M|
|teampreview|4
|inactive|Battle timer is ON: inactive players will automatically lose when time's up. (requested by dravenak1)
|
|t:|1750847094
|start
|switch|p1a: Giratina|Giratina-Origin, L50|100/100
|switch|p1b: Chien-Pao|Chien-Pao, L50|100/100
|switch|p2a: Calyrex|Calyrex-Ice, L50|100/100
|switch|p2b: Whimsicott|Whimsicott, L50, M|100/100
|-ability|p2a: Calyrex|As One
|-ability|p2a: Calyrex|Unnerve
|-ability|p1b: Chien-Pao|Sword of Ruin
|turn|1
|
|t:|1750847106
|-terastallize|p1a: Giratina|Fire
|move|p2b: Whimsicott|Tailwind|p2b: Whimsicott
|-sidestart|p2: BiteyBeagleBoy|move: Tailwind
|move|p2a: Calyrex|Glacial Lance|p1a: Giratina|[spread] p1a,p1b
|-resisted|p1a: Giratina
|-resisted|p1b: Chien-Pao
|-damage|p1a: Giratina|65/100
|-damage|p1b: Chien-Pao|48/100
|-damage|p2a: Calyrex|91/100|[from] item: Life Orb
|move|p1b: Chien-Pao|Icicle Crash|p2b: Whimsicott
|-supereffective|p2b: Whimsicott
|-damage|p2b: Whimsicott|0 fnt
|faint|p2b: Whimsicott
|move|p1a: Giratina|Poltergeist|p2a: Calyrex
|-activate|p2a: Calyrex|move: Poltergeist|Life Orb
|-supereffective|p2a: Calyrex
|-damage|p2a: Calyrex|0 fnt
|faint|p2a: Calyrex
|
|upkeep
|
|t:|1750847123
|switch|p2b: Mienshao|Mienshao, L50, M|100/100
|switch|p2a: Miraidon|Miraidon, L50|100/100
|-fieldstart|move: Electric Terrain|[from] ability: Hadron Engine|[of] p2a: Miraidon
|turn|2
|
|t:|1750847135
|move|p2b: Mienshao|Fake Out|p1a: Giratina
|-damage|p1a: Giratina|51/100
|move|p1b: Chien-Pao|Sucker Punch|p2a: Miraidon
|-damage|p2a: Miraidon|49/100
|cant|p1a: Giratina|flinch
|move|p2a: Miraidon|Electro Drift|p1b: Chien-Pao
|-damage|p1b: Chien-Pao|0 fnt
|faint|p1b: Chien-Pao
|
|upkeep
|
|t:|1750847145
|switch|p1b: Urshifu|Urshifu-Rapid-Strike, L50, F|100/100
|turn|3
|
|t:|1750847164
|-terastallize|p2b: Mienshao|Dark
|move|p2a: Miraidon|Electro Drift|p1b: Urshifu
|-supereffective|p1b: Urshifu
|-damage|p1b: Urshifu|0 fnt
|faint|p1b: Urshifu
|move|p2b: Mienshao|Knock Off|p1a: Giratina
|-damage|p1a: Giratina|28/100
|move|p1a: Giratina|Poltergeist|p2a: Miraidon
|-activate|p2a: Miraidon|move: Poltergeist|Choice Specs
|-damage|p2a: Miraidon|0 fnt
|faint|p2a: Miraidon
|
|upkeep
|
|t:|1750847175
|switch|p1b: Zamazenta|Zamazenta-Crowned, L50, shiny|100/100
|-ability|p1b: Zamazenta|Dauntless Shield|boost
|-boost|p1b: Zamazenta|def|1
|turn|4
|
|t:|1750847180
|move|p2b: Mienshao|Close Combat|p1b: Zamazenta
|-supereffective|p1b: Zamazenta
|-damage|p1b: Zamazenta|53/100
|-unboost|p2b: Mienshao|def|1
|-unboost|p2b: Mienshao|spd|1
|move|p1b: Zamazenta|Body Press|p2b: Mienshao
|-supereffective|p2b: Mienshao
|-enditem|p2b: Mienshao|Focus Sash
|-damage|p2b: Mienshao|1/100
|move|p1a: Giratina|Draco Meteor|p2b: Mienshao|[miss]
|-miss|p1a: Giratina|p2b: Mienshao
|
|-sideend|p2: BiteyBeagleBoy|move: Tailwind
|upkeep
|turn|5
|
|t:|1750847195
|move|p1b: Zamazenta|Protect|p1b: Zamazenta
|-singleturn|p1b: Zamazenta|Protect
|move|p1a: Giratina|Shadow Sneak|p2b: Mienshao
|-resisted|p2b: Mienshao
|-damage|p2b: Mienshao|0 fnt
|faint|p2b: Mienshao
|
|win|dravenak1
|raw|dravenak1's rating: 1240 &rarr; <strong>1259</strong><br />(+19 for winning)
|raw|BiteyBeagleBoy's rating: 1156 &rarr; <strong>1137</strong><br />(-19 for losing)
|l|☆BiteyBeagleBoy
|player|p2|
|l|☆dravenak1
|player|p1|
