|j|☆AlfredH
|j|☆mr.sylent
|t:|1750771468
|gametype|doubles
|player|p1|AlfredH|102|1153
|player|p2|mr.sylent|265|1185
|teamsize|p1|6
|teamsize|p2|6
|gen|9
|tier|[Gen 9] VGC 2025 Reg I
|rated|
|rule|Species Clause: Limit one of each Pokémon
|rule|Item Clause: Limit 1 of each item
|clearpoke
|poke|p1|Calyrex-Ice, L50|
|poke|p1|Miraidon, L50|
|poke|p1|Amoonguss, L50, M|
|poke|p1|Urshifu-*, L50, F|
|poke|p1|Rillaboom, L50, M|
|poke|p1|Tornadus, L50, M|
|poke|p2|Charjabug, L50, F|
|poke|p2|Chi-Yu, L50|
|poke|p2|Koraidon, L50|
|poke|p2|Gothitelle, L50, F|
|poke|p2|Incineroar, L50, F|
|poke|p2|Flutter Mane, L50|
|teampreview|4
|inactive|Battle timer is ON: inactive players will automatically lose when time's up. (requested by AlfredH)
|
|t:|1750771491
|start
|switch|p1a: Calyrex|Calyrex-Ice, L50|100/100
|switch|p1b: Amoonguss|Amoonguss, L50, M|100/100
|switch|p2a: Koraidon|Koraidon, L50|100/100
|switch|p2b: Gothitelle|Gothitelle, L50, F|100/100
|-ability|p1a: Calyrex|As One
|-ability|p1a: Calyrex|Unnerve
|-weather|SunnyDay|[from] ability: Orichalcum Pulse|[of] p2a: Koraidon
|-activate|p2a: Koraidon|Orichalcum Pulse|[source]
|turn|1
|
|t:|1750771512
|-terastallize|p1a: Calyrex|Water
|move|p2b: Gothitelle|Fake Out|p1b: Amoonguss
|-damage|p1b: Amoonguss|96/100
|-damage|p2b: Gothitelle|84/100|[from] item: Rocky Helmet|[of] p1b: Amoonguss
|cant|p1b: Amoonguss|flinch
|move|p2a: Koraidon|Flare Blitz|p1a: Calyrex
|-resisted|p1a: Calyrex
|-damage|p1a: Calyrex|61/100
|-damage|p2a: Koraidon|86/100|[from] Recoil
|-damage|p2a: Koraidon|77/100|[from] item: Life Orb
|move|p1a: Calyrex|High Horsepower|p2a: Koraidon
|-damage|p2a: Koraidon|47/100
|
|-weather|SunnyDay|[upkeep]
|-heal|p2b: Gothitelle|90/100|[from] item: Leftovers
|upkeep
|turn|2
|
|t:|1750771534
|move|p1b: Amoonguss|Rage Powder|p1b: Amoonguss
|-singleturn|p1b: Amoonguss|move: Rage Powder
|move|p2a: Koraidon|Collision Course|p1b: Amoonguss
|-resisted|p1b: Amoonguss
|-damage|p1b: Amoonguss|50/100
|-damage|p2a: Koraidon|31/100|[from] item: Rocky Helmet|[of] p1b: Amoonguss
|-damage|p2a: Koraidon|21/100|[from] item: Life Orb
|move|p2b: Gothitelle|Psychic|p1b: Amoonguss
|-supereffective|p1b: Amoonguss
|-damage|p1b: Amoonguss|0 fnt
|faint|p1b: Amoonguss
|move|p1a: Calyrex|Glacial Lance|p2b: Gothitelle|[spread] p2a,p2b
|-supereffective|p2a: Koraidon
|-damage|p2a: Koraidon|0 fnt
|-damage|p2b: Gothitelle|38/100
|faint|p2a: Koraidon
|-ability|p1a: Calyrex|Chilling Neigh|boost
|-boost|p1a: Calyrex|atk|1
|
|-weather|SunnyDay|[upkeep]
|-heal|p2b: Gothitelle|44/100|[from] item: Leftovers
|upkeep
|
|t:|1750771555
|switch|p2a: Flutter Mane|Flutter Mane, L50|100/100
|switch|p1b: Rillaboom|Rillaboom, L50, M|100/100
|-fieldstart|move: Grassy Terrain|[from] ability: Grassy Surge|[of] p1b: Rillaboom
|-activate|p2a: Flutter Mane|ability: Protosynthesis
|-start|p2a: Flutter Mane|protosynthesisspe
|turn|3
|
|t:|1750771579
|switch|p2b: Charjabug|Charjabug, L50, F|100/100
|move|p1b: Rillaboom|Grassy Glide|p2a: Flutter Mane
|-damage|p2a: Flutter Mane|20/100
|move|p2a: Flutter Mane|Moonblast|p1a: Calyrex
|-damage|p1a: Calyrex|14/100
|move|p1a: Calyrex|Trick Room|p1a: Calyrex
|-fieldstart|move: Trick Room|[of] p1a: Calyrex
|
|-weather|SunnyDay|[upkeep]
|-heal|p1a: Calyrex|20/100|[from] Grassy Terrain
|-heal|p2a: Flutter Mane|26/100|[from] Grassy Terrain
|upkeep
|turn|4
|inactive|mr.sylent has 30 seconds left.
|
|t:|1750771608
|move|p2a: Flutter Mane|Protect|p2a: Flutter Mane
|-singleturn|p2a: Flutter Mane|Protect
|move|p2b: Charjabug|Lunge|p1a: Calyrex
|-damage|p1a: Calyrex|7/100
|move|p1a: Calyrex|Glacial Lance|p2b: Charjabug|[spread] p2b
|-activate|p2a: Flutter Mane|move: Protect
|-damage|p2b: Charjabug|36/100
|move|p1b: Rillaboom|U-turn|p2b: Charjabug
|-damage|p2b: Charjabug|18/100
|
|t:|1750771619
|switch|p1b: Urshifu|Urshifu-Rapid-Strike, L50, F|100/100|[from] U-turn
|
|-weather|SunnyDay|[upkeep]
|-heal|p2b: Charjabug|24/100|[from] Grassy Terrain
|-heal|p1a: Calyrex|13/100|[from] Grassy Terrain
|-heal|p2a: Flutter Mane|32/100|[from] Grassy Terrain
|upkeep
|turn|5
|
|t:|1750771628
|move|p1b: Urshifu|Aqua Jet|p2b: Charjabug
|-damage|p2b: Charjabug|17/100
|move|p2b: Charjabug|Lunge|p1a: Calyrex
|-damage|p1a: Calyrex|0 fnt
|faint|p1a: Calyrex
|move|p2a: Flutter Mane|Moonblast|p1b: Urshifu
|-supereffective|p1b: Urshifu
|-enditem|p1b: Urshifu|Focus Sash
|-damage|p1b: Urshifu|1/100
|
|-weather|none
|-end|p2a: Flutter Mane|Protosynthesis
|-heal|p2b: Charjabug|23/100|[from] Grassy Terrain
|-heal|p1b: Urshifu|7/100|[from] Grassy Terrain
|-heal|p2a: Flutter Mane|38/100|[from] Grassy Terrain
|upkeep
|
|t:|1750771641
|switch|p1a: Rillaboom|Rillaboom, L50, M|100/100
|turn|6
|
|t:|1750771659
|move|p1b: Urshifu|Protect|p1b: Urshifu
|-singleturn|p1b: Urshifu|Protect
|move|p2a: Flutter Mane|Protect|p2a: Flutter Mane
|-singleturn|p2a: Flutter Mane|Protect
|move|p1a: Rillaboom|Grassy Glide|p2a: Flutter Mane
|-activate|p2a: Flutter Mane|move: Protect
|move|p2b: Charjabug|Lunge|p1b: Urshifu
|-activate|p1b: Urshifu|move: Protect
|
|-heal|p2b: Charjabug|29/100|[from] Grassy Terrain
|-heal|p1b: Urshifu|12/100|[from] Grassy Terrain
|-heal|p2a: Flutter Mane|44/100|[from] Grassy Terrain
|upkeep
|turn|7
|
|t:|1750771676
|-end|p2a: Flutter Mane|Protosynthesis|[silent]
|switch|p2a: Gothitelle|Gothitelle, L50, F|44/100
|move|p1b: Urshifu|Protect|p1b: Urshifu
|-singleturn|p1b: Urshifu|Protect
|move|p1a: Rillaboom|Grassy Glide|p2a: Gothitelle
|-damage|p2a: Gothitelle|8/100
|move|p2b: Charjabug|Lunge|p1b: Urshifu
|-activate|p1b: Urshifu|move: Protect
|
|-heal|p2b: Charjabug|35/100|[from] Grassy Terrain
|-heal|p2a: Gothitelle|15/100|[from] Grassy Terrain
|-heal|p2a: Gothitelle|21/100|[from] item: Leftovers
|-heal|p1b: Urshifu|18/100|[from] Grassy Terrain
|-fieldend|move: Trick Room
|-fieldend|move: Grassy Terrain
|upkeep
|turn|8
|
|t:|1750771697
|move|p2a: Gothitelle|Fake Out|p1b: Urshifu
|-damage|p1b: Urshifu|13/100
|cant|p1b: Urshifu|flinch
|move|p1a: Rillaboom|Wood Hammer|p2a: Gothitelle
|-damage|p2a: Gothitelle|0 fnt
|faint|p2a: Gothitelle
|-damage|p1a: Rillaboom|95/100|[from] Recoil
|move|p2b: Charjabug|Lunge|p1b: Urshifu
|-resisted|p1b: Urshifu
|-damage|p1b: Urshifu|1/100
|-unboost|p1b: Urshifu|atk|1
|
|upkeep
|
|t:|1750771708
|switch|p2a: Flutter Mane|Flutter Mane, L50|44/100
|turn|9
|
|t:|1750771721
|move|p2a: Flutter Mane|Moonblast|p1a: Rillaboom
|-damage|p1a: Rillaboom|39/100
|move|p1b: Urshifu|Surging Strikes|p2b: Charjabug
|-crit|p2b: Charjabug
|-damage|p2b: Charjabug|22/100
|-crit|p2b: Charjabug
|-damage|p2b: Charjabug|7/100
|-crit|p2b: Charjabug
|-damage|p2b: Charjabug|0 fnt
|faint|p2b: Charjabug
|-hitcount|p2: Charjabug|3
|move|p1a: Rillaboom|Wood Hammer|p2a: Flutter Mane
|-damage|p2a: Flutter Mane|0 fnt
|faint|p2a: Flutter Mane
|-end|p2a: Flutter Mane|Protosynthesis|[silent]
|-damage|p1a: Rillaboom|30/100|[from] Recoil
|
|win|AlfredH
|raw|AlfredH's rating: 1153 &rarr; <strong>1180</strong><br />(+27 for winning)
|raw|mr.sylent's rating: 1185 &rarr; <strong>1158</strong><br />(-27 for losing)
|l|☆mr.sylent
|player|p2|
|l|☆AlfredH
|player|p1|
