|j|☆TheIsley
|j|☆CopiumBathTub
|t:|1750862706
|gametype|doubles
|player|p1|TheIsley|pokemonranger-gen4|1313
|player|p2|CopiumBathTub|psychic-gen4|1397
|teamsize|p1|6
|teamsize|p2|6
|gen|9
|tier|[Gen 9] VGC 2025 Reg I
|rated|
|rule|Species Clause: Limit one of each Pokémon
|rule|Item Clause: Limit 1 of each item
|clearpoke
|poke|p1|Koraidon, L50|
|poke|p1|Reshiram, L50|
|poke|p1|Tornadus, L50, M|
|poke|p1|Brute Bonnet, L50|
|poke|p1|Flutter Mane, L50|
|poke|p1|Incineroar, L50, M|
|poke|p2|Zamazenta-*, L50|
|poke|p2|Miraidon, L50|
|poke|p2|Chien-Pao, L50|
|poke|p2|Incineroar, L50, F|
|poke|p2|Raging Bolt, L50|
|poke|p2|Urshifu-*, L50, F|
|teampreview|4
|
|t:|1750862732
|start
|switch|p1a: Koraidon|Koraidon, L50|100/100
|switch|p1b: Incineroar|Incineroar, L50, M, shiny|100/100
|switch|p2a: Incineroar|Incineroar, L50, F|100/100
|switch|p2b: Raging Bolt|Raging Bolt, L50|100/100
|-weather|SunnyDay|[from] ability: Orichalcum Pulse|[of] p1a: Koraidon
|-activate|p2b: Raging Bolt|ability: Protosynthesis
|-start|p2b: Raging Bolt|protosynthesisspa
|-activate|p1a: Koraidon|Orichalcum Pulse|[source]
|-ability|p2a: Incineroar|Intimidate|boost
|-unboost|p1a: Koraidon|atk|1
|-unboost|p1b: Incineroar|atk|1
|-ability|p1b: Incineroar|Intimidate|boost
|-unboost|p2a: Incineroar|atk|1
|-unboost|p2b: Raging Bolt|atk|1
|turn|1
|
|t:|1750862754
|-terastallize|p1a: Koraidon|Fire
|move|p2a: Incineroar|Fake Out|p1a: Koraidon
|-damage|p1a: Koraidon|94/100
|move|p1b: Incineroar|Fake Out|p2b: Raging Bolt
|-damage|p2b: Raging Bolt|95/100
|cant|p1a: Koraidon|flinch
|cant|p2b: Raging Bolt|flinch
|
|-weather|SunnyDay|[upkeep]
|upkeep
|turn|2
|
|t:|1750862766
|switch|p2a: Miraidon|Miraidon, L50|100/100
|-fieldstart|move: Electric Terrain|[from] ability: Hadron Engine|[of] p2a: Miraidon
|move|p2b: Raging Bolt|Thunderclap|p1a: Koraidon
|-damage|p1a: Koraidon|27/100
|move|p1a: Koraidon|Collision Course|p2a: Miraidon
|-damage|p2a: Miraidon|23/100
|move|p1b: Incineroar|Knock Off|p2b: Raging Bolt
|-damage|p2b: Raging Bolt|77/100
|-enditem|p2b: Raging Bolt|Magnet|[from] move: Knock Off|[of] p1b: Incineroar
|
|-weather|SunnyDay|[upkeep]
|upkeep
|turn|3
|
|t:|1750862782
|switch|p1a: Brutoseta|Brute Bonnet, L50|100/100
|-activate|p1a: Brutoseta|ability: Protosynthesis
|-start|p1a: Brutoseta|protosynthesisdef
|switch|p2a: Incineroar|Incineroar, L50, F|100/100
|-ability|p2a: Incineroar|Intimidate|boost
|-unboost|p1a: Brutoseta|atk|1
|-unboost|p1b: Incineroar|atk|1
|move|p2b: Raging Bolt|Electroweb|p1a: Brutoseta|[spread] p1a,p1b
|-resisted|p1a: Brutoseta
|-crit|p1a: Brutoseta
|-damage|p1a: Brutoseta|82/100
|-damage|p1b: Incineroar|72/100
|-unboost|p1a: Brutoseta|spe|1
|-unboost|p1b: Incineroar|spe|1
|move|p1b: Incineroar|Knock Off|p2a: Incineroar
|-resisted|p2a: Incineroar
|-damage|p2a: Incineroar|94/100
|-damage|p1b: Incineroar|55/100|[from] item: Rocky Helmet|[of] p2a: Incineroar
|-enditem|p2a: Incineroar|Rocky Helmet|[from] move: Knock Off|[of] p1b: Incineroar
|
|-weather|SunnyDay|[upkeep]
|-heal|p1b: Incineroar|61/100|[from] item: Leftovers
|upkeep
|turn|4
|
|t:|1750862805
|move|p2a: Incineroar|Fake Out|p1a: Brutoseta
|-damage|p1a: Brutoseta|76/100
|-damage|p2a: Incineroar|78/100|[from] item: Rocky Helmet|[of] p1a: Brutoseta
|cant|p1a: Brutoseta|flinch
|move|p2b: Raging Bolt|Electroweb|p1b: Incineroar|[spread] p1a,p1b
|-resisted|p1a: Brutoseta
|-damage|p1a: Brutoseta|65/100
|-damage|p1b: Incineroar|35/100
|-unboost|p1a: Brutoseta|spe|1
|-unboost|p1b: Incineroar|spe|1
|move|p1b: Incineroar|Parting Shot|p2b: Raging Bolt
|-unboost|p2b: Raging Bolt|atk|1
|-unboost|p2b: Raging Bolt|spa|1
|
|t:|1750862817
|switch|p1b: Koraidon|Koraidon, L50, tera:Fire|27/100|[from] Parting Shot
|-activate|p1b: Koraidon|ability: Orichalcum Pulse
|
|-weather|SunnyDay|[upkeep]
|upkeep
|turn|5
|
|t:|1750862825
|-terastallize|p2a: Incineroar|Bug
|move|p1a: Brutoseta|Rage Powder|p1a: Brutoseta
|-singleturn|p1a: Brutoseta|move: Rage Powder
|move|p1b: Koraidon|Collision Course|p2b: Raging Bolt
|-crit|p2b: Raging Bolt
|-damage|p2b: Raging Bolt|0 fnt
|faint|p2b: Raging Bolt
|-end|p2b: Raging Bolt|Protosynthesis|[silent]
|move|p2a: Incineroar|Parting Shot|p1a: Brutoseta
|-unboost|p1a: Brutoseta|atk|1
|-unboost|p1a: Brutoseta|spa|1
|
|t:|1750862832
|switch|p2a: Chien-Pao|Chien-Pao, L50|100/100|[from] Parting Shot
|-ability|p2a: Chien-Pao|Sword of Ruin
|
|-weather|none
|-end|p1a: Brutoseta|Protosynthesis
|upkeep
|
|t:|1750862833
|switch|p2b: Incineroar|Incineroar, L50, F, tera:Bug|78/100
|-ability|p2b: Incineroar|Intimidate|boost
|-unboost|p1a: Brutoseta|atk|1
|-unboost|p1b: Koraidon|atk|1
|turn|6
|
|t:|1750862853
|switch|p1b: Incineroar|Incineroar, L50, M, shiny|35/100
|-ability|p1b: Incineroar|Intimidate|boost
|-unboost|p2a: Chien-Pao|atk|1
|-unboost|p2b: Incineroar|atk|1
|move|p2b: Incineroar|Fake Out|p1b: Incineroar
|-damage|p1b: Incineroar|28/100
|move|p2a: Chien-Pao|Ice Spinner|p1a: Brutoseta
|-supereffective|p1a: Brutoseta
|-damage|p1a: Brutoseta|21/100
|-damage|p2a: Chien-Pao|84/100|[from] item: Rocky Helmet|[of] p1a: Brutoseta
|-fieldend|move: Electric Terrain
|move|p1a: Brutoseta|Spore|p2b: Incineroar
|-status|p2b: Incineroar|slp|[from] move: Spore
|
|-heal|p1b: Incineroar|34/100|[from] item: Leftovers
|upkeep
|turn|7
|
|t:|1750862871
|move|p1b: Incineroar|Fake Out|p2a: Chien-Pao
|-damage|p2a: Chien-Pao|68/100
|cant|p2a: Chien-Pao|flinch
|cant|p2b: Incineroar|slp
|move|p1a: Brutoseta|Seed Bomb|p2a: Chien-Pao
|-damage|p2a: Chien-Pao|50/100
|
|-heal|p1b: Incineroar|40/100|[from] item: Leftovers
|upkeep
|turn|8
|
|t:|1750862890
|move|p2a: Chien-Pao|Ice Spinner|p1a: Brutoseta
|-supereffective|p1a: Brutoseta
|-damage|p1a: Brutoseta|0 fnt
|-damage|p2a: Chien-Pao|34/100|[from] item: Rocky Helmet|[of] p1a: Brutoseta
|faint|p1a: Brutoseta
|-end|p1a: Brutoseta|Protosynthesis|[silent]
|cant|p2b: Incineroar|slp
|move|p1b: Incineroar|Parting Shot|p2a: Chien-Pao
|-unboost|p2a: Chien-Pao|atk|1
|-unboost|p2a: Chien-Pao|spa|1
|
|t:|1750862907
|switch|p1b: Koraidon|Koraidon, L50, tera:Fire|27/100|[from] Parting Shot
|-weather|SunnyDay|[from] ability: Orichalcum Pulse|[of] p1b: Koraidon
|-activate|p1b: Koraidon|Orichalcum Pulse|[source]
|
|-weather|SunnyDay|[upkeep]
|upkeep
|
|t:|1750862912
|switch|p1a: Reshiram|Reshiram, L50, shiny|100/100
|-ability|p1a: Reshiram|Turboblaze
|turn|9
|
|t:|1750862919
|switch|p1b: Incineroar|Incineroar, L50, M, shiny|40/100
|-ability|p1b: Incineroar|Intimidate|boost
|-unboost|p2a: Chien-Pao|atk|1
|-unboost|p2b: Incineroar|atk|1
|move|p2a: Chien-Pao|Crunch|p1b: Incineroar
|-resisted|p1b: Incineroar
|-damage|p1b: Incineroar|32/100
|move|p1a: Reshiram|Heat Wave|p2a: Chien-Pao|[spread] p2a,p2b
|-supereffective|p2a: Chien-Pao
|-supereffective|p2b: Incineroar
|-damage|p2a: Chien-Pao|0 fnt
|-damage|p2b: Incineroar|0 fnt
|faint|p2a: Chien-Pao
|faint|p2b: Incineroar
|
|-weather|SunnyDay|[upkeep]
|-heal|p1b: Incineroar|38/100|[from] item: Leftovers
|upkeep
|
|t:|1750862928
|switch|p2b: Miraidon|Miraidon, L50|23/100
|-fieldstart|move: Electric Terrain|[from] ability: Hadron Engine|[of] p2b: Miraidon
|turn|10
|-message|CopiumBathTub forfeited.
|
|win|TheIsley
|raw|TheIsley's rating: 1313 &rarr; <strong>1338</strong><br />(+25 for winning)
|raw|CopiumBathTub's rating: 1397 &rarr; <strong>1372</strong><br />(-25 for losing)
|l|☆CopiumBathTub
|player|p2|
|l|☆TheIsley
|player|p1|
