|j|☆Revenant Imp
|j|☆papimamisisi
|t:|1750748416
|gametype|doubles
|player|p1|Revenant Imp|medium|1217
|player|p2|papimamisisi|doubleteam|1193
|teamsize|p1|6
|teamsize|p2|6
|gen|9
|tier|[Gen 9] VGC 2025 Reg I
|rated|
|rule|Species Clause: Limit one of each Pokémon
|rule|Item Clause: Limit 1 of each item
|clearpoke
|poke|p1|Ho-Oh, L50|
|poke|p1|Eternatus, L50|
|poke|p1|Quagsire, L50, M|
|poke|p1|Grimmsnarl, L50, M|
|poke|p1|Ting-Lu, L50|
|poke|p1|Rhydon, L50, M|
|poke|p2|Koraidon, L50|
|poke|p2|Terapagos, L50, M|
|poke|p2|Flutter Mane, L50|
|poke|p2|Rillaboom, L50, F|
|poke|p2|Incineroar, L50, M|
|poke|p2|Volcarona, L50, F|
|teampreview|4
|inactive|Battle timer is ON: inactive players will automatically lose when time's up. (requested by papimamisisi)
|
|t:|1750748436
|start
|switch|p1a: Quagsire|Quagsire, L50, M|100/100
|switch|p1b: Eternatus|Eternatus, L50|100/100
|switch|p2a: Koraidon|Koraidon, L50|100/100
|switch|p2b: Flutter Mane|Flutter Mane, L50|100/100
|-weather|SunnyDay|[from] ability: Orichalcum Pulse|[of] p2a: Koraidon
|-activate|p2b: Flutter Mane|ability: Protosynthesis
|-start|p2b: Flutter Mane|protosynthesisspe
|-activate|p2a: Koraidon|Orichalcum Pulse|[source]
|-ability|p1b: Eternatus|Pressure
|turn|1
|
|t:|1750748454
|switch|p1a: Ho-Oh|Ho-Oh, L50|100/100
|-terastallize|p1b: Eternatus|Fairy
|move|p2b: Flutter Mane|Moonblast|p1b: Eternatus
|-damage|p1b: Eternatus|72/100
|move|p2a: Koraidon|Flame Charge|p1b: Eternatus
|-damage|p1b: Eternatus|41/100
|-boost|p2a: Koraidon|spe|1
|-damage|p2a: Koraidon|91/100|[from] item: Life Orb
|move|p1b: Eternatus|Cosmic Power|p1b: Eternatus
|-boost|p1b: Eternatus|def|1
|-boost|p1b: Eternatus|spd|1
|
|-weather|SunnyDay|[upkeep]
|upkeep
|turn|2
|
|t:|1750748475
|move|p2a: Koraidon|Flame Charge|p1b: Eternatus
|-damage|p1b: Eternatus|18/100
|-boost|p2a: Koraidon|spe|1
|-damage|p2a: Koraidon|81/100|[from] item: Life Orb
|move|p2b: Flutter Mane|Shadow Ball|p1b: Eternatus
|-damage|p1b: Eternatus|2/100
|move|p1b: Eternatus|Cosmic Power|p1b: Eternatus
|-boost|p1b: Eternatus|def|1
|-boost|p1b: Eternatus|spd|1
|move|p1a: Ho-Oh|Life Dew||[still]|[spread] p1a,p1b
|-fail|p1a: Ho-Oh|heal
|-heal|p1b: Eternatus|27/100
|
|-weather|SunnyDay|[upkeep]
|upkeep
|turn|3
|
|t:|1750748503
|move|p1b: Eternatus|Protect|p1b: Eternatus
|-singleturn|p1b: Eternatus|Protect
|move|p2a: Koraidon|Flare Blitz|p1b: Eternatus
|-activate|p1b: Eternatus|move: Protect
|move|p2b: Flutter Mane|Moonblast|p1a: Ho-Oh
|-resisted|p1a: Ho-Oh
|-damage|p1a: Ho-Oh|86/100
|-unboost|p1a: Ho-Oh|spa|1
|move|p1a: Ho-Oh|Whirlwind|p2a: Koraidon
|drag|p2a: Rillaboom|Rillaboom, L50, F|100/100
|-fieldstart|move: Grassy Terrain|[from] ability: Grassy Surge|[of] p2a: Rillaboom
|
|-weather|SunnyDay|[upkeep]
|-heal|p1b: Eternatus|33/100|[from] Grassy Terrain
|upkeep
|turn|4
|inactive|papimamisisi has 30 seconds left.
|
|t:|1750748532
|move|p2a: Rillaboom|Fake Out|p1a: Ho-Oh
|-damage|p1a: Ho-Oh|78/100
|-damage|p2a: Rillaboom|84/100|[from] item: Rocky Helmet|[of] p1a: Ho-Oh
|move|p2b: Flutter Mane|Shadow Ball|p1b: Eternatus
|-damage|p1b: Eternatus|20/100
|move|p1b: Eternatus|Recover|p1b: Eternatus
|-heal|p1b: Eternatus|70/100
|cant|p1a: Ho-Oh|flinch
|
|-weather|SunnyDay|[upkeep]
|-heal|p1b: Eternatus|76/100|[from] Grassy Terrain
|-heal|p2a: Rillaboom|90/100|[from] Grassy Terrain
|upkeep
|turn|5
|
|t:|1750748555
|move|p2b: Flutter Mane|Icy Wind|p1a: Ho-Oh|[spread] p1a,p1b
|-damage|p1a: Ho-Oh|69/100
|-damage|p1b: Eternatus|71/100
|-unboost|p1a: Ho-Oh|spe|1
|move|p1b: Eternatus|Cosmic Power|p1b: Eternatus
|-boost|p1b: Eternatus|def|1
|-boost|p1b: Eternatus|spd|1
|move|p2a: Rillaboom|Wood Hammer|p1b: Eternatus
|-damage|p1b: Eternatus|50/100
|-damage|p2a: Rillaboom|82/100|[from] Recoil
|move|p1a: Ho-Oh|Life Dew|p1a: Ho-Oh|[spread] p1a,p1b
|-heal|p1a: Ho-Oh|94/100
|-heal|p1b: Eternatus|75/100
|
|-weather|none
|-end|p2b: Flutter Mane|Protosynthesis
|-heal|p1b: Eternatus|81/100|[from] Grassy Terrain
|-heal|p2a: Rillaboom|87/100|[from] Grassy Terrain
|upkeep
|turn|6
|inactive|Revenant Imp has 30 seconds left.
|inactive|papimamisisi has 30 seconds left.
|
|t:|1750748584
|move|p2b: Flutter Mane|Icy Wind|p1a: Ho-Oh|[spread] p1a,p1b
|-crit|p1a: Ho-Oh
|-damage|p1a: Ho-Oh|80/100
|-damage|p1b: Eternatus|78/100
|-unboost|p1a: Ho-Oh|spe|1
|move|p1b: Eternatus|Fire Spin|p2b: Flutter Mane
|-damage|p2b: Flutter Mane|87/100
|-activate|p2b: Flutter Mane|move: Fire Spin|[of] p1b: Eternatus
|move|p2a: Rillaboom|U-turn|p1b: Eternatus
|-resisted|p1b: Eternatus
|-damage|p1b: Eternatus|74/100
|
|t:|1750748604
|switch|p2a: Terapagos|Terapagos, L50, M|100/100|[from] U-turn
|-activate|p2a: Terapagos|ability: Tera Shift
|detailschange|p2a: Terapagos|Terapagos-Terastal, L50, M
|-heal|p2a: Terapagos|100/100|[silent]
|move|p1a: Ho-Oh|Sacred Fire|p2b: Flutter Mane
|-damage|p2b: Flutter Mane|0 fnt
|faint|p2b: Flutter Mane
|-end|p2b: Flutter Mane|Protosynthesis|[silent]
|
|-heal|p1b: Eternatus|80/100|[from] Grassy Terrain
|upkeep
|
|t:|1750748624
|switch|p2b: Rillaboom|Rillaboom, L50, F|87/100
|turn|7
|
|t:|1750748649
|move|p2b: Rillaboom|Fake Out|p1b: Eternatus
|-damage|p1b: Eternatus|77/100
|move|p1b: Eternatus|Fire Spin|p2b: Rillaboom
|-supereffective|p2b: Rillaboom
|-damage|p2b: Rillaboom|74/100
|-activate|p2b: Rillaboom|move: Fire Spin|[of] p1b: Eternatus
|move|p2a: Terapagos|Calm Mind|p2a: Terapagos
|-boost|p2a: Terapagos|spa|1
|-boost|p2a: Terapagos|spd|1
|move|p1a: Ho-Oh|Sacred Fire|p2b: Rillaboom
|-supereffective|p2b: Rillaboom
|-damage|p2b: Rillaboom|0 fnt
|faint|p2b: Rillaboom
|
|-heal|p1b: Eternatus|83/100|[from] Grassy Terrain
|-fieldend|move: Grassy Terrain
|upkeep
|
|t:|1750748665
|switch|p2b: Koraidon|Koraidon, L50|81/100
|-weather|SunnyDay|[from] ability: Orichalcum Pulse|[of] p2b: Koraidon
|-activate|p2b: Koraidon|Orichalcum Pulse|[source]
|turn|8
|
|t:|1750748690
|move|p2b: Koraidon|Protect|p2b: Koraidon
|-singleturn|p2b: Koraidon|Protect
|move|p1b: Eternatus|Fire Spin|p2a: Terapagos
|-activate|p2a: Terapagos|ability: Tera Shell
|-resisted|p2a: Terapagos
|-damage|p2a: Terapagos|95/100
|-activate|p2a: Terapagos|move: Fire Spin|[of] p1b: Eternatus
|move|p2a: Terapagos|Calm Mind|p2a: Terapagos
|-boost|p2a: Terapagos|spa|1
|-boost|p2a: Terapagos|spd|1
|move|p1a: Ho-Oh|Sacred Fire|p2b: Koraidon
|-activate|p2b: Koraidon|move: Protect
|
|-weather|SunnyDay|[upkeep]
|-heal|p2a: Terapagos|100/100|[from] item: Leftovers
|-damage|p2a: Terapagos|88/100|[from] move: Fire Spin|[partiallytrapped]
|upkeep
|turn|9
|inactive|papimamisisi has 30 seconds left.
|inactive|papimamisisi has 20 seconds left.
|inactive|papimamisisi has 15 seconds left.
|inactive|papimamisisi has 10 seconds left.
|inactive|papimamisisi has 5 seconds left.
|
|t:|1750748741
|move|p2b: Koraidon|Flare Blitz|p1b: Eternatus
|-damage|p1b: Eternatus|53/100
|-damage|p2b: Koraidon|68/100|[from] Recoil
|-damage|p2b: Koraidon|58/100|[from] item: Life Orb
|move|p1b: Eternatus|Cosmic Power|p1b: Eternatus
|-boost|p1b: Eternatus|def|1
|-boost|p1b: Eternatus|spd|1
|move|p2a: Terapagos|Calm Mind|p2a: Terapagos
|-boost|p2a: Terapagos|spa|1
|-boost|p2a: Terapagos|spd|1
|move|p1a: Ho-Oh|Sacred Fire|p2b: Koraidon
|-resisted|p2b: Koraidon
|-damage|p2b: Koraidon|29/100
|-status|p2b: Koraidon|brn
|
|-weather|SunnyDay|[upkeep]
|-heal|p2a: Terapagos|94/100|[from] item: Leftovers
|-damage|p2b: Koraidon|23/100 brn|[from] brn
|-damage|p2a: Terapagos|82/100|[from] move: Fire Spin|[partiallytrapped]
|upkeep
|turn|10
|inactive|papimamisisi has 30 seconds left.
|
|t:|1750748768
|switch|p1a: Quagsire|Quagsire, L50, M|100/100
|-terastallize|p2a: Terapagos|Stellar
|detailschange|p2a: Terapagos|Terapagos-Stellar, L50, M, tera:Stellar
|-heal|p2a: Terapagos|86/100|[silent]
|-ability|p2a: Terapagos|Teraform Zero
|-weather|none
|move|p2b: Koraidon|Protect|p2b: Koraidon
|-singleturn|p2b: Koraidon|Protect
|move|p1b: Eternatus|Recover|p1b: Eternatus
|-heal|p1b: Eternatus|100/100
|move|p2a: Terapagos|Tera Starstorm|p1b: Eternatus|[spread] p1a,p1b
|-supereffective|p1b: Eternatus
|-damage|p1a: Quagsire|2/100
|-damage|p1b: Eternatus|67/100
|
|-heal|p2a: Terapagos|93/100|[from] item: Leftovers
|-heal|p1a: Quagsire|8/100|[from] item: Leftovers
|-damage|p2b: Koraidon|18/100 brn|[from] brn
|-damage|p2a: Terapagos|80/100|[from] move: Fire Spin|[partiallytrapped]
|upkeep
|turn|11
|inactive|papimamisisi has 30 seconds left.
|
|t:|1750748801
|move|p2b: Koraidon|Protect||[still]
|-fail|p2b: Koraidon
|move|p1b: Eternatus|Fire Spin|p2b: Koraidon|[miss]
|-miss|p1b: Eternatus|p2b: Koraidon
|move|p2a: Terapagos|Calm Mind|p2a: Terapagos
|-boost|p2a: Terapagos|spa|1
|-boost|p2a: Terapagos|spd|1
|move|p1a: Quagsire|Toxic|p2a: Terapagos
|-status|p2a: Terapagos|tox
|
|-heal|p2a: Terapagos|86/100 tox|[from] item: Leftovers
|-heal|p1a: Quagsire|14/100|[from] item: Leftovers
|-damage|p2a: Terapagos|80/100 tox|[from] psn
|-damage|p2b: Koraidon|12/100 brn|[from] brn
|-damage|p2a: Terapagos|68/100 tox|[from] move: Fire Spin|[partiallytrapped]
|upkeep
|turn|12
|
|t:|1750748822
|move|p2b: Koraidon|Flare Blitz|p1b: Eternatus
|-damage|p1b: Eternatus|61/100
|-damage|p2b: Koraidon|9/100 brn|[from] Recoil
|-damage|p2b: Koraidon|0 fnt|[from] item: Life Orb
|faint|p2b: Koraidon
|move|p1b: Eternatus|Recover|p1b: Eternatus
|-heal|p1b: Eternatus|100/100
|move|p2a: Terapagos|Tera Starstorm|p1b: Eternatus|[spread] p1a,p1b
|-supereffective|p1b: Eternatus
|-damage|p1a: Quagsire|0 fnt
|-damage|p1b: Eternatus|65/100
|faint|p1a: Quagsire
|
|-heal|p2a: Terapagos|74/100 tox|[from] item: Leftovers
|-damage|p2a: Terapagos|62/100 tox|[from] psn
|-damage|p2a: Terapagos|49/100 tox|[from] move: Fire Spin|[partiallytrapped]
|upkeep
|
|t:|1750748833
|switch|p1a: Grimmsnarl|Grimmsnarl, L50, M|100/100
|turn|13
|
|t:|1750748842
|move|p1a: Grimmsnarl|Light Screen|p1a: Grimmsnarl
|-sidestart|p1: Revenant Imp|move: Light Screen
|move|p1b: Eternatus|Cosmic Power|p1b: Eternatus
|-boost|p1b: Eternatus|def|1
|-boost|p1b: Eternatus|spd|1
|move|p2a: Terapagos|Tera Starstorm|p1a: Grimmsnarl|[spread] p1a,p1b
|-supereffective|p1b: Eternatus
|-damage|p1a: Grimmsnarl|34/100
|-damage|p1b: Eternatus|41/100
|
|-heal|p2a: Terapagos|55/100 tox|[from] item: Leftovers
|-damage|p2a: Terapagos|37/100 tox|[from] psn
|-end|p2a: Terapagos|Fire Spin|[partiallytrapped]
|upkeep
|turn|14
|c|☆Revenant Imp|gg
|
|t:|1750748859
|move|p1b: Eternatus|Recover|p1b: Eternatus
|-heal|p1b: Eternatus|91/100
|move|p2a: Terapagos|Tera Starstorm|p1b: Eternatus|[spread] p1a,p1b
|-supereffective|p1b: Eternatus
|-damage|p1a: Grimmsnarl|0 fnt
|-damage|p1b: Eternatus|69/100
|faint|p1a: Grimmsnarl
|
|-heal|p2a: Terapagos|43/100 tox|[from] item: Leftovers
|-damage|p2a: Terapagos|18/100 tox|[from] psn
|upkeep
|
|t:|1750748861
|switch|p1a: Ho-Oh|Ho-Oh, L50|100/100
|turn|15
|-message|papimamisisi forfeited.
|
|win|Revenant Imp
|raw|Revenant Imp's rating: 1217 &rarr; <strong>1240</strong><br />(+23 for winning)
|raw|papimamisisi's rating: 1193 &rarr; <strong>1170</strong><br />(-23 for losing)
|l|☆papimamisisi
|player|p2|
|l|☆Revenant Imp
|player|p1|
