|j|☆W3S05
|j|☆Ddree
|t:|1750748949
|gametype|doubles
|player|p1|W3S05|2|1424
|player|p2|Ddree|lucas|1356
|teamsize|p1|4
|teamsize|p2|6
|gen|9
|tier|[Gen 9] VGC 2025 Reg I
|rated|
|rule|Species Clause: Limit one of each Pokémon
|rule|Item Clause: Limit 1 of each item
|clearpoke
|poke|p1|Calyrex-Shadow, L50|
|poke|p1|Koraidon, L50|
|poke|p1|Scream Tail, L50|
|poke|p1|Incineroar, L50, M|
|poke|p2|Koraidon, L50|
|poke|p2|Amoonguss, L50, F|
|poke|p2|Flutter Mane, L50|
|poke|p2|Incineroar, L50, F|
|poke|p2|Lunala, L50|
|poke|p2|Cyclizar, L50, F|
|teampreview|4
|inactive|Battle timer is ON: inactive players will automatically lose when time's up. (requested by Ddree)
|
|t:|1750748966
|start
|switch|p1a: Calyrex|Calyrex-Shadow, L50|100/100
|switch|p1b: Scream Tail|Scream Tail, L50|100/100
|switch|p2a: Cyclizar|Cyclizar, L50, F|100/100
|switch|p2b: Flutter Mane|Flutter Mane, L50|100/100
|-ability|p1a: Calyrex|As One
|-ability|p1a: Calyrex|Unnerve
|turn|1
|inactive|W3S05 has 30 seconds left.
|
|t:|1750749000
|-end|p1b: Scream Tail|Protosynthesis|[silent]
|switch|p1b: Incineroar|Incineroar, L50, M|100/100
|-ability|p1b: Incineroar|Intimidate|boost
|-unboost|p2a: Cyclizar|atk|1
|-unboost|p2b: Flutter Mane|atk|1
|move|p2b: Flutter Mane|Protect|p2b: Flutter Mane
|-singleturn|p2b: Flutter Mane|Protect
|move|p2a: Cyclizar|Taunt|p1b: Incineroar
|-start|p1b: Incineroar|move: Taunt
|move|p1a: Calyrex|Astral Barrage|p2a: Cyclizar|[spread] 
|-activate|p2b: Flutter Mane|move: Protect
|-immune|p2a: Cyclizar
|
|upkeep
|turn|2
|
|t:|1750749017
|switch|p2a: Koraidon|Koraidon, L50|100/100
|-weather|SunnyDay|[from] ability: Orichalcum Pulse|[of] p2a: Koraidon
|-activate|p2b: Flutter Mane|ability: Protosynthesis
|-start|p2b: Flutter Mane|protosynthesisspe
|-activate|p2a: Koraidon|Orichalcum Pulse|[source]
|-terastallize|p2b: Flutter Mane|Normal
|move|p1b: Incineroar|Fake Out|p2a: Koraidon
|-crit|p2a: Koraidon
|-damage|p2a: Koraidon|87/100
|move|p2b: Flutter Mane|Icy Wind|p1b: Incineroar|[spread] p1a,p1b
|-resisted|p1b: Incineroar
|-crit|p1b: Incineroar
|-damage|p1a: Calyrex|86/100
|-damage|p1b: Incineroar|93/100
|-unboost|p1a: Calyrex|spe|1
|-unboost|p1b: Incineroar|spe|1
|move|p1a: Calyrex|Astral Barrage|p2a: Koraidon|[spread] p2a
|-immune|p2b: Flutter Mane
|-damage|p2a: Koraidon|17/100
|-damage|p1a: Calyrex|76/100|[from] item: Life Orb
|
|-weather|SunnyDay|[upkeep]
|upkeep
|turn|3
|
|t:|1750749039
|move|p1a: Calyrex|Protect|p1a: Calyrex
|-singleturn|p1a: Calyrex|Protect
|move|p2b: Flutter Mane|Shadow Ball|p1a: Calyrex
|-activate|p1a: Calyrex|move: Protect
|move|p2a: Koraidon|Close Combat|p1b: Incineroar
|-supereffective|p1b: Incineroar
|-damage|p1b: Incineroar|0 fnt
|-unboost|p2a: Koraidon|def|1
|-unboost|p2a: Koraidon|spd|1
|faint|p1b: Incineroar
|-damage|p2a: Koraidon|7/100|[from] item: Life Orb
|
|-weather|SunnyDay|[upkeep]
|upkeep
|
|t:|1750749047
|switch|p1b: Koraidon|Koraidon, L50|100/100
|-activate|p1b: Koraidon|ability: Orichalcum Pulse
|turn|4
|
|t:|1750749059
|move|p1b: Koraidon|Close Combat|p2b: Flutter Mane
|-supereffective|p2b: Flutter Mane
|-enditem|p2b: Flutter Mane|Focus Sash
|-damage|p2b: Flutter Mane|1/100
|-unboost|p1b: Koraidon|def|1
|-unboost|p1b: Koraidon|spd|1
|move|p2b: Flutter Mane|Moonblast|p1b: Koraidon
|-supereffective|p1b: Koraidon
|-damage|p1b: Koraidon|0 fnt
|faint|p1b: Koraidon
|move|p2a: Koraidon|Flare Blitz|p1a: Calyrex
|-damage|p1a: Calyrex|0 fnt
|faint|p1a: Calyrex
|-damage|p2a: Koraidon|0 fnt|[from] Recoil
|faint|p2a: Koraidon
|
|-weather|SunnyDay|[upkeep]
|upkeep
|c|☆Ddree|scaf koridon
|c|☆Ddree|scarf
|
|t:|1750749079
|switch|p1b: Scream Tail|Scream Tail, L50|100/100
|switch|p2a: Cyclizar|Cyclizar, L50, F|100/100
|-activate|p1b: Scream Tail|ability: Protosynthesis
|-start|p1b: Scream Tail|protosynthesisspe
|turn|5
|
|t:|1750749085
|move|p2b: Flutter Mane|Protect|p2b: Flutter Mane
|-singleturn|p2b: Flutter Mane|Protect
|move|p2a: Cyclizar|Taunt|p1b: Scream Tail
|-start|p1b: Scream Tail|move: Taunt
|cant|p1b: Scream Tail|move: Taunt|Perish Song
|
|-weather|SunnyDay|[upkeep]
|upkeep
|turn|6
|
|t:|1750749095
|switch|p2a: Lunala|Lunala, L50|100/100
|move|p2b: Flutter Mane|Shadow Ball|p1b: Scream Tail
|-supereffective|p1b: Scream Tail
|-damage|p1b: Scream Tail|38/100
|-activate|p1b: Scream Tail|move: Struggle
|move|p1b: Scream Tail|Struggle|p2b: Flutter Mane
|-damage|p2b: Flutter Mane|0 fnt
|faint|p2b: Flutter Mane
|-end|p2b: Flutter Mane|Protosynthesis|[silent]
|-damage|p1b: Scream Tail|13/100|[from] recoil
|
|-weather|none
|-end|p1b: Scream Tail|Protosynthesis
|upkeep
|
|t:|1750749098
|switch|p2b: Cyclizar|Cyclizar, L50, F|100/100
|turn|7
|inactive|W3S05 has 30 seconds left.
|inactive|W3S05 has 20 seconds left.
|inactive|W3S05 has 15 seconds left.
|inactive|W3S05 has 10 seconds left.
|inactive|W3S05 has 5 seconds left.
|
|t:|1750749153
|move|p2b: Cyclizar|Crunch|p1b: Scream Tail
|-damage|p1b: Scream Tail|0 fnt
|faint|p1b: Scream Tail
|-end|p1b: Scream Tail|Protosynthesis|[silent]
|
|win|Ddree
|raw|W3S05's rating: 1424 &rarr; <strong>1400</strong><br />(-24 for losing)
|raw|Ddree's rating: 1356 &rarr; <strong>1380</strong><br />(+24 for winning)
|l|☆W3S05
|player|p1|
