|j|☆Shio_desu
|j|☆bman3116
|t:|1750715727
|gametype|doubles
|player|p1|Shio_desu|falkner|1485
|player|p2|bman3116|elesa-masters|1647
|teamsize|p1|6
|teamsize|p2|6
|gen|9
|tier|[Gen 9] VGC 2025 Reg I
|rated|
|rule|Species Clause: Limit one of each Pokémon
|rule|Item Clause: Limit 1 of each item
|clearpoke
|poke|p1|Calyrex-Ice, L50|
|poke|p1|Miraidon, L50|
|poke|p1|Grimmsnarl, L50, M|
|poke|p1|Urshifu-*, L50, F|
|poke|p1|Incineroar, L50, M|
|poke|p1|Landorus, L50, M|
|poke|p2|Whimsicott, L50, F|
|poke|p2|Incineroar, L50, F|
|poke|p2|Iron Hands, L50|
|poke|p2|Calyrex-Shadow, L50|
|poke|p2|Miraidon, L50|
|poke|p2|Chi-Yu, L50|
|teampreview|4
|inactive|Battle timer is ON: inactive players will automatically lose when time's up. (requested by bman3116)
|inactive|Shio_desu has 60 seconds left.
|
|t:|1750715762
|start
|switch|p1a: Calyrex|Calyrex-Ice, L50|100/100
|switch|p1b: Grimmsnarl|Grimmsnarl, L50, M|100/100
|switch|p2a: Miraidon|Miraidon, L50|100/100
|switch|p2b: Incineroar|Incineroar, L50, F|100/100
|-ability|p1a: Calyrex|As One
|-ability|p1a: Calyrex|Unnerve
|-fieldstart|move: Electric Terrain|[from] ability: Hadron Engine|[of] p2a: Miraidon
|-ability|p2b: Incineroar|Intimidate|boost
|-unboost|p1a: Calyrex|atk|1
|-unboost|p1b: Grimmsnarl|atk|1
|turn|1
|inactive|Shio_desu has 30 seconds left.
|
|t:|1750715792
|-terastallize|p2a: Miraidon|Fairy
|move|p2b: Incineroar|Fake Out|p1b: Grimmsnarl
|-damage|p1b: Grimmsnarl|90/100
|cant|p1b: Grimmsnarl|flinch
|move|p2a: Miraidon|Electro Drift|p1b: Grimmsnarl
|-damage|p1b: Grimmsnarl|0 fnt
|faint|p1b: Grimmsnarl
|move|p1a: Calyrex|Trick Room|p1a: Calyrex
|-fieldstart|move: Trick Room|[of] p1a: Calyrex
|
|upkeep
|
|t:|1750715805
|switch|p1b: Urshifu|Urshifu-Rapid-Strike, L50, F|100/100
|turn|2
|
|t:|1750715823
|move|p1a: Calyrex|Glacial Lance|p2a: Miraidon|[spread] p2a,p2b
|-crit|p2a: Miraidon
|-resisted|p2b: Incineroar
|-damage|p2a: Miraidon|20/100
|-damage|p2b: Incineroar|88/100
|move|p2b: Incineroar|Will-O-Wisp|p1b: Urshifu
|-status|p1b: Urshifu|brn
|move|p1b: Urshifu|Surging Strikes|p2a: Miraidon
|-crit|p2a: Miraidon
|-damage|p2a: Miraidon|5/100
|-crit|p2a: Miraidon
|-damage|p2a: Miraidon|0 fnt
|faint|p2a: Miraidon
|-hitcount|p2: Miraidon|2
|
|-damage|p1b: Urshifu|95/100 brn|[from] brn
|upkeep
|
|t:|1750715829
|switch|p2a: Calyrex|Calyrex-Shadow, L50|100/100
|-ability|p2a: Calyrex|As One
|-ability|p2a: Calyrex|Unnerve
|turn|3
|
|t:|1750715847
|move|p2a: Calyrex|Protect|p2a: Calyrex
|-singleturn|p2a: Calyrex|Protect
|move|p1a: Calyrex|Glacial Lance|p2b: Incineroar|[spread] p2b
|-activate|p2a: Calyrex|move: Protect
|-resisted|p2b: Incineroar
|-damage|p2b: Incineroar|74/100
|move|p2b: Incineroar|Will-O-Wisp|p1a: Calyrex
|-status|p1a: Calyrex|brn
|move|p1b: Urshifu|Surging Strikes|p2a: Calyrex
|-crit|p2a: Calyrex
|-damage|p2a: Calyrex|83/100
|-crit|p2a: Calyrex
|-damage|p2a: Calyrex|62/100
|-crit|p2a: Calyrex
|-damage|p2a: Calyrex|43/100
|-hitcount|p2a: Calyrex|3
|
|-damage|p1a: Calyrex|95/100 brn|[from] brn
|-damage|p1b: Urshifu|89/100 brn|[from] brn
|upkeep
|turn|4
|
|t:|1750715865
|switch|p2a: Whimsicott|Whimsicott, L50, F|100/100
|move|p1a: Calyrex|Glacial Lance|p2a: Whimsicott|[spread] p2a,p2b
|-supereffective|p2a: Whimsicott
|-crit|p2a: Whimsicott
|-resisted|p2b: Incineroar
|-damage|p2a: Whimsicott|8/100
|-damage|p2b: Incineroar|67/100
|move|p2b: Incineroar|Knock Off|p1a: Calyrex
|-supereffective|p1a: Calyrex
|-damage|p1a: Calyrex|45/100 brn
|-enditem|p1a: Calyrex|Leftovers|[from] move: Knock Off|[of] p2b: Incineroar
|move|p1b: Urshifu|Surging Strikes|p2a: Whimsicott
|-resisted|p2a: Whimsicott
|-crit|p2a: Whimsicott
|-damage|p2a: Whimsicott|0 fnt
|faint|p2a: Whimsicott
|-hitcount|p2: Whimsicott|1
|
|-damage|p1a: Calyrex|40/100 brn|[from] brn
|-damage|p1b: Urshifu|83/100 brn|[from] brn
|upkeep
|
|t:|1750715873
|switch|p2a: Calyrex|Calyrex-Shadow, L50|43/100
|-ability|p2a: Calyrex|As One
|-ability|p2a: Calyrex|Unnerve
|turn|5
|
|t:|1750715890
|move|p2a: Calyrex|Protect|p2a: Calyrex
|-singleturn|p2a: Calyrex|Protect
|move|p1a: Calyrex|Leech Seed|p2b: Incineroar
|-start|p2b: Incineroar|move: Leech Seed
|move|p2b: Incineroar|Knock Off|p1a: Calyrex
|-supereffective|p1a: Calyrex
|-damage|p1a: Calyrex|8/100 brn
|move|p1b: Urshifu|Surging Strikes|p2a: Calyrex
|-crit|p2a: Calyrex
|-damage|p2a: Calyrex|24/100
|-crit|p2a: Calyrex
|-damage|p2a: Calyrex|4/100
|-crit|p2a: Calyrex
|-damage|p2a: Calyrex|0 fnt
|faint|p2a: Calyrex
|-hitcount|p2: Calyrex|3
|
|-damage|p2b: Incineroar|54/100|[from] Leech Seed|[of] p1a: Calyrex
|-heal|p1a: Calyrex|20/100 brn|[silent]
|-damage|p1a: Calyrex|14/100 brn|[from] brn
|-damage|p1b: Urshifu|77/100 brn|[from] brn
|-fieldend|move: Trick Room
|-fieldend|move: Electric Terrain
|upkeep
|turn|6
|-message|bman3116 forfeited.
|
|win|Shio_desu
|raw|Shio_desu's rating: 1485 &rarr; <strong>1514</strong><br />(+29 for winning)
|raw|bman3116's rating: 1647 &rarr; <strong>1618</strong><br />(-29 for losing)
