|j|☆paulymcel
|j|☆bogan7595
|t:|1750720750
|gametype|doubles
|player|p1|paulymcel|169|1169
|player|p2|bogan7595|nate|1070
|teamsize|p1|6
|teamsize|p2|6
|gen|9
|tier|[Gen 9] VGC 2025 Reg I
|rated|
|rule|Species Clause: Limit one of each Pokémon
|rule|Item Clause: Limit 1 of each item
|clearpoke
|poke|p1|Tornadus, L50, M|
|poke|p1|Raging Bolt, L50|
|poke|p1|Ursaluna-Bloodmoon, L50, M|
|poke|p1|Koraidon, L50|
|poke|p1|Urshifu-*, L50, M|
|poke|p1|Calyrex-Ice, L50|
|poke|p2|Braviary-Hisui, L50, M|
|poke|p2|Terapagos, L50, M|
|poke|p2|Calyrex-Ice, L50|
|poke|p2|Flamigo, L50, F|
|poke|p2|Indeedee, L50, M|
|poke|p2|Magmar, L50, F|
|teampreview|4
|inactive|Battle timer is ON: inactive players will automatically lose when time's up. (requested by paulymcel)
|
|t:|1750720779
|start
|switch|p1a: Tornadus|Tornadus, L50, M|100/100
|switch|p1b: Koraidon|Koraidon, L50|100/100
|switch|p2a: Magmar|Magmar, L50, F|100/100
|switch|p2b: Calyrex|Calyrex-Ice, L50|100/100
|-ability|p2b: Calyrex|As One
|-ability|p2b: Calyrex|Unnerve
|-weather|SunnyDay|[from] ability: Orichalcum Pulse|[of] p1b: Koraidon
|-activate|p1b: Koraidon|Orichalcum Pulse|[source]
|turn|1
|inactive|paulymcel has 30 seconds left.
|inactive|bogan7595 has 30 seconds left.
|
|t:|1750720811
|-terastallize|p1b: Koraidon|Fighting
|move|p1a: Tornadus|Tailwind|p1a: Tornadus
|-sidestart|p1: paulymcel|move: Tailwind
|move|p1b: Koraidon|Close Combat|p2b: Calyrex
|-damage|p2b: Calyrex|0 fnt
|-unboost|p1b: Koraidon|def|1
|-unboost|p1b: Koraidon|spd|1
|faint|p2b: Calyrex
|-damage|p1b: Koraidon|91/100|[from] item: Life Orb
|move|p2a: Magmar|Knock Off|p1b: Koraidon
|-resisted|p1b: Koraidon
|-damage|p1b: Koraidon|78/100
|-enditem|p1b: Koraidon|Life Orb|[from] move: Knock Off|[of] p2a: Magmar
|
|-weather|SunnyDay|[upkeep]
|upkeep
|
|t:|1750720829
|switch|p2b: Indeedee|Indeedee, L50, M|100/100
|-fieldstart|move: Psychic Terrain|[from] ability: Psychic Surge|[of] p2b: Indeedee
|turn|2
|
|t:|1750720845
|move|p1a: Tornadus|Bleakwind Storm|p2b: Indeedee|[spread] p2a,p2b
|-damage|p2a: Magmar|75/100
|-damage|p2b: Indeedee|68/100
|-unboost|p2a: Magmar|spe|1
|-enditem|p2b: Indeedee|Eject Button
|
|t:|1750720850
|switch|p2b: Braviary|Braviary-Hisui, L50, M|100/100
|move|p1b: Koraidon|Close Combat|p2a: Magmar
|-damage|p2a: Magmar|0 fnt
|-unboost|p1b: Koraidon|def|1
|-unboost|p1b: Koraidon|spd|1
|faint|p2a: Magmar
|
|-weather|SunnyDay|[upkeep]
|upkeep
|
|t:|1750720859
|switch|p2a: Indeedee|Indeedee, L50, M|68/100
|turn|3
|
|t:|1750720867
|move|p1a: Tornadus|Bleakwind Storm|p2b: Braviary|[spread] p2a,p2b
|-damage|p2a: Indeedee|29/100
|-damage|p2b: Braviary|66/100
|move|p1b: Koraidon|Close Combat|p2a: Indeedee
|-damage|p2a: Indeedee|0 fnt
|-unboost|p1b: Koraidon|def|1
|-unboost|p1b: Koraidon|spd|1
|faint|p2a: Indeedee
|move|p2b: Braviary|Tailwind|p2b: Braviary
|-sidestart|p2: bogan7595|move: Tailwind
|
|-weather|SunnyDay|[upkeep]
|upkeep
|turn|4
|
|t:|1750720891
|move|p1b: Koraidon|Protect|p1b: Koraidon
|-singleturn|p1b: Koraidon|Protect
|move|p1a: Tornadus|U-turn|p2b: Braviary
|-damage|p2b: Braviary|49/100
|
|t:|1750720896
|switch|p1a: Ursaluna|Ursaluna-Bloodmoon, L50, M|100/100|[from] U-turn
|move|p2b: Braviary|Heat Wave|p1b: Koraidon|[spread] p1a
|-activate|p1b: Koraidon|move: Protect
|-damage|p1a: Ursaluna|19/100
|
|-weather|SunnyDay|[upkeep]
|-sideend|p1: paulymcel|move: Tailwind
|upkeep
|turn|5
|
|t:|1750720916
|move|p2b: Braviary|Heat Wave|p1a: Ursaluna|[spread] p1a,p1b
|-damage|p1a: Ursaluna|0 fnt
|-damage|p1b: Koraidon|0 fnt
|faint|p1a: Ursaluna
|faint|p1b: Koraidon
|
|-weather|none
|upkeep
|
|t:|1750720925
|switch|p1b: Calyrex|Calyrex-Ice, L50|100/100
|switch|p1a: Tornadus|Tornadus, L50, M|100/100
|-ability|p1b: Calyrex|As One
|-ability|p1b: Calyrex|Unnerve
|turn|6
|
|t:|1750720937
|move|p1b: Calyrex|Protect|p1b: Calyrex
|-singleturn|p1b: Calyrex|Protect
|move|p1a: Tornadus|Bleakwind Storm|p2b: Braviary
|-damage|p2b: Braviary|7/100
|move|p2b: Braviary|Heat Wave|p1b: Calyrex|[spread] p1a
|-activate|p1b: Calyrex|move: Protect
|-damage|p1a: Tornadus|50/100
|
|-sideend|p2: bogan7595|move: Tailwind
|-fieldend|move: Psychic Terrain
|upkeep
|turn|7
|
|t:|1750720952
|-terastallize|p2b: Braviary|Flying
|move|p1a: Tornadus|Tailwind|p1a: Tornadus
|-sidestart|p1: paulymcel|move: Tailwind
|move|p1b: Calyrex|Glacial Lance|p2b: Braviary
|-supereffective|p2b: Braviary
|-damage|p2b: Braviary|0 fnt
|faint|p2b: Braviary
|
|win|paulymcel
|raw|paulymcel's rating: 1169 &rarr; <strong>1187</strong><br />(+18 for winning)
|raw|bogan7595's rating: 1070 &rarr; <strong>1055</strong><br />(-15 for losing)
|l|☆bogan7595
|player|p2|
