|j|☆beanxxbot
|j|☆Cello L.
|t:|1750866415
|gametype|doubles
|player|p1|beanxxbot|169|1190
|player|p2|Cello L.|blaine|1189
|teamsize|p1|6
|teamsize|p2|6
|gen|9
|tier|[Gen 9] VGC 2025 Reg I
|rated|
|rule|Species Clause: Limit one of each Pokémon
|rule|Item Clause: Limit 1 of each item
|clearpoke
|poke|p1|Lunala, L50|
|poke|p1|Koraidon, L50|
|poke|p1|Indeedee-F, L50, F|
|poke|p1|Incineroar, L50, F|
|poke|p1|Raging Bolt, L50|
|poke|p1|Ogerpon-Wellspring, L50, F|
|poke|p2|Calyrex-Shadow, L50|
|poke|p2|Terapagos, L50, M|
|poke|p2|Ogerpon-Cornerstone, L50, F|
|poke|p2|Urshifu-*, L50, F|
|poke|p2|Incineroar, L50, M|
|poke|p2|Rillaboom, L50, M|
|teampreview|4
|inactive|Battle timer is ON: inactive players will automatically lose when time's up. (requested by beanxxbot)
Cello L. has agreed to open team sheets.
|inactive|Cello L. has 60 seconds left.
beanxxbot has agreed to open team sheets.
|showteam|p1|Lunala||Leftovers|ShadowShield|MoongeistBeam,ExpandingForce,Moonblast,WideGuard||||||50|,,,,,Fairy]Koraidon||LifeOrb|OrichalcumPulse|FlareBlitz,FlameCharge,CloseCombat,Protect||||||50|,,,,,Fire]Indeedee-F||RockyHelmet|PsychicSurge|FollowMe,TrickRoom,HelpingHand,Psychic|||F|||50|,,,,,Grass]Incineroar||AssaultVest|Intimidate|FakeOut,KnockOff,Uturn,FlareBlitz|||F|||50|,,,,,Bug]Raging Bolt||Magnet|Protosynthesis|Thunderclap,VoltSwitch,Protect,DragonPulse||||||50|,,,,,Electric]Ogerpon-Wellspring||WellspringMask|WaterAbsorb|IvyCudgel,HornLeech,SpikyShield,Encore|||F|||50|,,,,,Water
|showteam|p2|Calyrex-Shadow||LifeOrb|AsOneSpectrier|AstralBarrage,Psychic,NastyPlot,Protect||||||50|,,,,,Normal]Terapagos||Leftovers|TeraShift|TeraStarstorm,EarthPower,CalmMind,Protect|||M|||50|,,,,,Stellar]Ogerpon-Cornerstone||CornerstoneMask|Sturdy|IvyCudgel,PowerWhip,FollowMe,SpikyShield|||F|||50|,,,,,Rock]Urshifu-Rapid-Strike||MysticWater|UnseenFist|SurgingStrikes,CloseCombat,AquaJet,Uturn|||F|||50|,,,,,Water]Incineroar||SitrusBerry|Intimidate|FlareBlitz,KnockOff,FakeOut,Taunt|||M|||50|,,,,,Bug]Rillaboom||AssaultVest|GrassySurge|DrumBeating,GrassyGlide,FakeOut,Uturn|||M|||50|,,,,,Fire
|
|t:|1750866497
|start
|switch|p1a: Lunala|Lunala, L50|100/100
|switch|p1b: Indeedee|Indeedee-F, L50, F|100/100
|switch|p2a: Calyrex|Calyrex-Shadow, L50|100/100
|switch|p2b: Incineroar|Incineroar, L50, M|100/100
|-ability|p2a: Calyrex|As One
|-ability|p2a: Calyrex|Unnerve
|-fieldstart|move: Psychic Terrain|[from] ability: Psychic Surge|[of] p1b: Indeedee
|-ability|p2b: Incineroar|Intimidate|boost
|-unboost|p1a: Lunala|atk|1
|-unboost|p1b: Indeedee|atk|1
|turn|1
|inactive|beanxxbot has 30 seconds left.
|inactive|Cello L. has 30 seconds left.
|
|t:|1750866526
|-terastallize|p1a: Lunala|Fairy
|move|p2a: Calyrex|Astral Barrage|p1b: Indeedee|[spread] p1a
|-immune|p1b: Indeedee
|-damage|p1a: Lunala|73/100
|-damage|p2a: Calyrex|91/100|[from] item: Life Orb
|move|p1a: Lunala|Moongeist Beam|p2a: Calyrex
|-supereffective|p2a: Calyrex
|-damage|p2a: Calyrex|0 fnt
|faint|p2a: Calyrex
|move|p2b: Incineroar|Taunt|p1a: Lunala
|-start|p1a: Lunala|move: Taunt
|move|p1b: Indeedee|Trick Room|p1b: Indeedee
|-fieldstart|move: Trick Room|[of] p1b: Indeedee
|
|-heal|p1a: Lunala|80/100|[from] item: Leftovers
|upkeep
|
|t:|1750866543
|switch|p2a: Terapagos|Terapagos, L50, M|100/100
|-activate|p2a: Terapagos|ability: Tera Shift
|detailschange|p2a: Terapagos|Terapagos-Terastal, L50, M
|-heal|p2a: Terapagos|100/100|[silent]
|turn|2
|
|t:|1750866555
|move|p1b: Indeedee|Helping Hand|p1a: Lunala
|-singleturn|p1a: Lunala|Helping Hand|[of] p1b: Indeedee
|move|p2b: Incineroar|Knock Off|p1a: Lunala
|-resisted|p1a: Lunala
|-damage|p1a: Lunala|66/100
|-enditem|p1a: Lunala|Leftovers|[from] move: Knock Off|[of] p2b: Incineroar
|move|p2a: Terapagos|Calm Mind|p2a: Terapagos
|-boost|p2a: Terapagos|spa|1
|-boost|p2a: Terapagos|spd|1
|move|p1a: Lunala|Moonblast|p2b: Incineroar
|-damage|p2b: Incineroar|28/100
|-enditem|p2b: Incineroar|Sitrus Berry|[eat]
|-heal|p2b: Incineroar|53/100|[from] item: Sitrus Berry
|
|upkeep
|turn|3
|
|t:|1750866580
|switch|p1b: Koraidon|Koraidon, L50|100/100
|-weather|SunnyDay|[from] ability: Orichalcum Pulse|[of] p1b: Koraidon
|-activate|p1b: Koraidon|Orichalcum Pulse|[source]
|move|p2b: Incineroar|Flare Blitz|p1a: Lunala
|-damage|p1a: Lunala|19/100
|-status|p1a: Lunala|brn
|-damage|p2b: Incineroar|35/100|[from] Recoil
|move|p2a: Terapagos|Calm Mind|p2a: Terapagos
|-boost|p2a: Terapagos|spa|1
|-boost|p2a: Terapagos|spd|1
|move|p1a: Lunala|Moonblast|p2b: Incineroar
|-damage|p2b: Incineroar|0 fnt
|faint|p2b: Incineroar
|
|-weather|SunnyDay|[upkeep]
|-damage|p1a: Lunala|13/100 brn|[from] brn
|upkeep
|
|t:|1750866596
|switch|p2b: Ogerpon|Ogerpon-Cornerstone, L50, F|100/100
|turn|4
|
|t:|1750866605
|switch|p1a: Incineroar|Incineroar, L50, F|100/100
|-ability|p1a: Incineroar|Intimidate|boost
|-unboost|p2a: Terapagos|atk|1
|-unboost|p2b: Ogerpon|atk|1
|-terastallize|p2a: Terapagos|Stellar
|detailschange|p2a: Terapagos|Terapagos-Stellar, L50, M, tera:Stellar
|-heal|p2a: Terapagos|100/100|[silent]
|-ability|p2a: Terapagos|Teraform Zero
|-weather|none
|-fieldend|move: Psychic Terrain
|move|p2b: Ogerpon|Follow Me|p2b: Ogerpon
|-singleturn|p2b: Ogerpon|move: Follow Me
|move|p2a: Terapagos|Tera Starstorm|p1a: Incineroar|[spread] p1a,p1b
|-damage|p1a: Incineroar|53/100
|-damage|p1b: Koraidon|11/100
|move|p1b: Koraidon|Close Combat|p2b: Ogerpon
|-supereffective|p2b: Ogerpon
|-ability|p2b: Ogerpon|Sturdy
|-damage|p2b: Ogerpon|1/100
|-unboost|p1b: Koraidon|def|1
|-unboost|p1b: Koraidon|spd|1
|-damage|p1b: Koraidon|2/100|[from] item: Life Orb
|
|upkeep
|turn|5
|inactive|Cello L. has 30 seconds left.
|inactive|Cello L. has 20 seconds left.
|c|☆beanxxbot|might be cooked
|inactive|Cello L. has 15 seconds left.
|
|t:|1750866647
|switch|p1b: Lunala|Lunala, L50, tera:Fairy|13/100 brn
|move|p1a: Incineroar|Fake Out|p2b: Ogerpon
|-resisted|p2b: Ogerpon
|-damage|p2b: Ogerpon|0 fnt
|faint|p2b: Ogerpon
|move|p2a: Terapagos|Tera Starstorm|p1a: Incineroar|[spread] p1a,p1b
|-supereffective|p1b: Lunala
|-damage|p1a: Incineroar|0 fnt
|-damage|p1b: Lunala|0 fnt
|faint|p1a: Incineroar
|faint|p1b: Lunala
|
|-fieldend|move: Trick Room
|upkeep
|
|t:|1750866659
|switch|p1b: Indeedee|Indeedee-F, L50, F|100/100
|switch|p1a: Koraidon|Koraidon, L50|2/100
|-weather|SunnyDay|[from] ability: Orichalcum Pulse|[of] p1a: Koraidon
|-activate|p1a: Koraidon|Orichalcum Pulse|[source]
|-fieldstart|move: Psychic Terrain|[from] ability: Psychic Surge|[of] p1b: Indeedee
|turn|6
|
|t:|1750866671
|move|p1b: Indeedee|Helping Hand|p1a: Koraidon
|-singleturn|p1a: Koraidon|Helping Hand|[of] p1b: Indeedee
|move|p1a: Koraidon|Close Combat|p2a: Terapagos
|-supereffective|p2a: Terapagos
|-damage|p2a: Terapagos|0 fnt
|-unboost|p1a: Koraidon|def|1
|-unboost|p1a: Koraidon|spd|1
|faint|p2a: Terapagos
|detailschange|p2: Terapagos|Terapagos, L50, M|[silent]
|-damage|p1a: Koraidon|0 fnt|[from] item: Life Orb
|faint|p1a: Koraidon
|
|win|beanxxbot
|raw|beanxxbot's rating: 1190 &rarr; <strong>1215</strong><br />(+25 for winning)
|raw|Cello L.'s rating: 1189 &rarr; <strong>1164</strong><br />(-25 for losing)
|c|☆Cello L.|gg
|c|☆beanxxbot|gg
|l|☆Cello L.
|player|p2|
