|j|☆1shing1
|j|☆3771m
|t:|1750861109
|gametype|doubles
|player|p1|1shing1|266|1320
|player|p2|3771m|lucas|1264
|teamsize|p1|6
|teamsize|p2|6
|gen|9
|tier|[Gen 9] VGC 2025 Reg I
|rated|
|rule|Species Clause: Limit one of each Pokémon
|rule|Item Clause: Limit 1 of each item
|clearpoke
|poke|p1|Lunala, L50|
|poke|p1|Ho-Oh, L50|
|poke|p1|Rillaboom, L50, M|
|poke|p1|Amoonguss, L50, M|
|poke|p1|Zoroark-Hisui, L50, M|
|poke|p1|Swampert, L50, M|
|poke|p2|Calyrex-Ice, L50|
|poke|p2|Miraidon, L50|
|poke|p2|Incineroar, L50, M|
|poke|p2|Iron Hands, L50|
|poke|p2|Pelipper, L50, F|
|poke|p2|Farigiraf, L50, F|
|teampreview|4
|
|t:|1750861142
|start
|switch|p1a: Lunala|Lunala, L50|100/100
|switch|p1b: Rillaboom|Rillaboom, L50, M|100/100
|switch|p2a: Miraidon|Miraidon, L50|100/100
|switch|p2b: Farigiraf|Farigiraf, L50, F|100/100
|-fieldstart|move: Electric Terrain|[from] ability: Hadron Engine|[of] p2a: Miraidon
|-fieldstart|move: Grassy Terrain|[from] ability: Grassy Surge|[of] p1b: Rillaboom
|turn|1
|
|t:|1750861153
|move|p2a: Miraidon|Volt Switch|p1a: Lunala
|-damage|p1a: Lunala|82/100
|
|t:|1750861158
|switch|p2a: Calyrex|Calyrex-Ice, L50|100/100|[from] Volt Switch
|-ability|p2a: Calyrex|As One
|-ability|p2a: Calyrex|Unnerve
|move|p1b: Rillaboom|U-turn|p2b: Farigiraf
|-supereffective|p2b: Farigiraf
|-damage|p2b: Farigiraf|54/100
|
|t:|1750861170
|switch|p1b: Swampert|Swampert, L50, M|100/100|[from] U-turn
|move|p1a: Lunala|Calm Mind|p1a: Lunala
|-boost|p1a: Lunala|spa|1
|-boost|p1a: Lunala|spd|1
|move|p2b: Farigiraf|Trick Room|p2b: Farigiraf
|-fieldstart|move: Trick Room|[of] p2b: Farigiraf
|
|-heal|p2b: Farigiraf|60/100|[from] Grassy Terrain
|-heal|p1a: Lunala|88/100|[from] Grassy Terrain
|-heal|p1a: Lunala|94/100|[from] item: Leftovers
|upkeep
|turn|2
|
|t:|1750861180
|move|p1a: Lunala|Protect|p1a: Lunala
|-singleturn|p1a: Lunala|Protect
|move|p2a: Calyrex|Glacial Lance|p1b: Swampert|[spread] p1b
|-activate|p1a: Lunala|move: Protect
|-damage|p1b: Swampert|54/100
|move|p2b: Farigiraf|Light Screen|p2b: Farigiraf
|-sidestart|p2: 3771m|move: Light Screen
|move|p1b: Swampert|High Horsepower|p2b: Farigiraf
|-damage|p2b: Farigiraf|14/100
|
|-heal|p2b: Farigiraf|20/100|[from] Grassy Terrain
|-heal|p1b: Swampert|60/100|[from] Grassy Terrain
|-heal|p1a: Lunala|100/100|[from] Grassy Terrain
|upkeep
|turn|3
|
|t:|1750861210
|-terastallize|p1a: Lunala|Fairy
|move|p2a: Calyrex|Protect|p2a: Calyrex
|-singleturn|p2a: Calyrex|Protect
|move|p1b: Swampert|Wide Guard|p1b: Swampert
|-singleturn|p1b: Swampert|Wide Guard
|move|p2b: Farigiraf|Hyper Voice|p1b: Swampert|[spread] 
|-activate|p1a: Lunala|move: Wide Guard
|-activate|p1b: Swampert|move: Wide Guard
|move|p1a: Lunala|Moongeist Beam|p2a: Calyrex
|-activate|p2a: Calyrex|move: Protect
|
|-heal|p2b: Farigiraf|26/100|[from] Grassy Terrain
|-heal|p1b: Swampert|66/100|[from] Grassy Terrain
|upkeep
|turn|4
|
|t:|1750861234
|switch|p2a: Iron Hands|Iron Hands, L50|100/100
|move|p1b: Swampert|Helping Hand|p1a: Lunala
|-singleturn|p1a: Lunala|Helping Hand|[of] p1b: Swampert
|move|p2b: Farigiraf|Reflect|p2b: Farigiraf
|-sidestart|p2: 3771m|Reflect
|move|p1a: Lunala|Dazzling Gleam|p2a: Iron Hands|[spread] p2a,p2b
|-supereffective|p2a: Iron Hands
|-damage|p2a: Iron Hands|39/100
|-damage|p2b: Farigiraf|0 fnt
|faint|p2b: Farigiraf
|
|-heal|p2a: Iron Hands|45/100|[from] Grassy Terrain
|-heal|p1b: Swampert|72/100|[from] Grassy Terrain
|upkeep
|
|t:|1750861251
|switch|p2b: Miraidon|Miraidon, L50|100/100
|-fieldstart|move: Electric Terrain|[from] ability: Hadron Engine|[of] p2b: Miraidon
|-activate|p2a: Iron Hands|ability: Quark Drive
|-start|p2a: Iron Hands|quarkdriveatk
|turn|5
|
|t:|1750861287
|-terastallize|p2b: Miraidon|Fairy
|move|p1a: Lunala|Protect|p1a: Lunala
|-singleturn|p1a: Lunala|Protect
|move|p2a: Iron Hands|Fake Out|p1a: Lunala
|-activate|p1a: Lunala|move: Protect
|move|p1b: Swampert|Flip Turn|p2a: Iron Hands
|-damage|p2a: Iron Hands|32/100
|
|t:|1750861296
|switch|p1b: Rillaboom|Rillaboom, L50, M|100/100|[from] Flip Turn
|-fieldstart|move: Grassy Terrain|[from] ability: Grassy Surge|[of] p1b: Rillaboom
|-end|p2a: Iron Hands|Quark Drive
|move|p2b: Miraidon|Electro Drift|p1a: Lunala
|-activate|p1a: Lunala|move: Protect
|
|-heal|p2a: Iron Hands|38/100|[from] Grassy Terrain
|-fieldend|move: Trick Room
|upkeep
|turn|6
|
|t:|1750861314
|switch|p2b: Calyrex|Calyrex-Ice, L50|100/100
|-ability|p2b: Calyrex|As One
|-ability|p2b: Calyrex|Unnerve
|move|p1b: Rillaboom|Fake Out|p2b: Calyrex
|-damage|p2b: Calyrex|96/100
|move|p1a: Lunala|Dazzling Gleam|p2a: Iron Hands|[spread] p2a,p2b
|-supereffective|p2a: Iron Hands
|-damage|p2a: Iron Hands|0 fnt
|-damage|p2b: Calyrex|72/100
|faint|p2a: Iron Hands
|-end|p2a: Iron Hands|Quark Drive|[silent]
|
|-heal|p2b: Calyrex|78/100|[from] Grassy Terrain
|-sideend|p2: 3771m|move: Light Screen
|upkeep
|
|t:|1750861316
|switch|p2a: Miraidon|Miraidon, L50, tera:Fairy|100/100
|-fieldstart|move: Electric Terrain|[from] ability: Hadron Engine|[of] p2a: Miraidon
|turn|7
|
|t:|1750861343
|move|p2a: Miraidon|Electro Drift|p1a: Lunala
|-damage|p1a: Lunala|69/100
|move|p1b: Rillaboom|Drum Beating|p2a: Miraidon
|-damage|p2a: Miraidon|76/100
|-unboost|p2a: Miraidon|spe|1
|move|p1a: Lunala|Moongeist Beam|p2b: Calyrex
|-supereffective|p2b: Calyrex
|-damage|p2b: Calyrex|0 fnt
|faint|p2b: Calyrex
|
|-heal|p1a: Lunala|75/100|[from] item: Leftovers
|upkeep
|turn|8
|
|t:|1750861356
|move|p1a: Lunala|Protect|p1a: Lunala
|-singleturn|p1a: Lunala|Protect
|move|p1b: Rillaboom|U-turn|p2a: Miraidon
|-resisted|p2a: Miraidon
|-damage|p2a: Miraidon|69/100
|-message|3771m forfeited.
|
|win|1shing1
|raw|1shing1's rating: 1320 &rarr; <strong>1337</strong><br />(+17 for winning)
|raw|3771m's rating: 1264 &rarr; <strong>1243</strong><br />(-21 for losing)
|l|☆3771m
|player|p2|
|l|☆1shing1
|player|p1|
