|j|☆Gomme31!
|j|☆Superspikey1
|t:|1750856306
|gametype|doubles
|player|p1|Gomme31!|101|1000
|player|p2|Superspikey1|byron|1074
|teamsize|p1|6
|teamsize|p2|6
|gen|9
|tier|[Gen 9] VGC 2025 Reg I
|rated|
|rule|Species Clause: Limit one of each Pokémon
|rule|Item Clause: Limit 1 of each item
|clearpoke
|poke|p1|Seedot, L50, F|
|poke|p1|Porygon2, L50|
|poke|p1|Bronzong, L50|
|poke|p1|Zapdos-Galar, L50|
|poke|p1|Chandelure, L50, M|
|poke|p1|Calyrex-Ice, L50|
|poke|p2|Calyrex-Ice, L50|
|poke|p2|Necrozma-Dawn-Wings, L50|
|poke|p2|Brute Bonnet, L50|
|poke|p2|Alcremie, L50, F|
|poke|p2|Araquanid, L50, M|
|poke|p2|Indeedee-F, L50, F|
|teampreview|4
|inactive|Battle timer is ON: inactive players will automatically lose when time's up. (requested by Gomme31!)
|
|t:|1750856358
|start
|switch|p1a: Bronzong|Bronzong, L50|100/100
|switch|p1b: Chandelure|Chandelure, L50, M|100/100
|switch|p2a: Araquanid|Araquanid, L50, M|100/100
|switch|p2b: Necrozma|Necrozma-Dawn-Wings, L50|100/100
|turn|1
|
|t:|1750856383
|move|p1b: Chandelure|Protect|p1b: Chandelure
|-singleturn|p1b: Chandelure|Protect
|move|p2b: Necrozma|Protect|p2b: Necrozma
|-singleturn|p2b: Necrozma|Protect
|move|p2a: Araquanid|Liquidation|p1b: Chandelure
|-activate|p1b: Chandelure|move: Protect
|move|p1a: Bronzong|Light Screen|p1a: Bronzong
|-sidestart|p1: Gomme31!|move: Light Screen
|
|upkeep
|turn|2
|inactive|Gomme31! has 30 seconds left.
|
|t:|1750856414
|switch|p1b: Seedot|Seedot, L50, F|100/100
|-terastallize|p2b: Necrozma|Dark
|move|p2b: Necrozma|Moongeist Beam|p1a: Bronzong
|-supereffective|p1a: Bronzong
|-damage|p1a: Bronzong|7/100
|-damage|p2b: Necrozma|91/100|[from] item: Life Orb
|move|p2a: Araquanid|Liquidation|p1b: Seedot
|-resisted|p1b: Seedot
|-damage|p1b: Seedot|17/100
|move|p1a: Bronzong|Trick Room|p1a: Bronzong
|-fieldstart|move: Trick Room|[of] p1a: Bronzong
|
|-heal|p1a: Bronzong|13/100|[from] item: Leftovers
|upkeep
|turn|3
|inactive|Gomme31! has 30 seconds left.
|inactive|Superspikey1 has 30 seconds left.
|inactive|Gomme31! has 20 seconds left.
|
|t:|1750856452
|move|p1b: Seedot|Endeavor|p2b: Necrozma
|-damage|p2b: Necrozma|11/100
|move|p1a: Bronzong|Earthquake|p2a: Araquanid|[spread] p1b,p2a,p2b
|-resisted|p1b: Seedot
|-resisted|p2a: Araquanid
|-damage|p1b: Seedot|0 fnt
|-damage|p2a: Araquanid|92/100
|-damage|p2b: Necrozma|0 fnt
|faint|p1b: Seedot
|faint|p2b: Necrozma
|move|p2a: Araquanid|Leech Life|p1a: Bronzong
|-damage|p1a: Bronzong|0 fnt
|-heal|p2a: Araquanid|99/100|[from] drain|[of] p1a: Bronzong
|faint|p1a: Bronzong
|
|upkeep
|
|t:|1750856471
|switch|p1b: Calyrex|Calyrex-Ice, L50|100/100
|switch|p1a: Chandelure|Chandelure, L50, M|100/100
|switch|p2b: Calyrex|Calyrex-Ice, L50|100/100
|-ability|p2b: Calyrex|As One
|-ability|p2b: Calyrex|Unnerve
|-ability|p1b: Calyrex|As One
|-ability|p1b: Calyrex|Unnerve
|turn|4
|inactive|Gomme31! has 30 seconds left.
|inactive|Superspikey1 has 30 seconds left.
|inactive|Gomme31! has 20 seconds left.
|
|t:|1750856507
|-terastallize|p1a: Chandelure|Ghost
|move|p2a: Araquanid|Liquidation|p1a: Chandelure
|-damage|p1a: Chandelure|41/100
|move|p2b: Calyrex|High Horsepower|p1a: Chandelure
|-damage|p1a: Chandelure|0 fnt
|faint|p1a: Chandelure
|-ability|p2b: Calyrex|Chilling Neigh|boost
|-boost|p2b: Calyrex|atk|1
|move|p1b: Calyrex|Leaf Storm|p2a: Araquanid
|-damage|p2a: Araquanid|77/100
|-unboost|p1b: Calyrex|spa|2
|
|upkeep
|turn|5
|
|t:|1750856529
|move|p2a: Araquanid|Leech Life|p1b: Calyrex
|-supereffective|p1b: Calyrex
|-damage|p1b: Calyrex|69/100
|-heal|p2a: Araquanid|99/100|[from] drain|[of] p1b: Calyrex
|move|p2b: Calyrex|High Horsepower|p1b: Calyrex
|-damage|p1b: Calyrex|34/100
|move|p1b: Calyrex|Glacial Lance|p2b: Calyrex|[spread] p2a,p2b
|-resisted|p2a: Araquanid
|-resisted|p2b: Calyrex
|-damage|p2a: Araquanid|75/100
|-damage|p2b: Calyrex|86/100
|
|-sideend|p1: Gomme31!|move: Light Screen
|upkeep
|turn|6
|-message|Gomme31! forfeited.
|
|win|Superspikey1
|raw|Gomme31!'s rating: 1000 &rarr; <strong>1000</strong><br />(+0 for losing)
|raw|Superspikey1's rating: 1074 &rarr; <strong>1097</strong><br />(+23 for winning)
|l|☆Gomme31!
|player|p1|
