|j|☆Scottyboi3
|j|☆masterdr6sh
|t:|1750814254
|gametype|doubles
|player|p1|Scottyboi3|102|1106
|player|p2|masterdr6sh|ghetsis|1088
|teamsize|p1|6
|teamsize|p2|6
|gen|9
|tier|[Gen 9] VGC 2025 Reg I
|rated|
|rule|Species Clause: Limit one of each Pokémon
|rule|Item Clause: Limit 1 of each item
|clearpoke
|poke|p1|Incineroar, L50, M|
|poke|p1|Kyogre, L50|
|poke|p1|Tornadus, L50, M|
|poke|p1|Amoonguss, L50, F|
|poke|p1|Roaring Moon, L50|
|poke|p1|Ting-Lu, L50|
|poke|p2|Kyogre, L50|
|poke|p2|Barraskewda, L50, F|
|poke|p2|Dipplin, L50, F|
|poke|p2|Toxicroak, L50, F|
|poke|p2|Zacian-*, L50|
|poke|p2|Kingambit, L50, F|
|teampreview|4
|c|☆masterdr6sh|yeah
|c|☆masterdr6sh|ff
|
|t:|1750814292
|start
|switch|p1a: Tornadus|Tornadus, L50, M|100/100
|switch|p1b: Incineroar|Incineroar, L50, M|100/100
|switch|p2a: Zacian|Zacian-Crowned, L50|100/100
|switch|p2b: Dipplin|Dipplin, L50, F, shiny|100/100
|-ability|p2a: Zacian|Intrepid Sword|boost
|-boost|p2a: Zacian|atk|1
|-ability|p1b: Incineroar|Intimidate|boost
|-unboost|p2a: Zacian|atk|1
|-unboost|p2b: Dipplin|atk|1
|turn|1
|
|t:|1750814318
|switch|p2b: Kyogre|Kyogre, L50|100/100
|-weather|RainDance|[from] ability: Drizzle|[of] p2b: Kyogre
|move|p1a: Tornadus|Tailwind|p1a: Tornadus
|-sidestart|p1: Scottyboi3|move: Tailwind
|move|p2a: Zacian|Sacred Sword|p1b: Incineroar
|-supereffective|p1b: Incineroar
|-damage|p1b: Incineroar|33/100
|move|p1b: Incineroar|Flare Blitz|p2a: Zacian
|-supereffective|p2a: Zacian
|-damage|p2a: Zacian|58/100
|-damage|p1b: Incineroar|21/100|[from] Recoil
|
|-weather|RainDance|[upkeep]
|upkeep
|turn|2
|
|t:|1750814350
|switch|p1a: Roaring Moon|Roaring Moon, L50|100/100
|-enditem|p1a: Roaring Moon|Booster Energy
|-activate|p1a: Roaring Moon|ability: Protosynthesis|[fromitem]
|-start|p1a: Roaring Moon|protosynthesisatk
|switch|p2a: Barraskewda|Barraskewda, L50, F, shiny|100/100
|switch|p1b: Kyogre|Kyogre, L50|100/100
|move|p2b: Kyogre|Water Spout|p1a: Roaring Moon|[spread] p1a,p1b
|-resisted|p1a: Roaring Moon
|-resisted|p1b: Kyogre
|-damage|p1a: Roaring Moon|43/100
|-damage|p1b: Kyogre|71/100
|
|-weather|RainDance|[upkeep]
|upkeep
|turn|3
|
|t:|1750814371
|-terastallize|p1a: Roaring Moon|Flying
|move|p2a: Barraskewda|Close Combat|p1a: Roaring Moon
|-resisted|p1a: Roaring Moon
|-damage|p1a: Roaring Moon|9/100
|-unboost|p2a: Barraskewda|def|1
|-unboost|p2a: Barraskewda|spd|1
|-damage|p2a: Barraskewda|91/100|[from] item: Life Orb
|move|p1a: Roaring Moon|Acrobatics|p2b: Kyogre
|-damage|p2b: Kyogre|19/100
|move|p1b: Kyogre|Water Spout|p2a: Barraskewda|[spread] p2a,p2b
|-resisted|p2a: Barraskewda
|-resisted|p2b: Kyogre
|-damage|p2a: Barraskewda|0 fnt
|-damage|p2b: Kyogre|0 fnt
|faint|p2a: Barraskewda
|faint|p2b: Kyogre
|
|-weather|RainDance|[upkeep]
|upkeep
|
|t:|1750814387
|switch|p2a: Zacian|Zacian-Crowned, L50|58/100
|switch|p2b: Dipplin|Dipplin, L50, F, shiny|100/100
|turn|4
|
|t:|1750814429
|-terastallize|p2b: Dipplin|Normal
|move|p1b: Kyogre|Protect|p1b: Kyogre
|-singleturn|p1b: Kyogre|Protect
|move|p1a: Roaring Moon|Acrobatics|p2a: Zacian
|-resisted|p2a: Zacian
|-crit|p2a: Zacian
|-damage|p2a: Zacian|2/100
|move|p2a: Zacian|Play Rough|p1b: Kyogre
|-activate|p1b: Kyogre|move: Protect
|move|p2b: Dipplin|Recover||[still]
|-fail|p2b: Dipplin|heal
|
|-weather|RainDance|[upkeep]
|-sideend|p1: Scottyboi3|move: Tailwind
|upkeep
|turn|5
|
|t:|1750814454
|switch|p1b: Incineroar|Incineroar, L50, M|21/100
|-ability|p1b: Incineroar|Intimidate|boost
|-unboost|p2a: Zacian|atk|1
|-unboost|p2b: Dipplin|atk|1
|move|p1a: Roaring Moon|Protect|p1a: Roaring Moon
|-singleturn|p1a: Roaring Moon|Protect
|move|p2a: Zacian|Play Rough|p1b: Incineroar
|-damage|p1b: Incineroar|0 fnt
|faint|p1b: Incineroar
|move|p2b: Dipplin|Pollen Puff|p1a: Roaring Moon
|-activate|p1a: Roaring Moon|move: Protect
|
|-weather|none
|upkeep
|
|t:|1750814470
|switch|p1b: Tornadus|Tornadus, L50, M|100/100
|turn|6
|
|t:|1750814488
|move|p1b: Tornadus|Tailwind|p1b: Tornadus
|-sidestart|p1: Scottyboi3|move: Tailwind
|move|p1a: Roaring Moon|Acrobatics|p2b: Dipplin
|-damage|p2b: Dipplin|50/100
|move|p2a: Zacian|Behemoth Blade|p1b: Tornadus
|-damage|p1b: Tornadus|39/100
|move|p2b: Dipplin|Pollen Puff|p1a: Roaring Moon
|-resisted|p1a: Roaring Moon
|-damage|p1a: Roaring Moon|0 fnt
|faint|p1a: Roaring Moon
|-end|p1a: Roaring Moon|Protosynthesis|[silent]
|
|upkeep
|
|t:|1750814503
|switch|p1a: Kyogre|Kyogre, L50|71/100
|-weather|RainDance|[from] ability: Drizzle|[of] p1a: Kyogre
|turn|7
|
|t:|1750814515
|move|p1a: Kyogre|Protect|p1a: Kyogre
|-singleturn|p1a: Kyogre|Protect
|move|p1b: Tornadus|Bleakwind Storm|p2a: Zacian|[spread] p2a,p2b
|-resisted|p2a: Zacian
|-damage|p2a: Zacian|0 fnt
|-damage|p2b: Dipplin|26/100
|faint|p2a: Zacian
|move|p2b: Dipplin|Recover|p2b: Dipplin
|-heal|p2b: Dipplin|76/100
|
|-weather|RainDance|[upkeep]
|upkeep
|turn|8
|
|t:|1750814534
|move|p1b: Tornadus|Bleakwind Storm|p2b: Dipplin
|-damage|p2b: Dipplin|48/100
|move|p1a: Kyogre|Origin Pulse|p2b: Dipplin|[miss]
|-miss|p1a: Kyogre|p2b: Dipplin
|move|p2b: Dipplin|Giga Drain|p1a: Kyogre
|-supereffective|p1a: Kyogre
|-damage|p1a: Kyogre|42/100
|-heal|p2b: Dipplin|64/100|[from] drain|[of] p1a: Kyogre
|
|-weather|RainDance|[upkeep]
|upkeep
|turn|9
|
|t:|1750814565
|move|p1a: Kyogre|Protect|p1a: Kyogre
|-singleturn|p1a: Kyogre|Protect
|move|p1b: Tornadus|Bleakwind Storm|p2b: Dipplin
|-damage|p2b: Dipplin|33/100
|move|p2b: Dipplin|Recover|p2b: Dipplin
|-heal|p2b: Dipplin|83/100
|
|-weather|RainDance|[upkeep]
|-sideend|p1: Scottyboi3|move: Tailwind
|upkeep
|turn|10
|c|☆masterdr6sh|i js peeped i cdan win this
|
|t:|1750814578
|move|p1b: Tornadus|Protect|p1b: Tornadus
|-singleturn|p1b: Tornadus|Protect
|move|p1a: Kyogre|Origin Pulse|p2b: Dipplin
|-damage|p2b: Dipplin|18/100
|move|p2b: Dipplin|Giga Drain|p1a: Kyogre
|-supereffective|p1a: Kyogre
|-damage|p1a: Kyogre|12/100
|-heal|p2b: Dipplin|34/100|[from] drain|[of] p1a: Kyogre
|
|-weather|RainDance|[upkeep]
|upkeep
|turn|11
|c|☆masterdr6sh|probably
|
|t:|1750814605
|move|p1a: Kyogre|Protect|p1a: Kyogre
|-singleturn|p1a: Kyogre|Protect
|move|p1b: Tornadus|Bleakwind Storm|p2b: Dipplin
|-damage|p2b: Dipplin|7/100
|move|p2b: Dipplin|Recover|p2b: Dipplin
|-heal|p2b: Dipplin|57/100
|
|-weather|none
|upkeep
|turn|12
|
|t:|1750814620
|move|p1b: Tornadus|Protect|p1b: Tornadus
|-singleturn|p1b: Tornadus|Protect
|move|p1a: Kyogre|Origin Pulse|p2b: Dipplin
|-damage|p2b: Dipplin|13/100
|move|p2b: Dipplin|Giga Drain|p1a: Kyogre
|-supereffective|p1a: Kyogre
|-damage|p1a: Kyogre|0 fnt
|-heal|p2b: Dipplin|20/100|[from] drain|[of] p1a: Kyogre
|faint|p1a: Kyogre
|
|upkeep
|turn|13
|c|☆masterdr6sh|gg
|
|t:|1750814635
|move|p1b: Tornadus|Bleakwind Storm|p2b: Dipplin
|-damage|p2b: Dipplin|0 fnt
|faint|p2b: Dipplin
|
|win|Scottyboi3
|raw|Scottyboi3's rating: 1106 &rarr; <strong>1130</strong><br />(+24 for winning)
|raw|masterdr6sh's rating: 1088 &rarr; <strong>1066</strong><br />(-22 for losing)
|l|☆masterdr6sh
|player|p2|
|l|☆Scottyboi3
|player|p1|
