|j|☆CoolCarrot
|j|☆catsue
|t:|1750739405
|gametype|doubles
|player|p1|CoolCarrot|caitlin|1180
|player|p2|catsue|roxie|1192
|teamsize|p1|6
|teamsize|p2|6
|gen|9
|tier|[Gen 9] VGC 2025 Reg I
|rated|
|rule|Species Clause: Limit one of each Pokémon
|rule|Item Clause: Limit 1 of each item
|clearpoke
|poke|p1|Iron Hands, L50|
|poke|p1|Groudon, L50|
|poke|p1|Rillaboom, L50, F|
|poke|p1|Whimsicott, L50, M|
|poke|p1|Lunala, L50|
|poke|p1|Clefairy, L50, M|
|poke|p2|Miraidon, L50|
|poke|p2|Iron Leaves, L50|
|poke|p2|Orthworm, L50, M|
|poke|p2|Ho-Oh, L50|
|poke|p2|Sinistcha, L50|
|poke|p2|Incineroar, L50, M|
|teampreview|4
|inactive|Battle timer is ON: inactive players will automatically lose when time's up. (requested by catsue)
|
|t:|1750739466
|start
|switch|p1a: Rillaboom|Rillaboom, L50, F|100/100
|switch|p1b: Whimsicott|Whimsicott, L50, M|100/100
|switch|p2a: Ho-Oh|Ho-Oh, L50|100/100
|switch|p2b: Miraidon|Miraidon, L50|100/100
|-fieldstart|move: Electric Terrain|[from] ability: Hadron Engine|[of] p2b: Miraidon
|-fieldstart|move: Grassy Terrain|[from] ability: Grassy Surge|[of] p1a: Rillaboom
|turn|1
|inactive|CoolCarrot has 30 seconds left.
|inactive|CoolCarrot has 20 seconds left.
|
|t:|1750739502
|move|p1a: Rillaboom|Fake Out|p2b: Miraidon
|-damage|p2b: Miraidon|85/100
|move|p1b: Whimsicott|Tailwind|p1b: Whimsicott
|-sidestart|p1: CoolCarrot|move: Tailwind
|cant|p2b: Miraidon|flinch
|move|p2a: Ho-Oh|Sacred Fire|p1b: Whimsicott
|-supereffective|p1b: Whimsicott
|-damage|p1b: Whimsicott|0 fnt
|faint|p1b: Whimsicott
|
|-heal|p2b: Miraidon|91/100|[from] Grassy Terrain
|upkeep
|
|t:|1750739517
|switch|p1b: Lunala|Lunala, L50, shiny|100/100
|turn|2
|inactive|CoolCarrot has 30 seconds left.
|
|t:|1750739543
|-terastallize|p2a: Ho-Oh|Grass
|move|p2b: Miraidon|Volt Switch|p1b: Lunala
|-damage|p1b: Lunala|87/100
|
|t:|1750739551
|switch|p2b: Orthworm|Orthworm, L50, M|100/100|[from] Volt Switch
|move|p1b: Lunala|Meteor Beam||[still]
|-prepare|p1b: Lunala|Meteor Beam
|-boost|p1b: Lunala|spa|1
|-enditem|p1b: Lunala|Power Herb
|-anim|p1b: Lunala|Meteor Beam|p2a: Ho-Oh
|-damage|p2a: Ho-Oh|63/100
|move|p1a: Rillaboom|Wood Hammer|p2b: Orthworm
|-resisted|p2b: Orthworm
|-damage|p2b: Orthworm|72/100
|-damage|p1a: Rillaboom|92/100|[from] Recoil
|move|p2a: Ho-Oh|Tailwind|p2a: Ho-Oh
|-sidestart|p2: catsue|move: Tailwind
|
|-heal|p1b: Lunala|93/100|[from] Grassy Terrain
|-heal|p2a: Ho-Oh|69/100|[from] Grassy Terrain
|-heal|p1a: Rillaboom|98/100|[from] Grassy Terrain
|-heal|p2b: Orthworm|78/100|[from] Grassy Terrain
|upkeep
|turn|3
|inactive|CoolCarrot has 30 seconds left.
|inactive|CoolCarrot has 20 seconds left.
|inactive|CoolCarrot has 15 seconds left.
|inactive|CoolCarrot has 10 seconds left.
|
|t:|1750739597
|switch|p2b: Miraidon|Miraidon, L50|91/100
|-fieldstart|move: Electric Terrain|[from] ability: Hadron Engine|[of] p2b: Miraidon
|-terastallize|p1a: Rillaboom|Fire
|move|p1b: Lunala|Moongeist Beam|p2a: Ho-Oh
|-damage|p2a: Ho-Oh|15/100
|move|p2a: Ho-Oh|Sacred Fire|p1a: Rillaboom
|-resisted|p1a: Rillaboom
|-damage|p1a: Rillaboom|72/100
|move|p1a: Rillaboom|U-turn|p2a: Ho-Oh
|-supereffective|p2a: Ho-Oh
|-damage|p2a: Ho-Oh|0 fnt
|faint|p2a: Ho-Oh
|
|t:|1750739611
|switch|p1a: Groudon|Groudon, L50|100/100|[from] U-turn
|-weather|SunnyDay|[from] ability: Drought|[of] p1a: Groudon
|
|-weather|SunnyDay|[upkeep]
|upkeep
|
|t:|1750739617
|switch|p2a: Sinistcha|Sinistcha, L50|100/100
|-heal|p2b: Miraidon|100/100|[from] ability: Hospitality|[of] p2a: Sinistcha
|turn|4
|inactive|CoolCarrot has 30 seconds left.
|
|t:|1750739643
|switch|p1b: Rillaboom|Rillaboom, L50, F, tera:Fire|72/100
|-fieldstart|move: Grassy Terrain|[from] ability: Grassy Surge|[of] p1b: Rillaboom
|move|p2b: Miraidon|Volt Switch|p1b: Rillaboom
|-damage|p1b: Rillaboom|44/100
|
|t:|1750739650
|switch|p2b: Orthworm|Orthworm, L50, M|78/100|[from] Volt Switch
|move|p2a: Sinistcha|Shadow Ball|p1b: Rillaboom
|-damage|p1b: Rillaboom|18/100
|move|p1a: Groudon|Precipice Blades|p2b: Orthworm|[spread] p2a
|-heal|p2b: Orthworm|100/100|[from] ability: Earth Eater|[of] p1a: Groudon
|-resisted|p2a: Sinistcha
|-damage|p2a: Sinistcha|73/100
|
|-weather|SunnyDay|[upkeep]
|-heal|p2a: Sinistcha|79/100|[from] Grassy Terrain
|-heal|p1b: Rillaboom|24/100|[from] Grassy Terrain
|-sideend|p1: CoolCarrot|move: Tailwind
|upkeep
|turn|5
|inactive|CoolCarrot has 30 seconds left.
|inactive|CoolCarrot has 20 seconds left.
|
|t:|1750739687
|move|p1b: Rillaboom|Fake Out|p2b: Orthworm
|-resisted|p2b: Orthworm
|-damage|p2b: Orthworm|96/100
|move|p2a: Sinistcha|Matcha Gotcha|p1a: Groudon|[spread] p1a
|-miss|p2a: Sinistcha|p1b: Rillaboom
|-supereffective|p1a: Groudon
|-damage|p1a: Groudon|37/100
|-heal|p2a: Sinistcha|100/100|[from] drain|[of] p1a: Groudon
|cant|p2b: Orthworm|flinch
|move|p1a: Groudon|Heat Crash|p2b: Orthworm
|-supereffective|p2b: Orthworm
|-damage|p2b: Orthworm|30/100
|
|-weather|SunnyDay|[upkeep]
|-heal|p2b: Orthworm|37/100|[from] Grassy Terrain
|-heal|p1b: Rillaboom|30/100|[from] Grassy Terrain
|-heal|p1a: Groudon|43/100|[from] Grassy Terrain
|-sideend|p2: catsue|move: Tailwind
|upkeep
|turn|6
|inactive|CoolCarrot has 30 seconds left.
|inactive|catsue has 30 seconds left.
|inactive|CoolCarrot has 20 seconds left.
|inactive|CoolCarrot has 15 seconds left.
|inactive|CoolCarrot has 10 seconds left.
|
|t:|1750739734
|switch|p1a: Lunala|Lunala, L50, shiny|93/100
|switch|p2b: Miraidon|Miraidon, L50|100/100
|-fieldstart|move: Electric Terrain|[from] ability: Hadron Engine|[of] p2b: Miraidon
|move|p2a: Sinistcha|Matcha Gotcha|p1a: Lunala|[spread] p1a
|-miss|p2a: Sinistcha|p1b: Rillaboom
|-damage|p1a: Lunala|73/100
|move|p1b: Rillaboom|U-turn|p2a: Sinistcha
|-damage|p2a: Sinistcha|75/100
|
|t:|1750739746
|switch|p1b: Groudon|Groudon, L50|43/100|[from] U-turn
|
|-weather|SunnyDay|[upkeep]
|upkeep
|turn|7
|
|t:|1750739755
|switch|p1b: Rillaboom|Rillaboom, L50, F, tera:Fire|30/100
|-fieldstart|move: Grassy Terrain|[from] ability: Grassy Surge|[of] p1b: Rillaboom
|move|p2b: Miraidon|Volt Switch|p1a: Lunala
|-damage|p1a: Lunala|41/100
|
|t:|1750739763
|switch|p2b: Orthworm|Orthworm, L50, M|37/100|[from] Volt Switch
|move|p2a: Sinistcha|Matcha Gotcha|p1b: Rillaboom|[spread] p1a,p1b
|-resisted|p1b: Rillaboom
|-damage|p1a: Lunala|13/100
|-heal|p2a: Sinistcha|94/100|[from] drain|[of] p1a: Lunala
|-damage|p1b: Rillaboom|18/100
|-heal|p2a: Sinistcha|100/100|[from] drain|[of] p1b: Rillaboom
|move|p1a: Lunala|Trick Room|p1a: Lunala
|-fieldstart|move: Trick Room|[of] p1a: Lunala
|
|-weather|none
|-heal|p2b: Orthworm|43/100|[from] Grassy Terrain
|-heal|p1b: Rillaboom|25/100|[from] Grassy Terrain
|-heal|p1a: Lunala|19/100|[from] Grassy Terrain
|upkeep
|turn|8
|
|t:|1750739785
|move|p2b: Orthworm|Protect|p2b: Orthworm
|-singleturn|p2b: Orthworm|Protect
|move|p1b: Rillaboom|Fake Out|p2b: Orthworm
|-activate|p2b: Orthworm|move: Protect
|move|p2a: Sinistcha|Matcha Gotcha|p1b: Rillaboom|[spread] p1a,p1b
|-resisted|p1b: Rillaboom
|-damage|p1a: Lunala|0 fnt
|-damage|p1b: Rillaboom|14/100
|faint|p1a: Lunala
|
|-heal|p2b: Orthworm|49/100|[from] Grassy Terrain
|-heal|p1b: Rillaboom|20/100|[from] Grassy Terrain
|upkeep
|
|t:|1750739796
|switch|p1a: Groudon|Groudon, L50|43/100
|-weather|SunnyDay|[from] ability: Drought|[of] p1a: Groudon
|turn|9
|
|t:|1750739809
|switch|p2a: Miraidon|Miraidon, L50|100/100
|-fieldstart|move: Electric Terrain|[from] ability: Hadron Engine|[of] p2a: Miraidon
|-enditem|p2b: Orthworm|Electric Seed
|-boost|p2b: Orthworm|def|1|[from] item: Electric Seed
|move|p2b: Orthworm|Iron Defense|p2b: Orthworm
|-boost|p2b: Orthworm|def|2
|move|p1a: Groudon|Heat Crash|p2b: Orthworm
|-supereffective|p2b: Orthworm
|-damage|p2b: Orthworm|22/100
|move|p1b: Rillaboom|U-turn|p2a: Miraidon
|-damage|p2a: Miraidon|75/100
|
|-weather|SunnyDay|[upkeep]
|upkeep
|turn|10
|inactive|CoolCarrot has 30 seconds left.
|inactive|CoolCarrot has 20 seconds left.
|
|t:|1750739845
|switch|p2a: Sinistcha|Sinistcha, L50|100/100
|-heal|p2b: Orthworm|47/100|[from] ability: Hospitality|[of] p2a: Sinistcha
|move|p1a: Groudon|Protect|p1a: Groudon
|-singleturn|p1a: Groudon|Protect
|move|p2b: Orthworm|Iron Defense|p2b: Orthworm
|-boost|p2b: Orthworm|def|2
|move|p1b: Rillaboom|Grassy Glide|p2b: Orthworm
|-resisted|p2b: Orthworm
|-damage|p2b: Orthworm|44/100
|
|-weather|SunnyDay|[upkeep]
|upkeep
|turn|11
|-message|CoolCarrot forfeited.
|
|win|catsue
|raw|CoolCarrot's rating: 1180 &rarr; <strong>1156</strong><br />(-24 for losing)
|raw|catsue's rating: 1192 &rarr; <strong>1216</strong><br />(+24 for winning)
|l|☆CoolCarrot
|player|p1|
|l|☆catsue
|player|p2|
