|j|☆Moosewii7
|j|☆slickfast
|t:|1750803835
|gametype|doubles
|player|p1|Moosewii7|101|1459
|player|p2|slickfast|266|1474
|teamsize|p1|6
|teamsize|p2|6
|gen|9
|tier|[Gen 9] VGC 2025 Reg I
|rated|
|rule|Species Clause: Limit one of each Pokémon
|rule|Item Clause: Limit 1 of each item
|clearpoke
|poke|p1|Calyrex-Shadow, L50|
|poke|p1|Indeedee-F, L50, F|
|poke|p1|Kyogre, L50|
|poke|p1|Maushold-Four, L50|
|poke|p1|Garganacl, L50, M|
|poke|p1|Raging Bolt, L50|
|poke|p2|Kyurem-White, L50|
|poke|p2|Tornadus, L50, M|
|poke|p2|Calyrex-Shadow, L50|
|poke|p2|Indeedee-F, L50, F|
|poke|p2|Dondozo, L50, F|
|poke|p2|Tatsugiri, L50, F|
|teampreview|4
|
|t:|1750803882
|start
|switch|p1a: Calyrex|Calyrex-Shadow, L50|100/100
|switch|p1b: Maushold|Maushold-Four, L50|100/100
|switch|p2a: Kyurem|Kyurem-White, L50|100/100
|switch|p2b: Tornadus|Tornadus, L50, M|100/100
|-ability|p1a: Calyrex|As One
|-ability|p1a: Calyrex|Unnerve
|-ability|p2a: Kyurem|Turboblaze
|turn|1
|inactive|Battle timer is ON: inactive players will automatically lose when time's up. (requested by Moosewii7)
|
|t:|1750803899
|move|p2b: Tornadus|Snowscape|p2b: Tornadus
|-weather|Snowscape
|move|p1a: Calyrex|Astral Barrage|p2b: Tornadus|[spread] p2a,p2b
|-damage|p2a: Kyurem|72/100
|-damage|p2b: Tornadus|24/100
|move|p1b: Maushold|Population Bomb|p2a: Kyurem
|-damage|p2a: Kyurem|65/100
|-damage|p2a: Kyurem|59/100
|-damage|p2a: Kyurem|52/100
|-damage|p2a: Kyurem|46/100
|-damage|p2a: Kyurem|40/100
|-damage|p2a: Kyurem|34/100
|-damage|p2a: Kyurem|27/100
|-damage|p2a: Kyurem|21/100
|-damage|p2a: Kyurem|14/100
|-damage|p2a: Kyurem|9/100
|-hitcount|p2a: Kyurem|10
|move|p2a: Kyurem|Blizzard|p1a: Calyrex|[spread] p1a,p1b
|-damage|p1a: Calyrex|44/100
|-damage|p1b: Maushold|16/100
|
|-weather|Snowscape|[upkeep]
|upkeep
|turn|2
|inactive|Moosewii7 has 30 seconds left.
|inactive|slickfast has 30 seconds left.
|
|t:|1750803934
|switch|p1b: Garganacl|Garganacl, L50, M|100/100
|move|p1a: Calyrex|Protect|p1a: Calyrex
|-singleturn|p1a: Calyrex|Protect
|move|p2b: Tornadus|Tailwind|p2b: Tornadus
|-sidestart|p2: slickfast|move: Tailwind
|move|p2a: Kyurem|Blizzard|p1b: Garganacl|[spread] p1b
|-activate|p1a: Calyrex|move: Protect
|-damage|p1b: Garganacl|65/100
|
|-weather|Snowscape|[upkeep]
|-heal|p1b: Garganacl|71/100|[from] item: Leftovers
|upkeep
|turn|3
|inactive|slickfast has 30 seconds left.
|
|t:|1750803967
|move|p1b: Garganacl|Wide Guard|p1b: Garganacl
|-singleturn|p1b: Garganacl|Wide Guard
|move|p2b: Tornadus|Bleakwind Storm|p1b: Garganacl|[spread] 
|-activate|p1a: Calyrex|move: Wide Guard
|-activate|p1b: Garganacl|move: Wide Guard
|move|p2a: Kyurem|Blizzard|p1b: Garganacl|[spread] 
|-activate|p1a: Calyrex|move: Wide Guard
|-activate|p1b: Garganacl|move: Wide Guard
|move|p1a: Calyrex|Astral Barrage|p2a: Kyurem|[spread] p2a,p2b
|-damage|p2a: Kyurem|0 fnt
|-damage|p2b: Tornadus|0 fnt
|faint|p2a: Kyurem
|faint|p2b: Tornadus
|-ability|p1a: Calyrex|Grim Neigh|boost
|-boost|p1a: Calyrex|spa|2
|
|-weather|Snowscape|[upkeep]
|-heal|p1b: Garganacl|77/100|[from] item: Leftovers
|upkeep
|
|t:|1750803988
|switch|p2b: Tatsugiri|Tatsugiri, L50, F|100/100
|switch|p2a: Dondozo|Dondozo, L50, F|100/100
|-activate|p2b: Tatsugiri|ability: Commander|[of] p2a: Dondozo
|-boost|p2a: Dondozo|atk|2
|-boost|p2a: Dondozo|spa|2
|-boost|p2a: Dondozo|spe|2
|-boost|p2a: Dondozo|def|2
|-boost|p2a: Dondozo|spd|2
|turn|4
|
|t:|1750804001
|-terastallize|p1b: Garganacl|Fairy
|move|p1a: Calyrex|Protect|p1a: Calyrex
|-singleturn|p1a: Calyrex|Protect
|move|p2a: Dondozo|Order Up|p1a: Calyrex
|-activate|p1a: Calyrex|move: Protect
|move|p1b: Garganacl|Salt Cure|p2a: Dondozo
|-damage|p2a: Dondozo|96/100
|-start|p2a: Dondozo|Salt Cure
|
|-weather|Snowscape|[upkeep]
|-heal|p2a: Dondozo|100/100|[from] item: Leftovers
|-heal|p1b: Garganacl|83/100|[from] item: Leftovers
|-damage|p2a: Dondozo|76/100|[from] Salt Cure
|upkeep
|turn|5
|inactive|Moosewii7 has 30 seconds left.
|inactive|Moosewii7 has 20 seconds left.
|
|t:|1750804037
|switch|p1a: Maushold|Maushold-Four, L50|16/100
|move|p2a: Dondozo|Earthquake|p1b: Garganacl|[spread] p1a,p1b
|-miss|p2a: Dondozo|p2b: Tatsugiri
|-crit|p1a: Maushold
|-damage|p1a: Maushold|0 fnt
|-damage|p1b: Garganacl|52/100
|faint|p1a: Maushold
|move|p1b: Garganacl|Recover|p1b: Garganacl
|-heal|p1b: Garganacl|100/100
|
|-weather|none
|-heal|p2a: Dondozo|82/100|[from] item: Leftovers
|-damage|p2a: Dondozo|57/100|[from] Salt Cure
|-sideend|p2: slickfast|move: Tailwind
|upkeep
|
|t:|1750804051
|switch|p1a: Indeedee|Indeedee-F, L50, F|100/100
|-fieldstart|move: Psychic Terrain|[from] ability: Psychic Surge|[of] p1a: Indeedee
|turn|6
|-message|slickfast forfeited.
|
|win|Moosewii7
|raw|Moosewii7's rating: 1459 &rarr; <strong>1480</strong><br />(+21 for winning)
|raw|slickfast's rating: 1474 &rarr; <strong>1453</strong><br />(-21 for losing)
|l|☆slickfast
|player|p2|
|l|☆Moosewii7
|player|p1|
