|j|☆prochesnaughtgamur
|j|☆br1jxp
|t:|1750821232
|gametype|doubles
|player|p1|prochesnaughtgamur|2|1387
|player|p2|br1jxp|266|1449
|teamsize|p1|6
|teamsize|p2|6
|gen|9
|tier|[Gen 9] VGC 2025 Reg I
|rated|
|rule|Species Clause: Limit one of each Pokémon
|rule|Item Clause: Limit 1 of each item
|clearpoke
|poke|p1|Calyrex-Shadow, L50|
|poke|p1|Zamazenta-*, L50|
|poke|p1|Rillaboom, L50, F|
|poke|p1|Ogerpon-Hearthflame, L50, F|
|poke|p1|Gyarados, L50, M|
|poke|p1|Chien-Pao, L50|
|poke|p2|Kyogre, L50|
|poke|p2|Whimsicott, L50, F|
|poke|p2|Kyurem-Black, L50|
|poke|p2|Tinkaton, L50, F|
|poke|p2|Urshifu-*, L50, M|
|poke|p2|Landorus, L50, M|
|teampreview|4
|inactive|Battle timer is ON: inactive players will automatically lose when time's up. (requested by prochesnaughtgamur)
|
|t:|1750821281
|start
|switch|p1a: MAX!!!|Zamazenta-Crowned, L50|100/100
|switch|p1b: Ken|Gyarados, L50, M, shiny|100/100
|switch|p2a: Whimsicott|Whimsicott, L50, F|100/100
|switch|p2b: Kyurem|Kyurem-Black, L50|100/100
|-ability|p1a: MAX!!!|Dauntless Shield|boost
|-boost|p1a: MAX!!!|def|1
|-ability|p2b: Kyurem|Teravolt
|-ability|p1b: Ken|Intimidate|boost
|-unboost|p2a: Whimsicott|atk|1
|-unboost|p2b: Kyurem|atk|1
|turn|1
|inactive|br1jxp has 30 seconds left.
|inactive|br1jxp has 20 seconds left.
|
|t:|1750821317
|move|p2b: Kyurem|Protect|p2b: Kyurem
|-singleturn|p2b: Kyurem|Protect
|move|p2a: Whimsicott|Tailwind|p2a: Whimsicott
|-sidestart|p2: br1jxp|move: Tailwind
|move|p1a: MAX!!!|Heavy Slam|p2a: Whimsicott
|-supereffective|p2a: Whimsicott
|-damage|p2a: Whimsicott|2/100
|move|p1b: Ken|Thunder Wave|p2b: Kyurem
|-activate|p2b: Kyurem|move: Protect
|
|upkeep
|turn|2
|
|t:|1750821331
|-terastallize|p2b: Kyurem|Electric
|move|p2a: Whimsicott|Encore|p1a: MAX!!!
|-start|p1a: MAX!!!|Encore
|move|p2b: Kyurem|Fusion Bolt|p1b: Ken
|-supereffective|p1b: Ken
|-damage|p1b: Ken|0 fnt
|faint|p1b: Ken
|move|p1a: MAX!!!|Heavy Slam|p2b: Kyurem
|-resisted|p2b: Kyurem
|-damage|p2b: Kyurem|90/100
|
|upkeep
|
|t:|1750821339
|switch|p1b: MegaMind|Calyrex-Shadow, L50|100/100
|-ability|p1b: MegaMind|As One
|-ability|p1b: MegaMind|Unnerve
|turn|3
|
|t:|1750821359
|switch|p1a: WamBam|Ogerpon-Hearthflame, L50, F|100/100
|-ability|p1a: WamBam|Mold Breaker
|move|p1b: MegaMind|Protect|p1b: MegaMind
|-singleturn|p1b: MegaMind|Protect
|move|p2a: Whimsicott|Light Screen|p2a: Whimsicott
|-sidestart|p2: br1jxp|move: Light Screen
|move|p2b: Kyurem|Scale Shot|p1b: MegaMind
|-activate|p1b: MegaMind|move: Protect
|
|upkeep
|turn|4
|
|t:|1750821378
|move|p1a: WamBam|Follow Me|p1a: WamBam
|-singleturn|p1a: WamBam|move: Follow Me
|move|p2a: Whimsicott|Encore|p1a: WamBam
|-start|p1a: WamBam|Encore
|move|p2b: Kyurem|Scale Shot|p1a: WamBam|[miss]
|-miss|p2b: Kyurem|p1a: WamBam
|move|p1b: MegaMind|Astral Barrage|p2a: Whimsicott|[spread] p2a,p2b
|-damage|p2a: Whimsicott|0 fnt
|-damage|p2b: Kyurem|51/100
|faint|p2a: Whimsicott
|-ability|p1b: MegaMind|Grim Neigh|boost
|-boost|p1b: MegaMind|spa|1
|-damage|p1b: MegaMind|91/100|[from] item: Life Orb
|
|-sideend|p2: br1jxp|move: Tailwind
|upkeep
|
|t:|1750821387
|switch|p2a: Kyogre|Kyogre, L50|100/100
|-weather|RainDance|[from] ability: Drizzle|[of] p2a: Kyogre
|turn|5
|inactive|prochesnaughtgamur has 30 seconds left.
|
|t:|1750821418
|move|p1b: MegaMind|Protect|p1b: MegaMind
|-singleturn|p1b: MegaMind|Protect
|move|p1a: WamBam|Follow Me|p1a: WamBam
|-singleturn|p1a: WamBam|move: Follow Me
|move|p2b: Kyurem|Scale Shot|p1a: WamBam
|-damage|p1a: WamBam|88/100
|-damage|p1a: WamBam|73/100
|-damage|p1a: WamBam|59/100
|-damage|p1a: WamBam|44/100
|-hitcount|p1a: WamBam|4
|-unboost|p2b: Kyurem|def|1
|-boost|p2b: Kyurem|spe|1
|move|p2a: Kyogre|Origin Pulse|p1b: MegaMind|[spread] 
|-activate|p1b: MegaMind|move: Protect
|-miss|p2a: Kyogre|p1a: WamBam
|
|-weather|RainDance|[upkeep]
|upkeep
|turn|6
|inactive|prochesnaughtgamur has 30 seconds left.
|inactive|br1jxp has 30 seconds left.
|inactive|prochesnaughtgamur has 20 seconds left.
|inactive|prochesnaughtgamur has 15 seconds left.
|
|t:|1750821460
|move|p1a: WamBam|Follow Me|p1a: WamBam
|-singleturn|p1a: WamBam|move: Follow Me
|move|p1b: MegaMind|Astral Barrage|p2a: Kyogre|[spread] p2a,p2b
|-damage|p2a: Kyogre|51/100
|-damage|p2b: Kyurem|0 fnt
|faint|p2b: Kyurem
|-ability|p1b: MegaMind|Grim Neigh|boost
|-boost|p1b: MegaMind|spa|1
|-damage|p1b: MegaMind|82/100|[from] item: Life Orb
|move|p2a: Kyogre|Origin Pulse|p1b: MegaMind|[spread] p1a,p1b
|-damage|p1a: WamBam|0 fnt
|-damage|p1b: MegaMind|0 fnt
|faint|p1a: WamBam
|faint|p1b: MegaMind
|
|-weather|RainDance|[upkeep]
|upkeep
|
|t:|1750821471
|switch|p1b: MAX!!!|Zamazenta-Crowned, L50|100/100
|switch|p2b: Landorus|Landorus, L50, M|100/100
|turn|7
|
|t:|1750821477
|-terastallize|p1b: MAX!!!|Dragon
|move|p1b: MAX!!!|Body Press|p2a: Kyogre
|-damage|p2a: Kyogre|2/100
|move|p2b: Landorus|Sandsear Storm|p1b: MAX!!!
|-damage|p1b: MAX!!!|44/100
|move|p2a: Kyogre|Hydro Pump|p1b: MAX!!!
|-resisted|p1b: MAX!!!
|-damage|p1b: MAX!!!|1/100
|
|-weather|RainDance|[upkeep]
|-sideend|p2: br1jxp|move: Light Screen
|upkeep
|turn|8
|-message|prochesnaughtgamur forfeited.
|
|win|br1jxp
|raw|prochesnaughtgamur's rating: 1387 &rarr; <strong>1371</strong><br />(-16 for losing)
|raw|br1jxp's rating: 1449 &rarr; <strong>1465</strong><br />(+16 for winning)
|l|☆prochesnaughtgamur
|player|p1|
