|j|☆gdyee
|j|☆bbqsus
|t:|1750739133
|gametype|doubles
|player|p1|gdyee|102|1212
|player|p2|bbqsus|pokekid|1303
|teamsize|p1|6
|teamsize|p2|6
|gen|9
|tier|[Gen 9] VGC 2025 Reg I
|rated|
|rule|Species Clause: Limit one of each Pokémon
|rule|Item Clause: Limit 1 of each item
|clearpoke
|poke|p1|Iron Bundle, L50|
|poke|p1|Miraidon, L50|
|poke|p1|Zamazenta-*, L50|
|poke|p1|Landorus-Therian, L50, M|
|poke|p1|Cinderace, L50, M|
|poke|p1|Farigiraf, L50, M|
|poke|p2|Torkoal, L50, F|
|poke|p2|Lunala, L50|
|poke|p2|Indeedee-F, L50, F|
|poke|p2|Calyrex-Ice, L50|
|poke|p2|Rampardos, L50, M|
|poke|p2|Rillaboom, L50, F|
|teampreview|4
|inactive|Battle timer is ON: inactive players will automatically lose when time's up. (requested by bbqsus)
|
|t:|1750739157
|start
|switch|p1a: Farigiraf|Farigiraf, L50, M|100/100
|switch|p1b: Cinderace|Cinderace, L50, M|100/100
|switch|p2a: Lunala|Lunala, L50, shiny|100/100
|switch|p2b: Indeedee|Indeedee-F, L50, F, shiny|100/100
|-fieldstart|move: Psychic Terrain|[from] ability: Psychic Surge|[of] p2b: Indeedee
|turn|1
|inactive|bbqsus has 30 seconds left.
|inactive|bbqsus has 20 seconds left.
|
|t:|1750739192
|move|p2b: Indeedee|Follow Me|p2b: Indeedee
|-singleturn|p2b: Indeedee|move: Follow Me
|move|p1b: Cinderace|U-turn|p2b: Indeedee
|-start|p1b: Cinderace|typechange|Bug|[from] ability: Libero
|-supereffective|p2b: Indeedee
|-damage|p2b: Indeedee|11/100
|-damage|p1b: Cinderace|91/100|[from] item: Life Orb
|
|t:|1750739200
|switch|p1b: Zamazenta|Zamazenta-Crowned, L50|100/100|[from] U-turn
|-ability|p1b: Zamazenta|Dauntless Shield|boost
|-boost|p1b: Zamazenta|def|1
|move|p2a: Lunala|Meteor Beam||[still]
|-prepare|p2a: Lunala|Meteor Beam
|-boost|p2a: Lunala|spa|1
|-enditem|p2a: Lunala|Power Herb
|-anim|p2a: Lunala|Meteor Beam|p1b: Zamazenta
|-resisted|p1b: Zamazenta
|-damage|p1b: Zamazenta|88/100
|move|p1a: Farigiraf|Dazzling Gleam|p2b: Indeedee|[spread] p2a,p2b
|-damage|p2a: Lunala|94/100
|-damage|p2b: Indeedee|0 fnt
|faint|p2b: Indeedee
|
|upkeep
|inactive|bbqsus has 30 seconds left.
|inactive|bbqsus has 20 seconds left.
|
|t:|1750739235
|switch|p2b: Calyrex|Calyrex-Ice, L50|100/100
|-ability|p2b: Calyrex|As One
|-ability|p2b: Calyrex|Unnerve
|turn|2
|
|t:|1750739249
|-terastallize|p2b: Calyrex|Water
|move|p1b: Zamazenta|Crunch|p2a: Lunala
|-supereffective|p2a: Lunala
|-damage|p2a: Lunala|19/100
|move|p2a: Lunala|Expanding Force|p1b: Zamazenta|[spread] p1a,p1b
|-resisted|p1a: Farigiraf
|-damage|p1a: Farigiraf|54/100
|-damage|p1b: Zamazenta|19/100
|move|p1a: Farigiraf|Dazzling Gleam|p2a: Lunala|[spread] p2a,p2b
|-damage|p2a: Lunala|5/100
|-damage|p2b: Calyrex|86/100
|move|p2b: Calyrex|Trick Room|p2b: Calyrex
|-fieldstart|move: Trick Room|[of] p2b: Calyrex
|
|upkeep
|turn|3
|
|t:|1750739269
|move|p1b: Zamazenta|Wide Guard|p1b: Zamazenta
|-singleturn|p1b: Zamazenta|Wide Guard
|move|p2b: Calyrex|High Horsepower|p1b: Zamazenta
|-supereffective|p1b: Zamazenta
|-damage|p1b: Zamazenta|0 fnt
|faint|p1b: Zamazenta
|-ability|p2b: Calyrex|Chilling Neigh|boost
|-boost|p2b: Calyrex|atk|1
|move|p1a: Farigiraf|Psychic|p2b: Calyrex
|-damage|p2b: Calyrex|49/100
|move|p2a: Lunala|Expanding Force|p1a: Farigiraf
|-activate|p1a: Farigiraf|move: Wide Guard
|
|upkeep
|
|t:|1750739284
|switch|p1b: Cinderace|Cinderace, L50, M|91/100
|turn|4
|
|t:|1750739297
|move|p1b: Cinderace|Protect|p1b: Cinderace
|-start|p1b: Cinderace|typechange|Normal|[from] ability: Libero
|-singleturn|p1b: Cinderace|Protect
|move|p2b: Calyrex|Glacial Lance|p1a: Farigiraf|[spread] p1a
|-activate|p1b: Cinderace|move: Protect
|-damage|p1a: Farigiraf|0 fnt
|faint|p1a: Farigiraf
|-ability|p2b: Calyrex|Chilling Neigh|boost
|-boost|p2b: Calyrex|atk|1
|move|p2a: Lunala|Expanding Force|p1b: Cinderace
|-activate|p1b: Cinderace|move: Protect
|
|upkeep
|
|t:|1750739308
|switch|p1a: Miraidon|Miraidon, L50|100/100
|-fieldstart|move: Electric Terrain|[from] ability: Hadron Engine|[of] p1a: Miraidon
|turn|5
|
|t:|1750739325
|-terastallize|p1a: Miraidon|Fairy
|move|p2b: Calyrex|Glacial Lance|p1a: Miraidon|[spread] p1a,p1b
|-crit|p1a: Miraidon
|-damage|p1a: Miraidon|0 fnt
|-damage|p1b: Cinderace|0 fnt
|faint|p1a: Miraidon
|faint|p1b: Cinderace
|
|win|bbqsus
|raw|gdyee's rating: 1212 &rarr; <strong>1193</strong><br />(-19 for losing)
|raw|bbqsus's rating: 1303 &rarr; <strong>1318</strong><br />(+15 for winning)
|l|☆gdyee
|player|p1|
|c|☆bbqsus|wtf hahaha
|c|☆bbqsus|how you double tera freak
|l|☆bbqsus
|player|p2|
