|j|☆gurlbot
|j|☆3gris
|t:|1750878174
|gametype|doubles
|player|p1|gurlbot|roxie|1345
|player|p2|3gris|depotagent|1311
|teamsize|p1|6
|teamsize|p2|6
|gen|9
|tier|[Gen 9] VGC 2025 Reg I
|rated|
|rule|Species Clause: Limit one of each Pokémon
|rule|Item Clause: Limit 1 of each item
|clearpoke
|poke|p1|Miraidon, L50|
|poke|p1|Toedscruel, L50, F|
|poke|p1|Incineroar, L50, M|
|poke|p1|Porygon2, L50|
|poke|p1|Weezing-Galar, L50, M|
|poke|p1|Calyrex-Shadow, L50|
|poke|p2|Seedot, L50, F|
|poke|p2|Incineroar, L50, F|
|poke|p2|Farigiraf, L50, M|
|poke|p2|Iron Hands, L50|
|poke|p2|Miraidon, L50|
|poke|p2|Calyrex-Ice, L50|
|teampreview|4
|c|☆gurlbot|seeeeeeeedot!!
|c|☆gurlbot|one of my faves, nice
|c|☆gurlbot|glhf
|c|☆3gris|oh cool
|c|☆3gris|glhf
|
|t:|1750878230
|start
|switch|p1a: Toedscruel|Toedscruel, L50, F, shiny|100/100
|switch|p1b: Weezing|Weezing-Galar, L50, M, shiny|100/100
|switch|p2a: Calyrex|Calyrex-Ice, L50|100/100
|switch|p2b: Seedot|Seedot, L50, F|100/100
|-ability|p1b: Weezing|Neutralizing Gas
|-ability|p2a: Calyrex|As One
|-ability|p2a: Calyrex|Unnerve
|turn|1
|c|☆3gris|I'll try to force myself to take it
|c|☆3gris|Toedscruel is cool too !
|
|t:|1750878283
|move|p1b: Weezing|Protect|p1b: Weezing
|-singleturn|p1b: Weezing|Protect
|move|p2b: Seedot|Endure|p2b: Seedot
|-singleturn|p2b: Seedot|move: Endure
|move|p1a: Toedscruel|Spore|p2a: Calyrex
|-status|p2a: Calyrex|slp|[from] move: Spore
|cant|p2a: Calyrex|slp
|
|upkeep
|turn|2
|
|t:|1750878303
|move|p1a: Toedscruel|Acid Spray|p2b: Seedot
|-supereffective|p2b: Seedot
|-damage|p2b: Seedot|56/100
|-unboost|p2b: Seedot|spd|2
|move|p1b: Weezing|Sludge Bomb|p2b: Seedot
|-supereffective|p2b: Seedot
|-damage|p2b: Seedot|0 fnt
|faint|p2b: Seedot
|cant|p2a: Calyrex|slp
|
|upkeep
|inactive|Battle timer is ON: inactive players will automatically lose when time's up. (requested by gurlbot)
|c|☆3gris|my strategy didn't work with you
|c|☆gurlbot|what was it? endure trick room explosion?
|c|☆3gris|you understood the real threat
|c|☆gurlbot|haha
|inactive|3gris has 60 seconds left.
|c|☆3gris|endure tr and Quick Attack
|
|t:|1750878375
|switch|p2b: Miraidon|Miraidon, L50|100/100
|turn|3
|
|t:|1750878395
|move|p1b: Weezing|Protect|p1b: Weezing
|-singleturn|p1b: Weezing|Protect
|move|p2b: Miraidon|Electro Drift|p1b: Weezing
|-activate|p1b: Weezing|move: Protect
|move|p1a: Toedscruel|Spore|p2b: Miraidon
|-status|p2b: Miraidon|slp|[from] move: Spore
|-curestatus|p2a: Calyrex|slp|[msg]
|move|p2a: Calyrex|Glacial Lance|p1a: Toedscruel|[spread] p1a
|-activate|p1b: Weezing|move: Protect
|-supereffective|p1a: Toedscruel
|-damage|p1a: Toedscruel|0 fnt
|faint|p1a: Toedscruel
|-ability|p2a: Calyrex|Chilling Neigh|boost
|-boost|p2a: Calyrex|atk|1
|
|upkeep
|
|t:|1750878410
|switch|p1a: Calyrex|Calyrex-Shadow, L50|100/100
|-ability|p1a: Calyrex|As One
|-ability|p1a: Calyrex|Unnerve
|turn|4
|
|t:|1750878419
|-terastallize|p1a: Calyrex|Ghost
|-terastallize|p2a: Calyrex|Water
|move|p1a: Calyrex|Astral Barrage|p2b: Miraidon|[spread] p2a,p2b
|-crit|p2b: Miraidon
|-damage|p2a: Calyrex|47/100
|-damage|p2b: Miraidon|8/100 slp
|cant|p2b: Miraidon|slp
|move|p1b: Weezing|Taunt|p2a: Calyrex
|-start|p2a: Calyrex|move: Taunt
|move|p2a: Calyrex|Glacial Lance|p1a: Calyrex|[spread] p1a,p1b
|-damage|p1a: Calyrex|22/100
|-damage|p1b: Weezing|29/100
|
|upkeep
|turn|5
|
|t:|1750878442
|switch|p2a: Iron Hands|Iron Hands, L50|100/100
|move|p1a: Calyrex|Astral Barrage|p2a: Iron Hands|[spread] p2a,p2b
|-damage|p2a: Iron Hands|54/100
|-damage|p2b: Miraidon|0 fnt
|faint|p2b: Miraidon
|-ability|p1a: Calyrex|Grim Neigh|boost
|-boost|p1a: Calyrex|spa|1
|move|p1b: Weezing|Sludge Bomb|p2a: Iron Hands
|-damage|p2a: Iron Hands|30/100
|
|upkeep
|
|t:|1750878452
|switch|p2b: Calyrex|Calyrex-Ice, L50, tera:Water|47/100
|-ability|p2b: Calyrex|As One
|-ability|p2b: Calyrex|Unnerve
|turn|6
|
|t:|1750878460
|move|p1b: Weezing|Protect|p1b: Weezing
|-singleturn|p1b: Weezing|Protect
|move|p2a: Iron Hands|Fake Out|p1b: Weezing
|-activate|p1b: Weezing|move: Protect
|move|p1a: Calyrex|Astral Barrage|p2b: Calyrex|[spread] p2a,p2b
|-damage|p2a: Iron Hands|0 fnt
|-damage|p2b: Calyrex|0 fnt
|faint|p2a: Iron Hands
|-end|p2a: Iron Hands|Quark Drive|[silent]
|faint|p2b: Calyrex
|
|win|gurlbot
|raw|gurlbot's rating: 1345 &rarr; <strong>1363</strong><br />(+18 for winning)
|raw|3gris's rating: 1311 &rarr; <strong>1293</strong><br />(-18 for losing)
|c|☆3gris|gg
|c|☆gurlbot|gg
|l|☆gurlbot
|player|p1|
|l|☆3gris
|player|p2|
