|j|☆Jozato cx
|j|☆WerewolfJerry
|t:|1750747143
|gametype|doubles
|player|p1|Jozato cx|ingo|1172
|player|p2|WerewolfJerry|169|1273
|teamsize|p1|5
|teamsize|p2|6
|gen|9
|tier|[Gen 9] VGC 2025 Reg I
|rated|
|rule|Species Clause: Limit one of each Pokémon
|rule|Item Clause: Limit 1 of each item
|clearpoke
|poke|p1|Miraidon, L50|
|poke|p1|Iron Treads, L50|
|poke|p1|Zamazenta-*, L50|
|poke|p1|Whimsicott, L50, F|
|poke|p1|Talonflame, L50, M|
|poke|p2|Lucario, L50, M|
|poke|p2|Granbull, L50, F|
|poke|p2|Clefairy, L50, M|
|poke|p2|Calyrex-Ice, L50|
|poke|p2|Lunala, L50|
|poke|p2|Rillaboom, L50, M|
|teampreview|4
|inactive|Battle timer is ON: inactive players will automatically lose when time's up. (requested by WerewolfJerry)
|
|t:|1750747183
|start
|switch|p1a: Zamazenta|Zamazenta-Crowned, L50|100/100
|switch|p1b: Whimsicott|Whimsicott, L50, F|100/100
|switch|p2a: Rillaboom|Rillaboom, L50, M|100/100
|switch|p2b: Lunala|Lunala, L50|100/100
|-ability|p1a: Zamazenta|Dauntless Shield|boost
|-boost|p1a: Zamazenta|def|1
|-fieldstart|move: Grassy Terrain|[from] ability: Grassy Surge|[of] p2a: Rillaboom
|turn|1
|
|t:|1750747202
|move|p2a: Rillaboom|Fake Out|p1a: Zamazenta
|-resisted|p1a: Zamazenta
|-damage|p1a: Zamazenta|98/100
|move|p1b: Whimsicott|Light Screen|p1b: Whimsicott
|-sidestart|p1: Jozato cx|move: Light Screen
|cant|p1a: Zamazenta|flinch
|move|p2b: Lunala|Trick Room|p2b: Lunala
|-fieldstart|move: Trick Room|[of] p2b: Lunala
|
|-heal|p1a: Zamazenta|100/100|[from] Grassy Terrain
|upkeep
|turn|2
|inactive|Jozato cx has 30 seconds left.
|inactive|Jozato cx has 20 seconds left.
|
|t:|1750747239
|move|p1b: Whimsicott|Encore|p2b: Lunala
|-start|p2b: Lunala|Encore
|move|p2b: Lunala|Trick Room|p2b: Lunala
|-fieldend|move: Trick Room
|move|p1a: Zamazenta|Behemoth Bash|p2b: Lunala
|-damage|p2b: Lunala|85/100
|move|p2a: Rillaboom|U-turn|p1b: Whimsicott
|-damage|p1b: Whimsicott|75/100
|
|t:|1750747249
|switch|p2a: Calyrex|Calyrex-Ice, L50|100/100|[from] U-turn
|-ability|p2a: Calyrex|As One
|-ability|p2a: Calyrex|Unnerve
|
|-heal|p1b: Whimsicott|81/100|[from] Grassy Terrain
|-heal|p2b: Lunala|91/100|[from] Grassy Terrain
|-heal|p2b: Lunala|97/100|[from] item: Leftovers
|upkeep
|turn|3
|inactive|Jozato cx has 30 seconds left.
|inactive|Jozato cx has 20 seconds left.
|inactive|Jozato cx has 15 seconds left.
|inactive|Jozato cx has 10 seconds left.
|inactive|Jozato cx has 5 seconds left.
|
|t:|1750747304
|-terastallize|p2a: Calyrex|Water
|move|p1b: Whimsicott|Moonblast|p2b: Lunala
|-damage|p2b: Lunala|79/100
|-unboost|p2b: Lunala|spa|1
|move|p1a: Zamazenta|Body Press|p2a: Calyrex
|-damage|p2a: Calyrex|57/100
|move|p2a: Calyrex|Glacial Lance|p1b: Whimsicott|[spread] p1a,p1b
|-resisted|p1a: Zamazenta
|-supereffective|p1b: Whimsicott
|-damage|p1a: Zamazenta|90/100
|-damage|p1b: Whimsicott|0 fnt
|faint|p1b: Whimsicott
|-ability|p2a: Calyrex|Chilling Neigh|boost
|-boost|p2a: Calyrex|atk|1
|move|p2b: Lunala|Trick Room|p2b: Lunala
|-fieldstart|move: Trick Room|[of] p2b: Lunala
|
|-heal|p2a: Calyrex|63/100|[from] Grassy Terrain
|-heal|p2b: Lunala|85/100|[from] Grassy Terrain
|-heal|p2b: Lunala|91/100|[from] item: Leftovers
|-heal|p1a: Zamazenta|97/100|[from] Grassy Terrain
|upkeep
|
|t:|1750747327
|switch|p1b: Miraidon|Miraidon, L50|100/100
|-fieldstart|move: Electric Terrain|[from] ability: Hadron Engine|[of] p1b: Miraidon
|turn|4
|inactive|WerewolfJerry has 30 seconds left.
|
|t:|1750747358
|switch|p2b: Rillaboom|Rillaboom, L50, M|100/100
|-fieldstart|move: Grassy Terrain|[from] ability: Grassy Surge|[of] p2b: Rillaboom
|-terastallize|p1b: Miraidon|Electric
|move|p2a: Calyrex|Protect|p2a: Calyrex
|-singleturn|p2a: Calyrex|Protect
|move|p1a: Zamazenta|Wide Guard|p1a: Zamazenta
|-singleturn|p1a: Zamazenta|Wide Guard
|move|p1b: Miraidon|Discharge|p2b: Rillaboom|[spread] p2b
|-activate|p1a: Zamazenta|move: Wide Guard
|-activate|p2a: Calyrex|move: Protect
|-resisted|p2b: Rillaboom
|-crit|p2b: Rillaboom
|-damage|p2b: Rillaboom|44/100
|
|-heal|p2a: Calyrex|69/100|[from] Grassy Terrain
|-heal|p2b: Rillaboom|50/100|[from] Grassy Terrain
|-heal|p1a: Zamazenta|100/100|[from] Grassy Terrain
|upkeep
|turn|5
|inactive|WerewolfJerry has 30 seconds left.
|
|t:|1750747384
|switch|p1b: Iron Treads|Iron Treads, L50|100/100
|move|p2b: Rillaboom|Fake Out|p1a: Zamazenta
|-resisted|p1a: Zamazenta
|-damage|p1a: Zamazenta|98/100
|move|p2a: Calyrex|Glacial Lance|p1a: Zamazenta|[spread] p1a,p1b
|-resisted|p1a: Zamazenta
|-damage|p1a: Zamazenta|84/100
|-damage|p1b: Iron Treads|24/100
|cant|p1a: Zamazenta|flinch
|
|-heal|p2a: Calyrex|74/100|[from] Grassy Terrain
|-heal|p2b: Rillaboom|57/100|[from] Grassy Terrain
|-heal|p1a: Zamazenta|90/100|[from] Grassy Terrain
|-heal|p1b: Iron Treads|30/100|[from] Grassy Terrain
|-sideend|p1: Jozato cx|move: Light Screen
|upkeep
|turn|6
|inactive|Jozato cx has 30 seconds left.
|
|t:|1750747418
|move|p1b: Iron Treads|Protect|p1b: Iron Treads
|-singleturn|p1b: Iron Treads|Protect
|move|p2a: Calyrex|Glacial Lance|p1b: Iron Treads|[spread] p1a
|-activate|p1b: Iron Treads|move: Protect
|-resisted|p1a: Zamazenta
|-damage|p1a: Zamazenta|75/100
|move|p2b: Rillaboom|U-turn|p1a: Zamazenta
|-resisted|p1a: Zamazenta
|-damage|p1a: Zamazenta|73/100
|
|t:|1750747429
|switch|p2b: Lucario|Lucario, L50, M|100/100|[from] U-turn
|move|p1a: Zamazenta|Body Press|p2a: Calyrex
|-damage|p2a: Calyrex|31/100
|
|-heal|p2a: Calyrex|37/100|[from] Grassy Terrain
|-heal|p1a: Zamazenta|79/100|[from] Grassy Terrain
|-heal|p1b: Iron Treads|36/100|[from] Grassy Terrain
|upkeep
|turn|7
|inactive|Jozato cx has 30 seconds left.
|inactive|WerewolfJerry has 30 seconds left.
|inactive|Jozato cx has 20 seconds left.
|inactive|Jozato cx has 15 seconds left.
|inactive|Jozato cx has 10 seconds left.
|inactive|Jozato cx has 5 seconds left.
|
|t:|1750747480
|move|p1a: Zamazenta|Wide Guard|p1a: Zamazenta
|-singleturn|p1a: Zamazenta|Wide Guard
|move|p2a: Calyrex|Leech Seed|p1a: Zamazenta
|-start|p1a: Zamazenta|move: Leech Seed
|move|p2b: Lucario|Aura Sphere|p1b: Iron Treads
|-supereffective|p1b: Iron Treads
|-damage|p1b: Iron Treads|0 fnt
|faint|p1b: Iron Treads
|-end|p1b: Iron Treads|Quark Drive|[silent]
|
|-heal|p2a: Calyrex|43/100|[from] Grassy Terrain
|-heal|p1a: Zamazenta|85/100|[from] Grassy Terrain
|-damage|p1a: Zamazenta|73/100|[from] Leech Seed|[of] p2a: Calyrex
|-heal|p2a: Calyrex|53/100|[silent]
|-fieldend|move: Trick Room
|upkeep
|
|t:|1750747488
|switch|p1b: Miraidon|Miraidon, L50, tera:Electric|100/100
|-fieldstart|move: Electric Terrain|[from] ability: Hadron Engine|[of] p1b: Miraidon
|turn|8
|inactive|WerewolfJerry has 30 seconds left.
|
|t:|1750747519
|switch|p2b: Rillaboom|Rillaboom, L50, M|57/100
|-fieldstart|move: Grassy Terrain|[from] ability: Grassy Surge|[of] p2b: Rillaboom
|move|p2a: Calyrex|Protect|p2a: Calyrex
|-singleturn|p2a: Calyrex|Protect
|move|p1b: Miraidon|Electro Drift|p2b: Rillaboom
|-resisted|p2b: Rillaboom
|-damage|p2b: Rillaboom|0 fnt
|faint|p2b: Rillaboom
|move|p1a: Zamazenta|Body Press|p2a: Calyrex
|-activate|p2a: Calyrex|move: Protect
|
|-heal|p1a: Zamazenta|79/100|[from] Grassy Terrain
|-heal|p2a: Calyrex|59/100|[from] Grassy Terrain
|-damage|p1a: Zamazenta|67/100|[from] Leech Seed|[of] p2a: Calyrex
|-heal|p2a: Calyrex|70/100|[silent]
|upkeep
|
|t:|1750747539
|switch|p2b: Lunala|Lunala, L50|91/100
|turn|9
|
|t:|1750747561
|move|p1b: Miraidon|Electro Drift|p2a: Calyrex
|-supereffective|p2a: Calyrex
|-damage|p2a: Calyrex|0 fnt
|faint|p2a: Calyrex
|move|p1a: Zamazenta|Body Press|p2b: Lunala
|-immune|p2b: Lunala
|move|p2b: Lunala|Heat Wave|p1a: Zamazenta|[spread] p1a,p1b
|-supereffective|p1a: Zamazenta
|-damage|p1a: Zamazenta|29/100
|-damage|p1b: Miraidon|76/100
|
|-heal|p1b: Miraidon|82/100|[from] Grassy Terrain
|-heal|p1a: Zamazenta|35/100|[from] Grassy Terrain
|-heal|p2b: Lunala|98/100|[from] Grassy Terrain
|-heal|p2b: Lunala|100/100|[from] item: Leftovers
|upkeep
|
|t:|1750747576
|switch|p2a: Lucario|Lucario, L50, M|100/100
|turn|10
|inactive|Jozato cx has 30 seconds left.
|inactive|Jozato cx has 20 seconds left.
|inactive|Jozato cx has 15 seconds left.
|
|t:|1750747617
|move|p1a: Zamazenta|Wide Guard|p1a: Zamazenta
|-singleturn|p1a: Zamazenta|Wide Guard
|move|p1b: Miraidon|Electro Drift|p2b: Lunala
|-damage|p2b: Lunala|67/100
|move|p2a: Lucario|Nasty Plot|p2a: Lucario
|-boost|p2a: Lucario|spa|2
|move|p2b: Lunala|Moongeist Beam|p1a: Zamazenta
|-damage|p1a: Zamazenta|0 fnt
|faint|p1a: Zamazenta
|
|-heal|p1b: Miraidon|87/100|[from] Grassy Terrain
|-heal|p2b: Lunala|73/100|[from] Grassy Terrain
|-heal|p2b: Lunala|80/100|[from] item: Leftovers
|upkeep
|turn|11
|-message|Jozato cx forfeited.
|
|win|WerewolfJerry
|raw|Jozato cx's rating: 1172 &rarr; <strong>1154</strong><br />(-18 for losing)
|raw|WerewolfJerry's rating: 1273 &rarr; <strong>1291</strong><br />(+18 for winning)
|l|☆Jozato cx
|player|p1|
|l|☆WerewolfJerry
|player|p2|
