|j|☆ace o gato
|j|☆Ludikrik
|t:|1750853034
|gametype|doubles
|player|p1|ace o gato|blue|1474
|player|p2|Ludikrik|chili|1567
|teamsize|p1|6
|teamsize|p2|6
|gen|9
|tier|[Gen 9] VGC 2025 Reg I
|rated|
|rule|Species Clause: Limit one of each Pokémon
|rule|Item Clause: Limit 1 of each item
|clearpoke
|poke|p1|Calyrex-Shadow, L50|
|poke|p1|Zamazenta-*, L50|
|poke|p1|Raging Bolt, L50|
|poke|p1|Rillaboom, L50, M|
|poke|p1|Tornadus, L50, M|
|poke|p1|Smeargle, L50, M|
|poke|p2|Groudon, L50|
|poke|p2|Lunala, L50|
|poke|p2|Scream Tail, L50|
|poke|p2|Ogerpon-Hearthflame, L50, F|
|poke|p2|Incineroar, L50, M|
|poke|p2|Grimmsnarl, L50, M|
|teampreview|4
|inactive|Battle timer is ON: inactive players will automatically lose when time's up. (requested by ace o gato)
Ludikrik has agreed to open team sheets.
ace o gato has agreed to open team sheets.
|showteam|p1|Calyrex-Shadow||LifeOrb|AsOneSpectrier|AstralBarrage,Psychic,NastyPlot,Protect||||||50|,,,,,Dark]Zamazenta-Crowned||RustedShield|DauntlessShield|BodyPress,HeavySlam,WideGuard,Protect||||||50|,,,,,Grass]Raging Bolt||BoosterEnergy|Protosynthesis|Thunderbolt,DracoMeteor,Thunderclap,Protect||||||50|,,,,,Electric]Rillaboom||AssaultVest|GrassySurge|FakeOut,WoodHammer,GrassyGlide,Uturn|||M|||50|,,,,,Fire]Tornadus||CovertCloak|Prankster|BleakwindStorm,Taunt,Tailwind,Protect|||M|||50|,,,,,Dragon]Smeargle||FocusSash|Moody|FakeOut,Decorate,FollowMe,Spore|||M|||50|,,,,,Ghost
|showteam|p2|Groudon||ClearAmulet|Drought|PrecipiceBlades,HeatCrash,Protect,HighHorsepower||||||50|,,,,,Fire]Lunala||Leftovers|ShadowShield|MoongeistBeam,Moonblast,Protect,CalmMind||||||50|,,,,,Fairy]Scream Tail||BoosterEnergy|Protosynthesis|DazzlingGleam,Encore,Disable,Protect||||||50|,,,,,Grass]Ogerpon-Hearthflame||HearthflameMask|MoldBreaker|IvyCudgel,HornLeech,FollowMe,SpikyShield|||F|||50|,,,,,Fire]Incineroar||AssaultVest|Intimidate|FakeOut,KnockOff,Uturn,FlareBlitz|||M|||50|,,,,,Bug]Grimmsnarl||LightClay|Prankster|SpiritBreak,LightScreen,Reflect,ThunderWave|||M|||50|,,,,,Ghost
|inactive|ace o gato has 60 seconds left.
|inactive|Ludikrik has 60 seconds left.
|
|t:|1750853080
|start
|switch|p1a: Smeargle|Smeargle, L50, M|100/100
|switch|p1b: Calyrex|Calyrex-Shadow, L50|100/100
|switch|p2a: Scream Tail|Scream Tail, L50|100/100
|switch|p2b: INFERNOOOOOOOOO|Incineroar, L50, M|100/100
|-ability|p1b: Calyrex|As One
|-ability|p1b: Calyrex|Unnerve
|-ability|p2b: INFERNOOOOOOOOO|Intimidate|boost
|-unboost|p1a: Smeargle|atk|1
|-unboost|p1b: Calyrex|atk|1
|-enditem|p2a: Scream Tail|Booster Energy
|-activate|p2a: Scream Tail|ability: Protosynthesis|[fromitem]
|-start|p2a: Scream Tail|protosynthesisspe
|turn|1
|
|t:|1750853102
|switch|p1a: Tornadus|Tornadus, L50, M|100/100
|-terastallize|p1b: Calyrex|Dark
|move|p2a: Scream Tail|Protect|p2a: Scream Tail
|-singleturn|p2a: Scream Tail|Protect
|move|p2b: INFERNOOOOOOOOO|Fake Out|p1a: Tornadus
|-damage|p1a: Tornadus|89/100
|move|p1b: Calyrex|Nasty Plot|p1b: Calyrex
|-boost|p1b: Calyrex|spa|2
|
|upkeep
|turn|2
|inactive|Ludikrik has 30 seconds left.
|inactive|Ludikrik has 20 seconds left.
|
|t:|1750853137
|move|p1a: Tornadus|Taunt|p2a: Scream Tail
|-start|p2a: Scream Tail|move: Taunt
|cant|p2a: Scream Tail|move: Taunt|Encore
|move|p1b: Calyrex|Nasty Plot|p1b: Calyrex
|-boost|p1b: Calyrex|spa|2
|move|p2b: INFERNOOOOOOOOO|U-turn|p1a: Tornadus
|-resisted|p1a: Tornadus
|-damage|p1a: Tornadus|78/100
|
|t:|1750853144
|switch|p2b: Moom|Lunala, L50|100/100|[from] U-turn
|
|upkeep
|turn|3
|
|t:|1750853160
|-end|p2a: Scream Tail|Protosynthesis|[silent]
|switch|p2a: INFERNOOOOOOOOO|Incineroar, L50, M|100/100
|-ability|p2a: INFERNOOOOOOOOO|Intimidate|boost
|-unboost|p1a: Tornadus|atk|1
|-unboost|p1b: Calyrex|atk|1
|-terastallize|p2b: Moom|Fairy
|move|p1a: Tornadus|Taunt|p2b: Moom
|-start|p2b: Moom|move: Taunt
|move|p1b: Calyrex|Astral Barrage|p2a: INFERNOOOOOOOOO|[spread] p2a,p2b
|-resisted|p2a: INFERNOOOOOOOOO
|-damage|p2a: INFERNOOOOOOOOO|40/100
|-damage|p2b: Moom|27/100
|-damage|p1b: Calyrex|91/100|[from] item: Life Orb
|move|p2b: Moom|Moonblast|p1b: Calyrex
|-supereffective|p1b: Calyrex
|-damage|p1b: Calyrex|0 fnt
|faint|p1b: Calyrex
|
|-heal|p2b: Moom|34/100|[from] item: Leftovers
|upkeep
|
|t:|1750853176
|switch|p1b: Zamazenta|Zamazenta-Crowned, L50|100/100
|-ability|p1b: Zamazenta|Dauntless Shield|boost
|-boost|p1b: Zamazenta|def|1
|turn|4
|
|t:|1750853186
|move|p1a: Tornadus|Protect|p1a: Tornadus
|-singleturn|p1a: Tornadus|Protect
|move|p1b: Zamazenta|Protect|p1b: Zamazenta
|-singleturn|p1b: Zamazenta|Protect
|move|p2a: INFERNOOOOOOOOO|Fake Out|p1b: Zamazenta
|-activate|p1b: Zamazenta|move: Protect
|move|p2b: Moom|Moonblast|p1a: Tornadus
|-activate|p1a: Tornadus|move: Protect
|
|-heal|p2b: Moom|40/100|[from] item: Leftovers
|upkeep
|turn|5
|
|t:|1750853206
|switch|p2b: Goudron|Groudon, L50|100/100
|-weather|SunnyDay|[from] ability: Drought|[of] p2b: Goudron
|switch|p2a: Scream Tail|Scream Tail, L50|100/100
|-activate|p2a: Scream Tail|ability: Protosynthesis
|-start|p2a: Scream Tail|protosynthesisspe
|move|p1b: Zamazenta|Body Press|p2a: Scream Tail
|-resisted|p2a: Scream Tail
|-damage|p2a: Scream Tail|88/100
|move|p1a: Tornadus|Bleakwind Storm|p2a: Scream Tail|[spread] p2a,p2b
|-damage|p2a: Scream Tail|63/100
|-damage|p2b: Goudron|68/100
|
|-weather|SunnyDay|[upkeep]
|upkeep
|turn|6
|inactive|Ludikrik has 30 seconds left.
|
|t:|1750853236
|move|p2a: Scream Tail|Protect|p2a: Scream Tail
|-singleturn|p2a: Scream Tail|Protect
|move|p1b: Zamazenta|Protect|p1b: Zamazenta
|-singleturn|p1b: Zamazenta|Protect
|move|p1a: Tornadus|Taunt|p2a: Scream Tail
|-activate|p2a: Scream Tail|move: Protect
|move|p2b: Goudron|Heat Crash|p1a: Tornadus
|-damage|p1a: Tornadus|1/100
|
|-weather|SunnyDay|[upkeep]
|upkeep
|turn|7
|inactive|Ludikrik has 30 seconds left.
|
|t:|1750853262
|switch|p1b: Smeargle|Smeargle, L50, M|100/100
|move|p1a: Tornadus|Taunt|p2a: Scream Tail
|-start|p2a: Scream Tail|move: Taunt
|move|p2a: Scream Tail|Dazzling Gleam|p1b: Smeargle|[spread] p1a,p1b
|-damage|p1a: Tornadus|0 fnt
|-damage|p1b: Smeargle|67/100
|faint|p1a: Tornadus
|move|p2b: Goudron|High Horsepower|p1b: Smeargle
|-damage|p1b: Smeargle|0 fnt
|faint|p1b: Smeargle
|
|-weather|SunnyDay|[upkeep]
|upkeep
|-message|ace o gato forfeited.
|
|win|Ludikrik
|raw|ace o gato's rating: 1474 &rarr; <strong>1459</strong><br />(-15 for losing)
|raw|Ludikrik's rating: 1567 &rarr; <strong>1582</strong><br />(+15 for winning)
|l|☆ace o gato
|player|p1|
|l|☆Ludikrik
|player|p2|
