|j|☆errece1310
|j|☆D3XT3R08
|t:|1750846964
|gametype|doubles
|player|p1|errece1310|266|1111
|player|p2|D3XT3R08|brock|1121
|teamsize|p1|6
|teamsize|p2|6
|gen|9
|tier|[Gen 9] VGC 2025 Reg I
|rated|
|rule|Species Clause: Limit one of each Pokémon
|rule|Item Clause: Limit 1 of each item
|clearpoke
|poke|p1|Kyogre, L50|
|poke|p1|Raichu, L50, M|
|poke|p1|Tornadus, L50, M|
|poke|p1|Urshifu-*, L50, F|
|poke|p1|Ogerpon-Wellspring, L50, F|
|poke|p1|Miraidon, L50|
|poke|p2|Reshiram, L50|
|poke|p2|Groudon, L50|
|poke|p2|Magmortar, L50, M|
|poke|p2|Urshifu-*, L50, F|
|poke|p2|Donphan, L50, F|
|poke|p2|Dragapult, L50, M|
|teampreview|4
|inactive|Battle timer is ON: inactive players will automatically lose when time's up. (requested by errece1310)
|
|t:|1750847025
|start
|switch|p1a: Raichu|Raichu, L50, M|100/100
|switch|p1b: Tornadus|Tornadus, L50, M|100/100
|switch|p2a: Donphan|Donphan, L50, F, shiny|100/100
|switch|p2b: Urshifu|Urshifu, L50, F|100/100
|turn|1
|
|t:|1750847045
|move|p1a: Raichu|Fake Out|p2a: Donphan
|-damage|p2a: Donphan|94/100
|move|p1b: Tornadus|Tailwind|p1b: Tornadus
|-sidestart|p1: errece1310|move: Tailwind
|move|p2b: Urshifu|Wicked Blow|p1a: Raichu
|-crit|p1a: Raichu
|-enditem|p1a: Raichu|Focus Sash
|-damage|p1a: Raichu|1/100
|cant|p2a: Donphan|flinch
|
|upkeep
|turn|2
|inactive|errece1310 has 30 seconds left.
|
|t:|1750847071
|switch|p2b: Groudon|Groudon, L50|100/100
|-weather|SunnyDay|[from] ability: Drought|[of] p2b: Groudon
|move|p1b: Tornadus|Bleakwind Storm|p2a: Donphan|[spread] p2a,p2b
|-damage|p2a: Donphan|63/100
|-damage|p2b: Groudon|59/100
|move|p1a: Raichu|Nuzzle|p2b: Groudon
|-immune|p2b: Groudon
|move|p2a: Donphan|Ice Spinner|p1b: Tornadus
|-supereffective|p1b: Tornadus
|-damage|p1b: Tornadus|20/100
|
|-weather|SunnyDay|[upkeep]
|upkeep
|turn|3
|
|t:|1750847096
|switch|p1a: Kyogre|Kyogre, L50|100/100
|-weather|RainDance|[from] ability: Drizzle|[of] p1a: Kyogre
|move|p1b: Tornadus|Bleakwind Storm|p2b: Groudon|[spread] p2a,p2b
|-damage|p2a: Donphan|36/100
|-damage|p2b: Groudon|23/100
|move|p2b: Groudon|Rock Slide|p1a: Kyogre|[spread] p1a,p1b
|-supereffective|p1b: Tornadus
|-damage|p1a: Kyogre|75/100
|-damage|p1b: Tornadus|0 fnt
|faint|p1b: Tornadus
|move|p2a: Donphan|Ice Spinner|p1a: Kyogre
|-resisted|p1a: Kyogre
|-damage|p1a: Kyogre|60/100
|
|-weather|RainDance|[upkeep]
|upkeep
|
|t:|1750847110
|switch|p1b: Raichu|Raichu, L50, M|1/100
|turn|4
|
|t:|1750847128
|move|p1b: Raichu|Nuzzle|p2b: Groudon
|-immune|p2b: Groudon
|move|p1a: Kyogre|Water Spout|p2b: Groudon|[spread] p2a,p2b
|-supereffective|p2a: Donphan
|-supereffective|p2b: Groudon
|-damage|p2a: Donphan|0 fnt
|-damage|p2b: Groudon|0 fnt
|faint|p2a: Donphan
|faint|p2b: Groudon
|-heal|p1a: Kyogre|67/100|[from] item: Shell Bell|[of] p2: Groudon
|
|-weather|RainDance|[upkeep]
|-sideend|p1: errece1310|move: Tailwind
|upkeep
|
|t:|1750847135
|switch|p2b: Dragapult|Dragapult, L50, M|100/100
|switch|p2a: Urshifu|Urshifu, L50, F|100/100
|turn|5
|inactive|D3XT3R08 has 30 seconds left.
|
|t:|1750847163
|-terastallize|p2b: Dragapult|Steel
|move|p2a: Urshifu|Sucker Punch|p1a: Kyogre
|-damage|p1a: Kyogre|8/100
|move|p2b: Dragapult|Phantom Force||[still]
|-prepare|p2b: Dragapult|Phantom Force
|move|p1b: Raichu|Nuzzle|p2a: Urshifu
|-damage|p2a: Urshifu|94/100
|-status|p2a: Urshifu|par
|move|p1a: Kyogre|Ice Beam|p2b: Dragapult|[miss]
|-miss|p1a: Kyogre|p2b: Dragapult
|
|-weather|RainDance|[upkeep]
|upkeep
|turn|6
|
|t:|1750847184
|move|p2a: Urshifu|Sucker Punch|p1b: Raichu
|-damage|p1b: Raichu|0 fnt
|faint|p1b: Raichu
|move|p2b: Dragapult|Phantom Force|p1a: Kyogre|[from] lockedmove
|-damage|p1a: Kyogre|0 fnt
|faint|p1a: Kyogre
|-damage|p2b: Dragapult|91/100|[from] item: Life Orb
|
|-weather|RainDance|[upkeep]
|upkeep
|
|t:|1750847189
|switch|p1a: Miraidon|Miraidon, L50|100/100
|-fieldstart|move: Electric Terrain|[from] ability: Hadron Engine|[of] p1a: Miraidon
|turn|7
|
|t:|1750847200
|move|p2a: Urshifu|Sucker Punch|p1a: Miraidon
|-damage|p1a: Miraidon|44/100
|move|p2b: Dragapult|Dragon Darts|p1a: Miraidon
|-supereffective|p1a: Miraidon
|-damage|p1a: Miraidon|0 fnt
|faint|p1a: Miraidon
|-damage|p2b: Dragapult|81/100|[from] item: Life Orb
|
|win|D3XT3R08
|raw|errece1310's rating: 1111 &rarr; <strong>1087</strong><br />(-24 for losing)
|raw|D3XT3R08's rating: 1121 &rarr; <strong>1145</strong><br />(+24 for winning)
|l|☆errece1310
|player|p1|
|l|☆D3XT3R08
|player|p2|
