|j|☆Saren49
|j|☆cjjsir
|t:|1750858529
|gametype|doubles
|player|p1|Saren49|169|1553
|player|p2|cjjsir|101|1661
|teamsize|p1|6
|teamsize|p2|6
|gen|9
|tier|[Gen 9] VGC 2025 Reg I
|rated|
|rule|Species Clause: Limit one of each Pokémon
|rule|Item Clause: Limit 1 of each item
|clearpoke
|poke|p1|Miraidon, L50|
|poke|p1|Farigiraf, L50, F|
|poke|p1|Kyogre, L50|
|poke|p1|Ogerpon-Cornerstone, L50, F|
|poke|p1|Landorus-Therian, L50, M|
|poke|p1|Iron Hands, L50|
|poke|p2|Grimmsnarl, L50, M|
|poke|p2|Gallade, L50, M|
|poke|p2|Metagross, L50|
|poke|p2|Lunala, L50|
|poke|p2|Amoonguss, L50, F|
|poke|p2|Calyrex-Ice, L50|
|teampreview|4
|
|t:|1750858565
|start
|switch|p1a: Kyogre|Kyogre, L50|100/100
|switch|p1b: Miraidon|Miraidon, L50|100/100
|switch|p2a: Grimmsnarl|Grimmsnarl, L50, M|100/100
|switch|p2b: Lunala|Lunala, L50|100/100
|-fieldstart|move: Electric Terrain|[from] ability: Hadron Engine|[of] p1b: Miraidon
|-weather|RainDance|[from] ability: Drizzle|[of] p1a: Kyogre
|turn|1
|
|t:|1750858600
|move|p2a: Grimmsnarl|Light Screen|p2a: Grimmsnarl
|-sidestart|p2: cjjsir|move: Light Screen
|move|p1b: Miraidon|Electro Drift|p2b: Lunala
|-damage|p2b: Lunala|66/100
|move|p1a: Kyogre|Origin Pulse|p2a: Grimmsnarl|[spread] p2a,p2b
|-damage|p2a: Grimmsnarl|50/100
|-damage|p2b: Lunala|19/100
|move|p2b: Lunala|Trick Room|p2b: Lunala
|-fieldstart|move: Trick Room|[of] p2b: Lunala
|
|-weather|RainDance|[upkeep]
|upkeep
|turn|2
|
|t:|1750858645
|switch|p1b: Iron Hands|Iron Hands, L50|100/100
|-activate|p1b: Iron Hands|ability: Quark Drive
|-start|p1b: Iron Hands|quarkdriveatk
|move|p2a: Grimmsnarl|Spirit Break|p1b: Iron Hands
|-supereffective|p1b: Iron Hands
|-damage|p1b: Iron Hands|63/100
|-unboost|p1b: Iron Hands|spa|1
|move|p1a: Kyogre|Origin Pulse|p2a: Grimmsnarl|[spread] p2a,p2b
|-damage|p2a: Grimmsnarl|0 fnt
|-damage|p2b: Lunala|0 fnt
|faint|p2a: Grimmsnarl
|faint|p2b: Lunala
|
|-weather|RainDance|[upkeep]
|upkeep
|
|t:|1750858657
|switch|p2a: Calyrex|Calyrex-Ice, L50|100/100
|switch|p2b: Metagross|Metagross, L50|100/100
|-ability|p2a: Calyrex|As One
|-ability|p2a: Calyrex|Unnerve
|turn|3
|
|t:|1750858686
|-terastallize|p2a: Calyrex|Water
|move|p1b: Iron Hands|Fake Out|p2b: Metagross
|-resisted|p2b: Metagross
|-damage|p2b: Metagross|93/100
|move|p2a: Calyrex|Glacial Lance|p1a: Kyogre|[spread] p1a,p1b
|-resisted|p1a: Kyogre
|-damage|p1a: Kyogre|71/100
|-damage|p1b: Iron Hands|24/100
|cant|p2b: Metagross|flinch
|move|p1a: Kyogre|Hydro Pump|p2a: Calyrex
|-resisted|p2a: Calyrex
|-damage|p2a: Calyrex|69/100
|
|-weather|RainDance|[upkeep]
|upkeep
|turn|4
|
|t:|1750858707
|move|p2a: Calyrex|Glacial Lance|p1b: Iron Hands|[spread] p1a,p1b
|-resisted|p1a: Kyogre
|-damage|p1a: Kyogre|42/100
|-damage|p1b: Iron Hands|0 fnt
|faint|p1b: Iron Hands
|-end|p1b: Iron Hands|Quark Drive|[silent]
|-ability|p2a: Calyrex|Chilling Neigh|boost
|-boost|p2a: Calyrex|atk|1
|move|p2b: Metagross|Psychic Fangs|p1a: Kyogre
|-damage|p1a: Kyogre|0 fnt
|faint|p1a: Kyogre
|
|-weather|RainDance|[upkeep]
|upkeep
|
|t:|1750858717
|switch|p1b: Miraidon|Miraidon, L50|100/100
|switch|p1a: Ogerpon|Ogerpon-Cornerstone, L50, F|100/100
|-activate|p1b: Miraidon|ability: Hadron Engine
|turn|5
|
|t:|1750858741
|-terastallize|p1b: Miraidon|Fairy
|move|p2a: Calyrex|Glacial Lance|p1a: Ogerpon|[spread] p1a,p1b
|-supereffective|p1a: Ogerpon
|-ability|p1a: Ogerpon|Sturdy
|-damage|p1a: Ogerpon|1/100
|-damage|p1b: Miraidon|12/100
|move|p2b: Metagross|Psychic Fangs|p1b: Miraidon
|-damage|p1b: Miraidon|0 fnt
|faint|p1b: Miraidon
|move|p1a: Ogerpon|Power Whip|p2a: Calyrex
|-supereffective|p2a: Calyrex
|-damage|p2a: Calyrex|0 fnt
|faint|p2a: Calyrex
|
|-weather|none
|-sideend|p2: cjjsir|move: Light Screen
|-fieldend|move: Trick Room
|-fieldend|move: Electric Terrain
|upkeep
|turn|6
|
|t:|1750858757
|move|p1a: Ogerpon|Spiky Shield|p1a: Ogerpon
|-singleturn|p1a: Ogerpon|move: Protect
|move|p2b: Metagross|Bullet Punch|p1a: Ogerpon
|-activate|p1a: Ogerpon|move: Protect
|-damage|p2b: Metagross|81/100|[from] Spiky Shield|[of] p1a: Ogerpon
|
|upkeep
|turn|7
|
|t:|1750858764
|move|p1a: Ogerpon|Spiky Shield||[still]
|-fail|p1a: Ogerpon
|move|p2b: Metagross|Bullet Punch|p1a: Ogerpon
|-supereffective|p1a: Ogerpon
|-damage|p1a: Ogerpon|0 fnt
|faint|p1a: Ogerpon
|
|win|cjjsir
|raw|Saren49's rating: 1553 &rarr; <strong>1539</strong><br />(-14 for losing)
|raw|cjjsir's rating: 1661 &rarr; <strong>1675</strong><br />(+14 for winning)
|l|☆cjjsir
|player|p2|
|l|☆Saren49
|player|p1|
