|j|☆Crying for Rain
|j|☆sheevpwork
|t:|1750750100
|gametype|doubles
|player|p1|Crying for Rain|rocketgruntf|1519
|player|p2|sheevpwork|265|1656
|teamsize|p1|6
|teamsize|p2|6
|gen|9
|tier|[Gen 9] VGC 2025 Reg I
|rated|
|rule|Species Clause: Limit one of each Pokémon
|rule|Item Clause: Limit 1 of each item
|clearpoke
|poke|p1|Miraidon, L50|
|poke|p1|Zamazenta-*, L50|
|poke|p1|Chien-Pao, L50|
|poke|p1|Grimmsnarl, L50, M|
|poke|p1|Volcarona, L50, F|
|poke|p1|Iron Hands, L50|
|poke|p2|Koraidon, L50|
|poke|p2|Brute Bonnet, L50|
|poke|p2|Rhydon, L50, F|
|poke|p2|Walking Wake, L50|
|poke|p2|Zamazenta-*, L50|
|poke|p2|Flutter Mane, L50|
|teampreview|4
|inactive|Battle timer is ON: inactive players will automatically lose when time's up. (requested by Crying for Rain)
|
|t:|1750750144
|start
|switch|p1a: Miraidon|Miraidon, L50|100/100
|switch|p1b: Grimmsnarl|Grimmsnarl, L50, M, shiny|100/100
|switch|p2a: Flutter Mane|Flutter Mane, L50|100/100
|switch|p2b: Koraidon|Koraidon, L50|100/100
|-weather|SunnyDay|[from] ability: Orichalcum Pulse|[of] p2b: Koraidon
|-activate|p2a: Flutter Mane|ability: Protosynthesis
|-start|p2a: Flutter Mane|protosynthesisspe
|-activate|p2b: Koraidon|Orichalcum Pulse|[source]
|-fieldstart|move: Electric Terrain|[from] ability: Hadron Engine|[of] p1a: Miraidon
|turn|1
|
|t:|1750750167
|switch|p2b: Rhydon|Rhydon, L50, F|100/100
|move|p1b: Grimmsnarl|Thunder Wave|p2b: Rhydon
|-ability|p2b: Rhydon|Lightning Rod|boost
|-boost|p2b: Rhydon|spa|1
|move|p2a: Flutter Mane|Moonblast|p1a: Miraidon
|-supereffective|p1a: Miraidon
|-damage|p1a: Miraidon|20/100
|-unboost|p1a: Miraidon|spa|1
|move|p1a: Miraidon|Electro Drift|p2b: Rhydon
|-ability|p2b: Rhydon|Lightning Rod|boost
|-boost|p2b: Rhydon|spa|1
|
|-weather|SunnyDay|[upkeep]
|upkeep
|turn|2
|
|t:|1750750188
|switch|p1a: Zamazenta|Zamazenta-Crowned, L50, shiny|100/100
|-ability|p1a: Zamazenta|Dauntless Shield|boost
|-boost|p1a: Zamazenta|def|1
|move|p1b: Grimmsnarl|Light Screen|p1b: Grimmsnarl
|-sidestart|p1: Crying for Rain|move: Light Screen
|move|p2a: Flutter Mane|Moonblast|p1b: Grimmsnarl
|-supereffective|p1b: Grimmsnarl
|-damage|p1b: Grimmsnarl|35/100
|-unboost|p1b: Grimmsnarl|spa|1
|move|p2b: Rhydon|Rock Slide|p1a: Zamazenta|[spread] p1a,p1b
|-resisted|p1a: Zamazenta
|-damage|p1a: Zamazenta|98/100
|-damage|p1b: Grimmsnarl|5/100
|
|-weather|SunnyDay|[upkeep]
|upkeep
|turn|3
|
|t:|1750750208
|move|p1b: Grimmsnarl|Reflect|p1b: Grimmsnarl
|-sidestart|p1: Crying for Rain|Reflect
|move|p2a: Flutter Mane|Icy Wind|p1b: Grimmsnarl|[spread] p1a,p1b
|-resisted|p1a: Zamazenta
|-damage|p1a: Zamazenta|94/100
|-damage|p1b: Grimmsnarl|0 fnt
|-unboost|p1a: Zamazenta|spe|1
|faint|p1b: Grimmsnarl
|move|p1a: Zamazenta|Body Press|p2b: Rhydon
|-supereffective|p2b: Rhydon
|-damage|p2b: Rhydon|17/100
|move|p2b: Rhydon|High Horsepower|p1a: Zamazenta|[miss]
|-miss|p2b: Rhydon|p1a: Zamazenta
|
|-weather|SunnyDay|[upkeep]
|upkeep
|
|t:|1750750224
|switch|p1b: Chien-Pao|Chien-Pao, L50|100/100
|-ability|p1b: Chien-Pao|Sword of Ruin
|turn|4
|
|t:|1750750234
|move|p1b: Chien-Pao|Protect|p1b: Chien-Pao
|-singleturn|p1b: Chien-Pao|Protect
|move|p2b: Rhydon|Protect|p2b: Rhydon
|-singleturn|p2b: Rhydon|Protect
|move|p2a: Flutter Mane|Moonblast|p1b: Chien-Pao
|-activate|p1b: Chien-Pao|move: Protect
|move|p1a: Zamazenta|Heavy Slam|p2a: Flutter Mane
|-supereffective|p2a: Flutter Mane
|-enditem|p2a: Flutter Mane|Focus Sash
|-damage|p2a: Flutter Mane|1/100
|
|-weather|SunnyDay|[upkeep]
|upkeep
|turn|5
|inactive|sheevpwork has 30 seconds left.
|inactive|sheevpwork has 20 seconds left.
|j| Xxip
|inactive|sheevpwork has 15 seconds left.
|inactive|sheevpwork has 10 seconds left.
|l| Xxip
|inactive|sheevpwork has 5 seconds left.
|
|t:|1750750286
|move|p1b: Chien-Pao|Sucker Punch|p2a: Flutter Mane
|-damage|p2a: Flutter Mane|0 fnt
|faint|p2a: Flutter Mane
|-end|p2a: Flutter Mane|Protosynthesis|[silent]
|move|p1a: Zamazenta|Body Press|p2b: Rhydon
|-supereffective|p2b: Rhydon
|-crit|p2b: Rhydon
|-damage|p2b: Rhydon|0 fnt
|faint|p2b: Rhydon
|
|-weather|none
|-fieldend|move: Electric Terrain
|upkeep
|
|t:|1750750290
|switch|p2a: Koraidon|Koraidon, L50|100/100
|switch|p2b: Zamazenta|Zamazenta-Crowned, L50|100/100
|-weather|SunnyDay|[from] ability: Orichalcum Pulse|[of] p2a: Koraidon
|-activate|p2a: Koraidon|Orichalcum Pulse|[source]
|-ability|p2b: Zamazenta|Dauntless Shield|boost
|-boost|p2b: Zamazenta|def|1
|turn|6
|
|t:|1750750314
|-terastallize|p2a: Koraidon|Fire
|-terastallize|p1a: Zamazenta|Water
|move|p2a: Koraidon|Flare Blitz|p1a: Zamazenta
|-resisted|p1a: Zamazenta
|-damage|p1a: Zamazenta|60/100
|-damage|p2a: Koraidon|89/100|[from] Recoil
|-damage|p2a: Koraidon|79/100|[from] item: Life Orb
|move|p1b: Chien-Pao|Icicle Crash|p2a: Koraidon
|-resisted|p2a: Koraidon
|-damage|p2a: Koraidon|52/100
|move|p2b: Zamazenta|Body Press|p1b: Chien-Pao
|-supereffective|p1b: Chien-Pao
|-crit|p1b: Chien-Pao
|-enditem|p1b: Chien-Pao|Focus Sash
|-damage|p1b: Chien-Pao|1/100
|move|p1a: Zamazenta|Body Press|p2a: Koraidon
|-damage|p2a: Koraidon|0 fnt
|faint|p2a: Koraidon
|
|-weather|SunnyDay|[upkeep]
|upkeep
|turn|7
|inactive|Crying for Rain has 30 seconds left.
|inactive|sheevpwork has 30 seconds left.
|inactive|sheevpwork has 20 seconds left.
|inactive|sheevpwork has 15 seconds left.
|inactive|sheevpwork has 10 seconds left.
|inactive|sheevpwork has 5 seconds left.
|
|t:|1750750369
|move|p1b: Chien-Pao|Throat Chop|p2b: Zamazenta
|-resisted|p2b: Zamazenta
|-damage|p2b: Zamazenta|89/100
|-start|p2b: Zamazenta|Throat Chop|[silent]
|move|p2b: Zamazenta|Body Press|p1a: Zamazenta
|-damage|p1a: Zamazenta|34/100
|move|p1a: Zamazenta|Body Press|p2b: Zamazenta
|-supereffective|p2b: Zamazenta
|-damage|p2b: Zamazenta|25/100
|
|-weather|SunnyDay|[upkeep]
|upkeep
|turn|8
|inactive|sheevpwork has 30 seconds left.
|inactive|sheevpwork has 20 seconds left.
|inactive|sheevpwork has 15 seconds left.
|inactive|sheevpwork has 10 seconds left.
|inactive|sheevpwork has 5 seconds left.
|
|t:|1750750424
|move|p1b: Chien-Pao|Throat Chop|p2b: Zamazenta
|-resisted|p2b: Zamazenta
|-damage|p2b: Zamazenta|13/100
|move|p2b: Zamazenta|Body Press|p1a: Zamazenta
|-damage|p1a: Zamazenta|6/100
|move|p1a: Zamazenta|Body Press|p2b: Zamazenta
|-supereffective|p2b: Zamazenta
|-damage|p2b: Zamazenta|0 fnt
|faint|p2b: Zamazenta
|
|win|Crying for Rain
|raw|Crying for Rain's rating: 1519 &rarr; <strong>1547</strong><br />(+28 for winning)
|raw|sheevpwork's rating: 1656 &rarr; <strong>1628</strong><br />(-28 for losing)
|l|☆Crying for Rain
|player|p1|
