|j|☆It'sJustKen VGC
|j|☆SryI'mBusyAtWork
|t:|1750728508
|gametype|doubles
|player|p1|It'sJustKen VGC|player-go|1553
|player|p2|SryI'mBusyAtWork|kieran|1633
|teamsize|p1|6
|teamsize|p2|6
|gen|9
|tier|[Gen 9] VGC 2025 Reg I
|rated|
|rule|Species Clause: Limit one of each Pokémon
|rule|Item Clause: Limit 1 of each item
|clearpoke
|poke|p1|Incineroar, L50, M|
|poke|p1|Urshifu-*, L50, M|
|poke|p1|Amoonguss, L50, F|
|poke|p1|Calyrex-Shadow, L50|
|poke|p1|Tornadus, L50, M|
|poke|p1|Terapagos, L50, M|
|poke|p2|Tornadus, L50, M|
|poke|p2|Calyrex-Shadow, L50|
|poke|p2|Incineroar, L50, F|
|poke|p2|Clefairy, L50, F|
|poke|p2|Grimmsnarl, L50, M|
|poke|p2|Zamazenta-*, L50|
|teampreview|4
|inactive|Battle timer is ON: inactive players will automatically lose when time's up. (requested by SryI'mBusyAtWork)
|inactive|It'sJustKen VGC also wants the timer to be on.
|
|t:|1750728526
|start
|switch|p1a: Steven He|Urshifu-Rapid-Strike, L50, M|100/100
|switch|p1b: TTE|Tornadus, L50, M|100/100
|switch|p2a: Grimmsnarl|Grimmsnarl, L50, M|100/100
|switch|p2b: Incineroar|Incineroar, L50, F|100/100
|-ability|p2b: Incineroar|Intimidate|boost
|-unboost|p1a: Steven He|atk|1
|-unboost|p1b: TTE|atk|1
|turn|1
|
|t:|1750728550
|move|p2a: Grimmsnarl|Thunder Wave|p1b: TTE
|-status|p1b: TTE|par
|move|p1a: Steven He|Surging Strikes|p2b: Incineroar
|-supereffective|p2b: Incineroar
|-crit|p2b: Incineroar
|-damage|p2b: Incineroar|68/100
|-supereffective|p2b: Incineroar
|-crit|p2b: Incineroar
|-damage|p2b: Incineroar|37/100
|-supereffective|p2b: Incineroar
|-crit|p2b: Incineroar
|-damage|p2b: Incineroar|7/100
|-hitcount|p2b: Incineroar|3
|move|p1b: TTE|Bleakwind Storm|p2b: Incineroar|[spread] p2a,p2b
|-damage|p2a: Grimmsnarl|65/100
|-damage|p2b: Incineroar|0 fnt
|faint|p2b: Incineroar
|
|upkeep
|
|t:|1750728568
|switch|p2b: Calyrex|Calyrex-Shadow, L50|100/100
|-ability|p2b: Calyrex|As One
|-ability|p2b: Calyrex|Unnerve
|turn|2
|
|t:|1750728580
|-terastallize|p1a: Steven He|Water
|-terastallize|p2b: Calyrex|Ghost
|cant|p1b: TTE|par
|move|p2a: Grimmsnarl|Thunder Wave|p1a: Steven He
|-status|p1a: Steven He|par
|move|p2b: Calyrex|Astral Barrage|p1a: Steven He|[spread] p1a,p1b
|-damage|p1a: Steven He|0 fnt
|-enditem|p1b: TTE|Focus Sash
|-damage|p1b: TTE|1/100 par
|faint|p1a: Steven He
|-ability|p2b: Calyrex|Grim Neigh|boost
|-boost|p2b: Calyrex|spa|1
|
|upkeep
|
|t:|1750728587
|switch|p1a: Tera Cell|Terapagos, L50, M|100/100
|-activate|p1a: Tera Cell|ability: Tera Shift
|detailschange|p1a: Tera Cell|Terapagos-Terastal, L50, M
|-heal|p1a: Tera Cell|100/100|[silent]
|turn|3
|j| mistball2
|j| Lei43
|
|t:|1750728611
|switch|p2b: Zamazenta|Zamazenta-Crowned, L50|100/100
|-ability|p2b: Zamazenta|Dauntless Shield|boost
|-boost|p2b: Zamazenta|def|1
|move|p1b: TTE|Tailwind|p1b: TTE
|-sidestart|p1: It'sJustKen VGC|move: Tailwind
|move|p2a: Grimmsnarl|Light Screen|p2a: Grimmsnarl
|-sidestart|p2: SryI'mBusyAtWork|move: Light Screen
|move|p1a: Tera Cell|Tera Starstorm|p2a: Grimmsnarl
|-damage|p2a: Grimmsnarl|8/100
|
|upkeep
|turn|4
|inactive|It'sJustKen VGC has 30 seconds left.
|inactive|SryI'mBusyAtWork has 30 seconds left.
|inactive|It'sJustKen VGC has 20 seconds left.
|inactive|SryI'mBusyAtWork has 20 seconds left.
|inactive|It'sJustKen VGC has 15 seconds left.
|inactive|It'sJustKen VGC has 10 seconds left.
|inactive|It'sJustKen VGC has 5 seconds left.
|
|t:|1750728665
|switch|p1a: Chicken Jockey|Calyrex-Shadow, L50|100/100
|-ability|p1a: Chicken Jockey|As One
|-ability|p1a: Chicken Jockey|Unnerve
|move|p2a: Grimmsnarl|Thunder Wave|p1a: Chicken Jockey
|-status|p1a: Chicken Jockey|par
|move|p1b: TTE|Bleakwind Storm|p2b: Zamazenta|[spread] p2a,p2b
|-damage|p2a: Grimmsnarl|0 fnt
|-damage|p2b: Zamazenta|82/100
|-unboost|p2b: Zamazenta|spe|1
|faint|p2a: Grimmsnarl
|move|p2b: Zamazenta|Heavy Slam|p1b: TTE
|-damage|p1b: TTE|0 fnt
|faint|p1b: TTE
|
|upkeep
|l| Lei43
|j| Lei43
|
|t:|1750728684
|switch|p1b: Tera Cell|Terapagos-Terastal, L50, M|100/100
|switch|p2a: Calyrex|Calyrex-Shadow, L50, tera:Ghost|100/100
|-ability|p2a: Calyrex|As One
|-ability|p2a: Calyrex|Unnerve
|turn|5
|
|t:|1750728700
|move|p1b: Tera Cell|Dark Pulse|p2a: Calyrex
|-supereffective|p2a: Calyrex
|-damage|p2a: Calyrex|44/100
|move|p2a: Calyrex|Astral Barrage|p1b: Tera Cell|[spread] p1a
|-immune|p1b: Tera Cell
|-supereffective|p1a: Chicken Jockey
|-damage|p1a: Chicken Jockey|0 fnt
|faint|p1a: Chicken Jockey
|-ability|p2a: Calyrex|Grim Neigh|boost
|-boost|p2a: Calyrex|spa|1
|move|p2b: Zamazenta|Body Press|p1b: Tera Cell
|-activate|p1b: Tera Cell|ability: Tera Shell
|-resisted|p1b: Tera Cell
|-damage|p1b: Tera Cell|69/100
|
|upkeep
|turn|6
|
|t:|1750728713
|move|p1b: Tera Cell|Dark Pulse|p2a: Calyrex
|-supereffective|p2a: Calyrex
|-damage|p2a: Calyrex|0 fnt
|faint|p2a: Calyrex
|move|p2b: Zamazenta|Body Press|p1b: Tera Cell
|-supereffective|p1b: Tera Cell
|-damage|p1b: Tera Cell|0 fnt
|faint|p1b: Tera Cell
|
|win|SryI'mBusyAtWork
|raw|It&apos;sJustKen VGC's rating: 1553 &rarr; <strong>1538</strong><br />(-15 for losing)
|raw|SryI&apos;mBusyAtWork's rating: 1633 &rarr; <strong>1648</strong><br />(+15 for winning)
|l| Lei43
|l|☆It'sJustKen VGC
|player|p1|
|l| mistball2
