|j|☆cream 670
|j|☆CamNewtontheGOAT
|t:|1750812502
|gametype|doubles
|player|p1|cream 670|kimonogirl|1433
|player|p2|CamNewtontheGOAT|169|1427
|teamsize|p1|6
|teamsize|p2|6
|gen|9
|tier|[Gen 9] VGC 2025 Reg I
|rated|
|rule|Species Clause: Limit one of each Pokémon
|rule|Item Clause: Limit 1 of each item
|clearpoke
|poke|p1|Rillaboom, L50, M|
|poke|p1|Koraidon, L50|
|poke|p1|Incineroar, L50, F|
|poke|p1|Calyrex-Ice, L50|
|poke|p1|Volcarona, L50, F|
|poke|p1|Sandy Shocks, L50|
|poke|p2|Koraidon, L50|
|poke|p2|Flutter Mane, L50|
|poke|p2|Chi-Yu, L50|
|poke|p2|Calyrex-Shadow, L50|
|poke|p2|Smeargle, L50, M|
|poke|p2|Clefairy, L50, M|
|teampreview|4
|c|☆cream 670|Oh hey you again
|c|☆cream 670|Glhf
|c|☆CamNewtontheGOAT|you too!
|c|☆cream 670|I was using heatren earlier when we fought, I think.
|c|☆CamNewtontheGOAT|oh yeahhh
|c|☆CamNewtontheGOAT|I remember your team
|c|☆cream 670|Let's have some fun!
|c|☆CamNewtontheGOAT|yess
|c|☆cream 670|Sandy is my mofongo
|c|☆CamNewtontheGOAT|ooooo
|
|t:|1750812614
|start
|switch|p1a: Calyrex|Calyrex-Ice, L50|100/100
|switch|p1b: Sandy Shocks|Sandy Shocks, L50|100/100
|switch|p2a: Koraidon|Koraidon, L50|100/100
|switch|p2b: Smeargle|Smeargle, L50, M|100/100
|-ability|p1a: Calyrex|As One
|-ability|p1a: Calyrex|Unnerve
|-weather|SunnyDay|[from] ability: Orichalcum Pulse|[of] p2a: Koraidon
|-activate|p1b: Sandy Shocks|ability: Protosynthesis
|-start|p1b: Sandy Shocks|protosynthesisspe
|-activate|p2a: Koraidon|Orichalcum Pulse|[source]
|turn|1
|
|t:|1750812640
|-terastallize|p1a: Calyrex|Dragon
|move|p1b: Sandy Shocks|Electroweb|p2a: Koraidon|[spread] p2a,p2b
|-resisted|p2a: Koraidon
|-damage|p2a: Koraidon|90/100
|-damage|p2b: Smeargle|54/100
|-unboost|p2b: Smeargle|spe|1
|move|p2a: Koraidon|Collision Course|p1b: Sandy Shocks
|-damage|p1b: Sandy Shocks|32/100
|move|p2b: Smeargle|Spore|p1a: Calyrex
|-status|p1a: Calyrex|slp|[from] move: Spore
|cant|p1a: Calyrex|slp
|
|-weather|SunnyDay|[upkeep]
|-ability|p2b: Smeargle|Moody|boost
|-boost|p2b: Smeargle|spa|2
|-unboost|p2b: Smeargle|spd|1
|upkeep
|turn|2
|
|t:|1750812677
|move|p1b: Sandy Shocks|Thunderbolt|p2b: Smeargle
|-damage|p2b: Smeargle|0 fnt
|faint|p2b: Smeargle
|move|p2a: Koraidon|Collision Course|p1a: Calyrex
|-damage|p1a: Calyrex|54/100 slp
|-curestatus|p1a: Calyrex|slp|[msg]
|move|p1a: Calyrex|Glacial Lance|p2a: Koraidon
|-supereffective|p2a: Koraidon
|-damage|p2a: Koraidon|0 fnt
|faint|p2a: Koraidon
|-ability|p1a: Calyrex|Chilling Neigh|boost
|-boost|p1a: Calyrex|atk|1
|
|-weather|SunnyDay|[upkeep]
|upkeep
|
|t:|1750812692
|switch|p2a: Calyrex|Calyrex-Shadow, L50|100/100
|switch|p2b: Flutter Mane|Flutter Mane, L50|100/100
|-ability|p2a: Calyrex|As One
|-ability|p2a: Calyrex|Unnerve
|-activate|p2b: Flutter Mane|ability: Protosynthesis
|-start|p2b: Flutter Mane|protosynthesisspe
|turn|3
|c|☆cream 670|Thats some rotten luck
|c|☆CamNewtontheGOAT|that's life
|c|☆CamNewtontheGOAT|all good
|
|t:|1750812724
|-terastallize|p2b: Flutter Mane|Fairy
|move|p2b: Flutter Mane|Dazzling Gleam|p1a: Calyrex|[spread] p1a,p1b
|-supereffective|p1a: Calyrex
|-damage|p1a: Calyrex|0 fnt
|-damage|p1b: Sandy Shocks|0 fnt
|faint|p1a: Calyrex
|faint|p1b: Sandy Shocks
|-end|p1b: Sandy Shocks|Protosynthesis|[silent]
|move|p2a: Calyrex|Nasty Plot|p2a: Calyrex
|-boost|p2a: Calyrex|spa|2
|
|-weather|SunnyDay|[upkeep]
|upkeep
|
|t:|1750812729
|switch|p1b: コライドンv|Koraidon, L50|100/100
|switch|p1a: Pyrrhus|Incineroar, L50, F|100/100
|-activate|p1b: コライドンv|ability: Orichalcum Pulse
|-ability|p1a: Pyrrhus|Intimidate|boost
|-unboost|p2a: Calyrex|atk|1
|-unboost|p2b: Flutter Mane|atk|1
|turn|4
|
|t:|1750812744
|move|p1b: コライドンv|Protect|p1b: コライドンv
|-singleturn|p1b: コライドンv|Protect
|move|p2b: Flutter Mane|Dazzling Gleam|p1a: Pyrrhus|[spread] p1a
|-activate|p1b: コライドンv|move: Protect
|-damage|p1a: Pyrrhus|60/100
|move|p2a: Calyrex|Astral Barrage|p1a: Pyrrhus|[spread] p1a
|-activate|p1b: コライドンv|move: Protect
|-resisted|p1a: Pyrrhus
|-damage|p1a: Pyrrhus|9/100
|-damage|p2a: Calyrex|91/100|[from] item: Life Orb
|move|p1a: Pyrrhus|Flare Blitz|p2b: Flutter Mane
|-damage|p2b: Flutter Mane|0 fnt
|faint|p2b: Flutter Mane
|-end|p2b: Flutter Mane|Protosynthesis|[silent]
|-damage|p1a: Pyrrhus|0 fnt|[from] Recoil
|faint|p1a: Pyrrhus
|
|-weather|SunnyDay|[upkeep]
|upkeep
|turn|5
|
|t:|1750812761
|move|p2a: Calyrex|Psychic|p1b: コライドンv
|-supereffective|p1b: コライドンv
|-damage|p1b: コライドンv|0 fnt
|faint|p1b: コライドンv
|-damage|p2a: Calyrex|81/100|[from] item: Life Orb
|
|win|CamNewtontheGOAT
|raw|cream 670's rating: 1433 &rarr; <strong>1413</strong><br />(-20 for losing)
|raw|CamNewtontheGOAT's rating: 1427 &rarr; <strong>1447</strong><br />(+20 for winning)
|c|☆cream 670|Gg, lol
|c|☆CamNewtontheGOAT|gg
|c|☆cream 670|I should have played that end game better.
|c|☆CamNewtontheGOAT|yup people are not running specs flutter in this format
|c|☆CamNewtontheGOAT|tough to predict
|c|☆cream 670|Yeah, I said in my head "caly should live a dazzle, unless its specs"
|l|☆CamNewtontheGOAT
|player|p2|
|c|☆cream 670|I though id either get trick room or an electro web off, and I didnt get either.
|l|☆cream 670
|player|p1|
