|j|☆Redhoundoom
|j|☆HyperRes
|t:|1750742728
|gametype|doubles
|player|p1|Redhoundoom|266|1416
|player|p2|HyperRes|miku-ground|1549
|teamsize|p1|6
|teamsize|p2|6
|gen|9
|tier|[Gen 9] VGC 2025 Reg I
|rated|
|rule|Species Clause: Limit one of each Pokémon
|rule|Item Clause: Limit 1 of each item
|clearpoke
|poke|p1|Incineroar, L50, M|
|poke|p1|Calyrex-Shadow, L50|
|poke|p1|Dondozo, L50, M|
|poke|p1|Tatsugiri, L50, M|
|poke|p1|Zamazenta-*, L50|
|poke|p1|Rillaboom, L50, M|
|poke|p2|Kyogre, L50|
|poke|p2|Calyrex-Shadow, L50|
|poke|p2|Indeedee-F, L50, F|
|poke|p2|Urshifu-*, L50, F|
|poke|p2|Grimmsnarl, L50, M|
|poke|p2|Bruxish, L50, F|
|teampreview|4
|inactive|Battle timer is ON: inactive players will automatically lose when time's up. (requested by HyperRes)
|inactive|Redhoundoom also wants the timer to be on.
|inactive|Redhoundoom has 60 seconds left.
|
|t:|1750742767
|start
|switch|p1a: 3Booms|Rillaboom, L50, M|100/100
|switch|p1b: 🤓|Calyrex-Shadow, L50|100/100
|switch|p2a: Calyrex|Calyrex-Shadow, L50|100/100
|switch|p2b: Bruxish|Bruxish, L50, F|100/100
|-ability|p2a: Calyrex|As One
|-ability|p2a: Calyrex|Unnerve
|-ability|p1b: 🤓|As One
|-ability|p1b: 🤓|Unnerve
|-fieldstart|move: Grassy Terrain|[from] ability: Grassy Surge|[of] p1a: 3Booms
|turn|1
|inactive|HyperRes has 30 seconds left.
|
|t:|1750742794
|-terastallize|p1b: 🤓|Ghost
|move|p2b: Bruxish|Icy Wind|p1a: 3Booms|[spread] p1a,p1b
|-supereffective|p1a: 3Booms
|-damage|p1a: 3Booms|92/100
|-damage|p1b: 🤓|93/100
|-unboost|p1a: 3Booms|spe|1
|-unboost|p1b: 🤓|spe|1
|move|p2a: Calyrex|Astral Barrage|p1b: 🤓|[spread] p1a,p1b
|-supereffective|p1b: 🤓
|-damage|p1a: 3Booms|52/100
|-damage|p1b: 🤓|0 fnt
|faint|p1b: 🤓
|-ability|p2a: Calyrex|Grim Neigh|boost
|-boost|p2a: Calyrex|spa|1
|move|p1a: 3Booms|Wood Hammer|p2a: Calyrex
|-damage|p2a: Calyrex|0 fnt
|faint|p2a: Calyrex
|-damage|p1a: 3Booms|24/100|[from] Recoil
|
|-heal|p1a: 3Booms|30/100|[from] Grassy Terrain
|upkeep
|
|t:|1750742810
|switch|p1b: Dondito|Dondozo, L50, M|100/100
|switch|p2a: Kyogre|Kyogre, L50|100/100
|-weather|RainDance|[from] ability: Drizzle|[of] p2a: Kyogre
|turn|2
|inactive|Redhoundoom has 30 seconds left.
|
|t:|1750742842
|switch|p2b: Indeedee|Indeedee-F, L50, F|100/100
|-fieldstart|move: Psychic Terrain|[from] ability: Psychic Surge|[of] p2b: Indeedee
|-enditem|p2b: Indeedee|Psychic Seed
|-boost|p2b: Indeedee|spd|1|[from] item: Psychic Seed
|move|p1b: Dondito|Protect|p1b: Dondito
|-singleturn|p1b: Dondito|Protect
|move|p2a: Kyogre|Water Spout|p1b: Dondito|[spread] p1a
|-activate|p1b: Dondito|move: Protect
|-resisted|p1a: 3Booms
|-damage|p1a: 3Booms|0 fnt
|faint|p1a: 3Booms
|
|-weather|RainDance|[upkeep]
|upkeep
|
|t:|1750742845
|switch|p1a: HomerMmmm|Tatsugiri, L50, M|100/100
|-activate|p1a: HomerMmmm|ability: Commander|[of] p1b: Dondito
|-boost|p1b: Dondito|atk|2
|-boost|p1b: Dondito|spa|2
|-boost|p1b: Dondito|spe|2
|-boost|p1b: Dondito|def|2
|-boost|p1b: Dondito|spd|2
|turn|3
|
|t:|1750742866
|switch|p2a: Bruxish|Bruxish, L50, F|100/100
|move|p1b: Dondito|Protect||[still]
|-fail|p1b: Dondito
|move|p2b: Indeedee|Follow Me|p2b: Indeedee
|-singleturn|p2b: Indeedee|move: Follow Me
|
|-weather|RainDance|[upkeep]
|upkeep
|turn|4
|
|t:|1750742887
|move|p2a: Bruxish|Super Fang|p1b: Dondito
|-damage|p1b: Dondito|51/100
|move|p1b: Dondito|Yawn|p2b: Indeedee
|-start|p2b: Indeedee|move: Yawn|[of] p1b: Dondito
|move|p2b: Indeedee|Alluring Voice|p1b: Dondito
|-damage|p1b: Dondito|43/100
|
|-weather|RainDance|[upkeep]
|-heal|p1b: Dondito|49/100|[from] item: Leftovers
|upkeep
|turn|5
|
|t:|1750742900
|switch|p2b: Kyogre|Kyogre, L50|100/100
|move|p2a: Bruxish|Super Fang|p1b: Dondito
|-damage|p1b: Dondito|25/100
|move|p1b: Dondito|Yawn|p2b: Kyogre
|-start|p2b: Kyogre|move: Yawn|[of] p1b: Dondito
|
|-weather|RainDance|[upkeep]
|-heal|p1b: Dondito|31/100|[from] item: Leftovers
|upkeep
|turn|6
|
|t:|1750742914
|switch|p2b: Indeedee|Indeedee-F, L50, F|100/100
|move|p2a: Bruxish|Super Fang|p1b: Dondito
|-damage|p1b: Dondito|16/100
|move|p1b: Dondito|Order Up|p2b: Indeedee
|-damage|p2b: Indeedee|55/100
|-boost|p1b: Dondito|atk|1
|
|-weather|none
|-heal|p1b: Dondito|22/100|[from] item: Leftovers
|-fieldend|move: Psychic Terrain
|upkeep
|turn|7
|
|t:|1750742932
|move|p2a: Bruxish|Super Fang|p1b: Dondito
|-damage|p1b: Dondito|12/100
|move|p1b: Dondito|Order Up|p2b: Indeedee
|-damage|p2b: Indeedee|2/100
|-boost|p1b: Dondito|atk|1
|move|p2b: Indeedee|Alluring Voice|p1b: Dondito
|-damage|p1b: Dondito|4/100
|-start|p1b: Dondito|confusion
|
|-heal|p1b: Dondito|10/100|[from] item: Leftovers
|upkeep
|turn|8
|
|t:|1750742948
|switch|p2a: Kyogre|Kyogre, L50|100/100
|-weather|RainDance|[from] ability: Drizzle|[of] p2a: Kyogre
|move|p2b: Indeedee|Follow Me|p2b: Indeedee
|-singleturn|p2b: Indeedee|move: Follow Me
|-activate|p1b: Dondito|confusion
|move|p1b: Dondito|Order Up|p2b: Indeedee
|-damage|p2b: Indeedee|0 fnt
|faint|p2b: Indeedee
|-boost|p1b: Dondito|atk|1
|
|-weather|RainDance|[upkeep]
|-heal|p1b: Dondito|16/100|[from] item: Leftovers
|upkeep
|
|t:|1750742954
|switch|p2b: Bruxish|Bruxish, L50, F|100/100
|turn|9
|
|t:|1750742975
|move|p2b: Bruxish|Super Fang|p1b: Dondito
|-damage|p1b: Dondito|8/100
|move|p2a: Kyogre|Water Spout|p1b: Dondito|[spread] p1b
|-miss|p2a: Kyogre|p1a: HomerMmmm
|-resisted|p1b: Dondito
|-damage|p1b: Dondito|0 fnt
|faint|p1b: Dondito
|
|-weather|RainDance|[upkeep]
|upkeep
|turn|10
|
|t:|1750742990
|move|p2b: Bruxish|Super Fang|p1a: HomerMmmm
|-damage|p1a: HomerMmmm|50/100
|move|p1a: HomerMmmm|Muddy Water|p2a: Kyogre|[spread] p2a,p2b
|-resisted|p2a: Kyogre
|-resisted|p2b: Bruxish
|-damage|p2a: Kyogre|86/100
|-damage|p2b: Bruxish|68/100
|move|p2a: Kyogre|Water Spout|p1a: HomerMmmm
|-resisted|p1a: HomerMmmm
|-damage|p1a: HomerMmmm|0 fnt
|faint|p1a: HomerMmmm
|
|win|HyperRes
|raw|Redhoundoom's rating: 1416 &rarr; <strong>1403</strong><br />(-13 for losing)
|raw|HyperRes's rating: 1549 &rarr; <strong>1562</strong><br />(+13 for winning)
|l|☆Redhoundoom
|player|p1|
