|j|☆Polipoliwr
|j|☆yeohgi2
|t:|1750797073
|gametype|doubles
|player|p1|Polipoliwr|169|1472
|player|p2|yeohgi2|hilbert-wonderlauncher|1400
|teamsize|p1|6
|teamsize|p2|6
|gen|9
|tier|[Gen 9] VGC 2025 Reg I
|rated|
|rule|Species Clause: Limit one of each Pokémon
|rule|Item Clause: Limit 1 of each item
|clearpoke
|poke|p1|Rillaboom, L50, F|
|poke|p1|Zamazenta-*, L50|
|poke|p1|Smeargle, L50, F|
|poke|p1|Magmar, L50, M|
|poke|p1|Calyrex-Shadow, L50|
|poke|p1|Flutter Mane, L50|
|poke|p2|Rillaboom, L50, M|
|poke|p2|Flutter Mane, L50|
|poke|p2|Koraidon, L50|
|poke|p2|Incineroar, L50, F|
|poke|p2|Calyrex-Shadow, L50|
|poke|p2|Raging Bolt, L50|
|teampreview|4
yeohgi2 has agreed to open team sheets.
|inactive|Battle timer is ON: inactive players will automatically lose when time's up. (requested by Polipoliwr)
Polipoliwr rejected open team sheets.
|inactive|Polipoliwr has 60 seconds left.
|
|t:|1750797193
|start
|switch|p1a: Flutter Mane|Flutter Mane, L50|100/100
|switch|p1b: Magmar|Magmar, L50, M|100/100
|switch|p2a: Flutter Mane|Flutter Mane, L50|100/100
|switch|p2b: Calyrex|Calyrex-Shadow, L50|100/100
|-ability|p2b: Calyrex|As One
|-ability|p2b: Calyrex|Unnerve
|-enditem|p1a: Flutter Mane|Booster Energy
|-activate|p1a: Flutter Mane|ability: Protosynthesis|[fromitem]
|-start|p1a: Flutter Mane|protosynthesisspe
|-enditem|p2a: Flutter Mane|Booster Energy
|-activate|p2a: Flutter Mane|ability: Protosynthesis|[fromitem]
|-start|p2a: Flutter Mane|protosynthesisspe
|turn|1
|inactive|yeohgi2 has 30 seconds left.
|
|t:|1750797220
|move|p1a: Flutter Mane|Protect|p1a: Flutter Mane
|-singleturn|p1a: Flutter Mane|Protect
|move|p2a: Flutter Mane|Icy Wind|p1a: Flutter Mane|[spread] p1b
|-activate|p1a: Flutter Mane|move: Protect
|-resisted|p1b: Magmar
|-damage|p1b: Magmar|96/100
|-unboost|p1b: Magmar|spe|1
|move|p2b: Calyrex|Astral Barrage|p1a: Flutter Mane|[spread] p1b
|-activate|p1a: Flutter Mane|move: Protect
|-damage|p1b: Magmar|64/100
|move|p1b: Magmar|Knock Off|p2b: Calyrex
|-supereffective|p2b: Calyrex
|-crit|p2b: Calyrex
|-enditem|p2b: Calyrex|Focus Sash
|-damage|p2b: Calyrex|1/100
|
|upkeep
|turn|2
|inactive|Polipoliwr has 30 seconds left.
|
|t:|1750797247
|-terastallize|p1a: Flutter Mane|Fairy
|move|p2b: Calyrex|Protect|p2b: Calyrex
|-singleturn|p2b: Calyrex|Protect
|move|p1a: Flutter Mane|Icy Wind|p2a: Flutter Mane|[spread] p2a
|-activate|p2b: Calyrex|move: Protect
|-damage|p2a: Flutter Mane|84/100
|-unboost|p2a: Flutter Mane|spe|1
|move|p2a: Flutter Mane|Icy Wind|p1a: Flutter Mane|[spread] p1a,p1b
|-resisted|p1b: Magmar
|-damage|p1a: Flutter Mane|86/100
|-damage|p1b: Magmar|59/100
|-unboost|p1a: Flutter Mane|spe|1
|-unboost|p1b: Magmar|spe|1
|move|p1b: Magmar|Knock Off|p2a: Flutter Mane
|-damage|p2a: Flutter Mane|54/100
|
|upkeep
|turn|3
|inactive|Polipoliwr has 30 seconds left.
|inactive|yeohgi2 has 30 seconds left.
|inactive|yeohgi2 has 20 seconds left.
|inactive|yeohgi2 has 15 seconds left.
|
|t:|1750797288
|-end|p2a: Flutter Mane|Protosynthesis|[silent]
|switch|p2a: Raging Bolt|Raging Bolt, L50|100/100
|move|p2b: Calyrex|Astral Barrage|p1a: Flutter Mane|[spread] p1a,p1b
|-damage|p1a: Flutter Mane|30/100
|-damage|p1b: Magmar|27/100
|move|p1a: Flutter Mane|Icy Wind|p2b: Calyrex|[spread] p2a,p2b
|-supereffective|p2a: Raging Bolt
|-damage|p2a: Raging Bolt|76/100
|-damage|p2b: Calyrex|0 fnt
|-unboost|p2a: Raging Bolt|spe|1
|faint|p2b: Calyrex
|move|p1b: Magmar|Knock Off|p2a: Raging Bolt
|-damage|p2a: Raging Bolt|61/100
|-enditem|p2a: Raging Bolt|Leftovers|[from] move: Knock Off|[of] p1b: Magmar
|
|upkeep
|
|t:|1750797305
|switch|p2b: Flutter Mane|Flutter Mane, L50|54/100
|turn|4
|
|t:|1750797321
|move|p1b: Magmar|Follow Me|p1b: Magmar
|-singleturn|p1b: Magmar|move: Follow Me
|move|p2a: Raging Bolt|Thunderclap||[still]
|-fail|p2a: Raging Bolt
|move|p2b: Flutter Mane|Shadow Ball|p1b: Magmar
|-damage|p1b: Magmar|0 fnt
|faint|p1b: Magmar
|move|p1a: Flutter Mane|Moonblast|p2b: Flutter Mane
|-damage|p2b: Flutter Mane|0 fnt
|faint|p2b: Flutter Mane
|-end|p2b: Flutter Mane|Protosynthesis|[silent]
|
|upkeep
|inactive|Polipoliwr has 30 seconds left.
|
|t:|1750797354
|switch|p2b: Koraidon|Koraidon, L50|100/100
|switch|p1b: Calyrex|Calyrex-Shadow, L50|100/100
|-ability|p1b: Calyrex|As One
|-ability|p1b: Calyrex|Unnerve
|-weather|SunnyDay|[from] ability: Orichalcum Pulse|[of] p2b: Koraidon
|-activate|p2a: Raging Bolt|ability: Protosynthesis
|-start|p2a: Raging Bolt|protosynthesisspa
|-activate|p2b: Koraidon|Orichalcum Pulse|[source]
|turn|5
|
|t:|1750797376
|-end|p1a: Flutter Mane|Protosynthesis|[silent]
|switch|p1a: Zamazenta|Zamazenta-Crowned, L50|100/100
|-ability|p1a: Zamazenta|Dauntless Shield|boost
|-boost|p1a: Zamazenta|def|1
|-terastallize|p2b: Koraidon|Fire
|move|p2a: Raging Bolt|Thunderclap||[still]
|-fail|p2a: Raging Bolt
|move|p1b: Calyrex|Astral Barrage|p2a: Raging Bolt|[spread] p2a,p2b
|-damage|p2a: Raging Bolt|4/100
|-damage|p2b: Koraidon|22/100
|-damage|p1b: Calyrex|91/100|[from] item: Life Orb
|move|p2b: Koraidon|Flame Charge|p1b: Calyrex
|-damage|p1b: Calyrex|0 fnt
|-boost|p2b: Koraidon|spe|1
|faint|p1b: Calyrex
|-damage|p2b: Koraidon|12/100|[from] item: Life Orb
|
|-weather|SunnyDay|[upkeep]
|upkeep
|
|t:|1750797393
|switch|p1b: Flutter Mane|Flutter Mane, L50, tera:Fairy|30/100
|-activate|p1b: Flutter Mane|ability: Protosynthesis
|-start|p1b: Flutter Mane|protosynthesisspe
|turn|6
|
|t:|1750797414
|move|p1b: Flutter Mane|Protect|p1b: Flutter Mane
|-singleturn|p1b: Flutter Mane|Protect
|move|p1a: Zamazenta|Protect|p1a: Zamazenta
|-singleturn|p1a: Zamazenta|Protect
|move|p2a: Raging Bolt|Thunderclap||[still]
|-fail|p2a: Raging Bolt
|move|p2b: Koraidon|Close Combat|p1a: Zamazenta
|-activate|p1a: Zamazenta|move: Protect
|
|-weather|SunnyDay|[upkeep]
|upkeep
|turn|7
|
|t:|1750797437
|move|p1b: Flutter Mane|Protect|p1b: Flutter Mane
|-singleturn|p1b: Flutter Mane|Protect
|move|p2a: Raging Bolt|Thunderclap||[still]
|-fail|p2a: Raging Bolt
|move|p2b: Koraidon|Close Combat|p1a: Zamazenta
|-supereffective|p1a: Zamazenta
|-damage|p1a: Zamazenta|18/100
|-unboost|p2b: Koraidon|def|1
|-unboost|p2b: Koraidon|spd|1
|-damage|p2b: Koraidon|3/100|[from] item: Life Orb
|move|p1a: Zamazenta|Body Press|p2b: Koraidon
|-damage|p2b: Koraidon|0 fnt
|faint|p2b: Koraidon
|
|-weather|SunnyDay|[upkeep]
|upkeep
|turn|8
|inactive|yeohgi2 has 30 seconds left.
|inactive|yeohgi2 has 20 seconds left.
|inactive|yeohgi2 has 15 seconds left.
|inactive|yeohgi2 has 10 seconds left.
|inactive|yeohgi2 has 5 seconds left.
|
|t:|1750797492
|move|p2a: Raging Bolt|Thunderclap|p1a: Zamazenta
|-damage|p1a: Zamazenta|0 fnt
|faint|p1a: Zamazenta
|move|p1b: Flutter Mane|Moonblast|p2a: Raging Bolt
|-supereffective|p2a: Raging Bolt
|-damage|p2a: Raging Bolt|0 fnt
|faint|p2a: Raging Bolt
|-end|p2a: Raging Bolt|Protosynthesis|[silent]
|
|win|Polipoliwr
|raw|Polipoliwr's rating: 1472 &rarr; <strong>1488</strong><br />(+16 for winning)
|raw|yeohgi2's rating: 1400 &rarr; <strong>1384</strong><br />(-16 for losing)
|l|☆Polipoliwr
|player|p1|
|l|☆yeohgi2
|player|p2|
