|j|☆Perjutsu24
|j|☆What The Groudon
|t:|1750742368
|gametype|doubles
|player|p1|Perjutsu24|cynthia-gen4|1422
|player|p2|What The Groudon|acerola-masters2|1382
|teamsize|p1|6
|teamsize|p2|6
|gen|9
|tier|[Gen 9] VGC 2025 Reg I
|rated|
|rule|Species Clause: Limit one of each Pokémon
|rule|Item Clause: Limit 1 of each item
|clearpoke
|poke|p1|Miraidon, L50|
|poke|p1|Calyrex-Ice, L50|
|poke|p1|Incineroar, L50, F|
|poke|p1|Rillaboom, L50, M|
|poke|p1|Urshifu-*, L50, M|
|poke|p1|Annihilape, L50, F|
|poke|p2|Groudon, L50|
|poke|p2|Miraidon, L50|
|poke|p2|Entei, L50|
|poke|p2|Whimsicott, L50, M|
|poke|p2|Urshifu-*, L50, M|
|poke|p2|Volcarona, L50, M|
|teampreview|4
|inactive|Battle timer is ON: inactive players will automatically lose when time's up. (requested by What The Groudon)
|inactive|Perjutsu24 has 60 seconds left.
|
|t:|1750742419
|start
|switch|p1a: Incineroar|Incineroar, L50, F|100/100
|switch|p1b: Urshifu|Urshifu-Rapid-Strike, L50, M|100/100
|switch|p2a: Groudon|Groudon, L50|100/100
|switch|p2b: Entei|Entei, L50|100/100
|-weather|SunnyDay|[from] ability: Drought|[of] p2a: Groudon
|-ability|p1a: Incineroar|Intimidate|boost
|-fail|p2a: Groudon|unboost|[from] item: Clear Amulet|[of] p2a: Groudon
|-fail|p2b: Entei|unboost|Attack|[from] ability: Inner Focus|[of] p2b: Entei
|turn|1
|inactive|Perjutsu24 has 30 seconds left.
|inactive|Perjutsu24 has 20 seconds left.
|inactive|Perjutsu24 has 15 seconds left.
|inactive|Perjutsu24 has 10 seconds left.
|
|t:|1750742466
|-terastallize|p2b: Entei|Fire
|move|p2a: Groudon|Helping Hand|p2b: Entei
|-singleturn|p2b: Entei|Helping Hand|[of] p2a: Groudon
|move|p1a: Incineroar|Fake Out|p2a: Groudon
|-damage|p2a: Groudon|93/100
|move|p2b: Entei|Eruption|p1a: Incineroar|[spread] p1a,p1b
|-resisted|p1a: Incineroar
|-resisted|p1b: Urshifu
|-damage|p1a: Incineroar|35/100
|-damage|p1b: Urshifu|6/100
|move|p1b: Urshifu|Surging Strikes|p2a: Groudon
|-supereffective|p2a: Groudon
|-crit|p2a: Groudon
|-damage|p2a: Groudon|73/100
|-supereffective|p2a: Groudon
|-crit|p2a: Groudon
|-damage|p2a: Groudon|51/100
|-supereffective|p2a: Groudon
|-crit|p2a: Groudon
|-damage|p2a: Groudon|29/100
|-hitcount|p2a: Groudon|3
|
|-weather|SunnyDay|[upkeep]
|upkeep
|turn|2
|inactive|Perjutsu24 has 30 seconds left.
|inactive|Perjutsu24 has 20 seconds left.
|
|t:|1750742507
|move|p2a: Groudon|Helping Hand|p2b: Entei
|-singleturn|p2b: Entei|Helping Hand|[of] p2a: Groudon
|move|p2b: Entei|Eruption|p1a: Incineroar|[spread] p1a,p1b
|-resisted|p1a: Incineroar
|-resisted|p1b: Urshifu
|-damage|p1a: Incineroar|0 fnt
|-damage|p1b: Urshifu|0 fnt
|faint|p1a: Incineroar
|faint|p1b: Urshifu
|
|-weather|SunnyDay|[upkeep]
|upkeep
|
|t:|1750742509
|switch|p1b: Miraidon|Miraidon, L50|100/100
|switch|p1a: Calyrex|Calyrex-Ice, L50|100/100
|-ability|p1a: Calyrex|As One
|-ability|p1a: Calyrex|Unnerve
|-fieldstart|move: Electric Terrain|[from] ability: Hadron Engine|[of] p1b: Miraidon
|turn|3
|inactive|Perjutsu24 has 30 seconds left.
|inactive|Perjutsu24 has 20 seconds left.
|inactive|Perjutsu24 has 15 seconds left.
|
|t:|1750742550
|-terastallize|p1a: Calyrex|Water
|move|p2a: Groudon|Helping Hand|p2b: Entei
|-singleturn|p2b: Entei|Helping Hand|[of] p2a: Groudon
|move|p2b: Entei|Eruption|p1b: Miraidon|[spread] p1a,p1b
|-resisted|p1a: Calyrex
|-resisted|p1b: Miraidon
|-damage|p1a: Calyrex|59/100
|-damage|p1b: Miraidon|32/100
|move|p1b: Miraidon|Dazzling Gleam|p2a: Groudon|[spread] p2a,p2b
|-resisted|p2b: Entei
|-damage|p2a: Groudon|0 fnt
|-damage|p2b: Entei|77/100
|faint|p2a: Groudon
|move|p1a: Calyrex|Glacial Lance|p2b: Entei
|-resisted|p2b: Entei
|-damage|p2b: Entei|40/100
|
|-weather|SunnyDay|[upkeep]
|-heal|p1a: Calyrex|65/100|[from] item: Leftovers
|upkeep
|
|t:|1750742559
|switch|p2a: Miraidon|Miraidon, L50|100/100
|-activate|p2a: Miraidon|ability: Hadron Engine
|turn|4
|
|t:|1750742575
|switch|p2b: Volcarona|Volcarona, L50, M|100/100
|-enditem|p2b: Volcarona|Electric Seed
|-boost|p2b: Volcarona|def|1|[from] item: Electric Seed
|move|p1b: Miraidon|Dazzling Gleam|p2b: Volcarona|[spread] p2a,p2b
|-supereffective|p2a: Miraidon
|-resisted|p2b: Volcarona
|-damage|p2a: Miraidon|33/100
|-damage|p2b: Volcarona|83/100
|move|p2a: Miraidon|Dazzling Gleam|p1a: Calyrex|[spread] p1a,p1b
|-supereffective|p1b: Miraidon
|-damage|p1a: Calyrex|38/100
|-damage|p1b: Miraidon|0 fnt
|faint|p1b: Miraidon
|move|p1a: Calyrex|Glacial Lance|p2b: Volcarona|[spread] p2a,p2b
|-supereffective|p2a: Miraidon
|-resisted|p2b: Volcarona
|-damage|p2a: Miraidon|0 fnt
|-damage|p2b: Volcarona|64/100
|faint|p2a: Miraidon
|-ability|p1a: Calyrex|Chilling Neigh|boost
|-boost|p1a: Calyrex|atk|1
|
|-weather|SunnyDay|[upkeep]
|-heal|p1a: Calyrex|43/100|[from] item: Leftovers
|upkeep
|
|t:|1750742584
|switch|p2a: Entei|Entei, L50, tera:Fire|40/100
|turn|5
|
|t:|1750742598
|move|p1a: Calyrex|Protect|p1a: Calyrex
|-singleturn|p1a: Calyrex|Protect
|move|p2a: Entei|Overheat|p1a: Calyrex
|-activate|p1a: Calyrex|move: Protect
|move|p2b: Volcarona|Giga Drain|p1a: Calyrex
|-activate|p1a: Calyrex|move: Protect
|
|-weather|none
|-heal|p1a: Calyrex|49/100|[from] item: Leftovers
|upkeep
|turn|6
|
|t:|1750742608
|move|p2a: Entei|Overheat|p1a: Calyrex
|-resisted|p1a: Calyrex
|-damage|p1a: Calyrex|25/100
|-unboost|p2a: Entei|spa|2
|move|p2b: Volcarona|Giga Drain|p1a: Calyrex
|-supereffective|p1a: Calyrex
|-damage|p1a: Calyrex|0 fnt
|-heal|p2b: Volcarona|78/100|[from] drain|[of] p1a: Calyrex
|faint|p1a: Calyrex
|
|win|What The Groudon
|raw|Perjutsu24's rating: 1422 &rarr; <strong>1400</strong><br />(-22 for losing)
|raw|What The Groudon's rating: 1382 &rarr; <strong>1404</strong><br />(+22 for winning)
|l|☆Perjutsu24
|player|p1|
|l|☆What The Groudon
|player|p2|
