|j|☆Klee46
|j|☆hoseph stalin
|t:|1750734413
|gametype|doubles
|player|p1|Klee46|169|1242
|player|p2|hoseph stalin|266|1328
|teamsize|p1|6
|teamsize|p2|6
|gen|9
|tier|[Gen 9] VGC 2025 Reg I
|rated|
|rule|Species Clause: Limit one of each Pokémon
|rule|Item Clause: Limit 1 of each item
|clearpoke
|poke|p1|Landorus, L50, M|
|poke|p1|Avalugg, L50, M|
|poke|p1|Abomasnow, L50, M|
|poke|p1|Calyrex-Ice, L50|
|poke|p1|Miraidon, L50|
|poke|p1|Iron Hands, L50|
|poke|p2|Calyrex-Shadow, L50|
|poke|p2|Iron Crown, L50|
|poke|p2|Regieleki, L50|
|poke|p2|Whimsicott, L50, F|
|poke|p2|Kyogre, L50|
|poke|p2|Regidrago, L50|
|teampreview|4
|
|t:|1750734448
|start
|switch|p1a: Landorus|Landorus, L50, M|100/100
|switch|p1b: Calyrex|Calyrex-Ice, L50|100/100
|switch|p2a: Iron Crown|Iron Crown, L50|100/100
|switch|p2b: Whimsicott|Whimsicott, L50, F|100/100
|-ability|p1b: Calyrex|As One
|-ability|p1b: Calyrex|Unnerve
|turn|1
|inactive|Battle timer is ON: inactive players will automatically lose when time's up. (requested by Klee46)
|inactive|hoseph stalin also wants the timer to be on.
|
|t:|1750734464
|-terastallize|p2a: Iron Crown|Ground
|move|p1a: Landorus|Protect|p1a: Landorus
|-singleturn|p1a: Landorus|Protect
|move|p2b: Whimsicott|Tailwind|p2b: Whimsicott
|-sidestart|p2: hoseph stalin|move: Tailwind
|move|p2a: Iron Crown|Tachyon Cutter|p1b: Calyrex
|-supereffective|p1b: Calyrex
|-damage|p1b: Calyrex|58/100
|-supereffective|p1b: Calyrex
|-damage|p1b: Calyrex|15/100
|-hitcount|p1b: Calyrex|2
|-damage|p2a: Iron Crown|91/100|[from] item: Life Orb
|move|p1b: Calyrex|Trick Room|p1b: Calyrex
|-fieldstart|move: Trick Room|[of] p1b: Calyrex
|
|upkeep
|turn|2
|inactive|Klee46 has 30 seconds left.
|
|t:|1750734494
|-end|p2a: Iron Crown|Quark Drive|[silent]
|switch|p2a: Kyogre|Kyogre, L50|100/100
|-weather|RainDance|[from] ability: Drizzle|[of] p2a: Kyogre
|move|p2b: Whimsicott|Encore|p1a: Landorus
|-start|p1a: Landorus|Encore
|move|p1b: Calyrex|Glacial Lance|p2a: Kyogre|[spread] p2a,p2b
|-resisted|p2a: Kyogre
|-supereffective|p2b: Whimsicott
|-damage|p2a: Kyogre|60/100
|-damage|p2b: Whimsicott|0 fnt
|faint|p2b: Whimsicott
|-ability|p1b: Calyrex|Chilling Neigh|boost
|-boost|p1b: Calyrex|atk|1
|move|p1a: Landorus|Protect||[still]
|-fail|p1a: Landorus
|
|-weather|RainDance|[upkeep]
|upkeep
|
|t:|1750734505
|switch|p2b: Iron Crown|Iron Crown, L50, tera:Ground|91/100
|turn|3
|
|t:|1750734518
|move|p1a: Landorus|Protect|p1a: Landorus
|-singleturn|p1a: Landorus|Protect
|move|p2b: Iron Crown|Protect|p2b: Iron Crown
|-singleturn|p2b: Iron Crown|Protect
|move|p1b: Calyrex|Glacial Lance|p2a: Kyogre|[spread] p2a
|-activate|p2b: Iron Crown|move: Protect
|-resisted|p2a: Kyogre
|-damage|p2a: Kyogre|6/100
|move|p2a: Kyogre|Thunder|p1b: Calyrex
|-damage|p1b: Calyrex|0 fnt
|faint|p1b: Calyrex
|
|-weather|RainDance|[upkeep]
|upkeep
|
|t:|1750734538
|switch|p1b: Abomasnow|Abomasnow, L50, M|100/100
|-weather|Snowscape|[from] ability: Snow Warning|[of] p1b: Abomasnow
|turn|4
|
|t:|1750734545
|switch|p1a: Avalugg|Avalugg, L50, M|100/100
|move|p1b: Abomasnow|Blizzard|p2a: Kyogre|[spread] p2a,p2b
|-resisted|p2a: Kyogre
|-supereffective|p2b: Iron Crown
|-damage|p2a: Kyogre|0 fnt
|-damage|p2b: Iron Crown|31/100
|faint|p2a: Kyogre
|move|p2b: Iron Crown|Tachyon Cutter|p1b: Abomasnow
|-supereffective|p1b: Abomasnow
|-damage|p1b: Abomasnow|36/100
|-supereffective|p1b: Abomasnow
|-damage|p1b: Abomasnow|0 fnt
|faint|p1b: Abomasnow
|-hitcount|p1: Abomasnow|2
|-damage|p2b: Iron Crown|22/100|[from] item: Life Orb
|
|-weather|Snowscape|[upkeep]
|-sideend|p2: hoseph stalin|move: Tailwind
|upkeep
|
|t:|1750734563
|switch|p1b: Landorus|Landorus, L50, M|100/100
|switch|p2a: Calyrex|Calyrex-Shadow, L50|100/100
|-ability|p2a: Calyrex|As One
|-ability|p2a: Calyrex|Unnerve
|turn|5
|
|t:|1750734580
|-terastallize|p1a: Avalugg|Dark
|move|p2b: Iron Crown|Protect|p2b: Iron Crown
|-singleturn|p2b: Iron Crown|Protect
|move|p2a: Calyrex|Protect|p2a: Calyrex
|-singleturn|p2a: Calyrex|Protect
|move|p1a: Avalugg|Crunch|p2a: Calyrex
|-activate|p2a: Calyrex|move: Protect
|move|p1b: Landorus|Sludge Bomb|p2b: Iron Crown
|-activate|p2b: Iron Crown|move: Protect
|
|-weather|Snowscape|[upkeep]
|-fieldend|move: Trick Room
|upkeep
|turn|6
|
|t:|1750734601
|move|p1a: Avalugg|Wide Guard|p1a: Avalugg
|-singleturn|p1a: Avalugg|Wide Guard
|move|p2a: Calyrex|Astral Barrage|p1b: Landorus|[spread] 
|-activate|p1a: Avalugg|move: Wide Guard
|-activate|p1b: Landorus|move: Wide Guard
|move|p2b: Iron Crown|Tachyon Cutter|p1a: Avalugg
|-crit|p1a: Avalugg
|-damage|p1a: Avalugg|50/100
|-damage|p1a: Avalugg|13/100
|-hitcount|p1a: Avalugg|2
|-damage|p2b: Iron Crown|12/100|[from] item: Life Orb
|move|p1b: Landorus|Sludge Bomb|p2b: Iron Crown
|-resisted|p2b: Iron Crown
|-damage|p2b: Iron Crown|0 fnt
|faint|p2b: Iron Crown
|-end|p2b: Iron Crown|Quark Drive|[silent]
|
|-weather|Snowscape|[upkeep]
|upkeep
|turn|7
|
|t:|1750734625
|move|p2a: Calyrex|Draining Kiss|p1a: Avalugg
|-supereffective|p1a: Avalugg
|-damage|p1a: Avalugg|0 fnt
|faint|p1a: Avalugg
|-ability|p2a: Calyrex|Grim Neigh|boost
|-boost|p2a: Calyrex|spa|1
|move|p1b: Landorus|Sludge Bomb|p2a: Calyrex
|-resisted|p2a: Calyrex
|-damage|p2a: Calyrex|74/100
|
|-weather|Snowscape|[upkeep]
|upkeep
|turn|8
|
|t:|1750734637
|move|p2a: Calyrex|Astral Barrage|p1b: Landorus
|-damage|p1b: Landorus|0 fnt
|faint|p1b: Landorus
|
|win|hoseph stalin
|raw|Klee46's rating: 1242 &rarr; <strong>1223</strong><br />(-19 for losing)
|raw|hoseph stalin's rating: 1328 &rarr; <strong>1343</strong><br />(+15 for winning)
|l|☆hoseph stalin
|player|p2|
|l|☆Klee46
|player|p1|
