|j|☆kyuremkiroialt
|j|☆BarneyTD
|t:|1750767503
|gametype|doubles
|player|p1|kyuremkiroialt|plasmagrunt|1183
|player|p2|BarneyTD|1|1215
|teamsize|p1|6
|teamsize|p2|6
|gen|9
|tier|[Gen 9] VGC 2025 Reg I
|rated|
|rule|Species Clause: Limit one of each Pokémon
|rule|Item Clause: Limit 1 of each item
|clearpoke
|poke|p1|Volcarona, L50, M|
|poke|p1|Flutter Mane, L50|
|poke|p1|Iron Hands, L50|
|poke|p1|Miraidon, L50|
|poke|p1|Farigiraf, L50, F|
|poke|p1|Groudon, L50|
|poke|p2|Typhlosion-Hisui, L50, M|
|poke|p2|Whimsicott, L50, M|
|poke|p2|Clefairy, L50, M|
|poke|p2|Farigiraf, L50, F|
|poke|p2|Annihilape, L50, M|
|poke|p2|Ursaluna-Bloodmoon, L50, M|
|teampreview|4
|inactive|Battle timer is ON: inactive players will automatically lose when time's up. (requested by kyuremkiroialt)
|inactive|BarneyTD has 60 seconds left.
|
|t:|1750767548
|start
|switch|p1a: Flutter Mane|Flutter Mane, L50|100/100
|switch|p1b: Groudon|Groudon, L50|100/100
|switch|p2a: Tender|Typhlosion-Hisui, L50, M|100/100
|switch|p2b: Wallace|Whimsicott, L50, M, shiny|100/100
|-weather|SunnyDay|[from] ability: Drought|[of] p1b: Groudon
|-activate|p1a: Flutter Mane|ability: Protosynthesis
|-start|p1a: Flutter Mane|protosynthesisspe
|turn|1
|
|t:|1750767570
|-terastallize|p2a: Tender|Fire
|-terastallize|p1b: Groudon|Fire
|move|p2b: Wallace|Tailwind|p2b: Wallace
|-sidestart|p2: BarneyTD|move: Tailwind
|move|p2a: Tender|Eruption|p1a: Flutter Mane|[spread] p1a,p1b
|-resisted|p1b: Groudon
|-enditem|p1a: Flutter Mane|Focus Sash
|-damage|p1a: Flutter Mane|1/100
|-damage|p1b: Groudon|21/100
|move|p1a: Flutter Mane|Shadow Ball|p2a: Tender
|-damage|p2a: Tender|36/100
|move|p1b: Groudon|Heat Crash|p2b: Wallace
|-supereffective|p2b: Wallace
|-damage|p2b: Wallace|0 fnt
|faint|p2b: Wallace
|
|-weather|SunnyDay|[upkeep]
|upkeep
|
|t:|1750767586
|switch|p2b: Pooh|Ursaluna-Bloodmoon, L50, M|100/100
|turn|2
|
|t:|1750767603
|switch|p2a: Bruce|Clefairy, L50, M|100/100
|-end|p1a: Flutter Mane|Protosynthesis|[silent]
|switch|p1a: Iron Hands|Iron Hands, L50|100/100
|move|p1b: Groudon|Protect|p1b: Groudon
|-singleturn|p1b: Groudon|Protect
|move|p2b: Pooh|Hyper Voice|p1a: Iron Hands|[spread] p1a
|-activate|p1b: Groudon|move: Protect
|-damage|p1a: Iron Hands|73/100
|-damage|p2b: Pooh|91/100|[from] item: Life Orb
|
|-weather|SunnyDay|[upkeep]
|upkeep
|turn|3
|
|t:|1750767624
|move|p2b: Pooh|Protect|p2b: Pooh
|-singleturn|p2b: Pooh|Protect
|move|p2a: Bruce|Protect|p2a: Bruce
|-singleturn|p2a: Bruce|Protect
|move|p1a: Iron Hands|Fake Out|p2b: Pooh
|-activate|p2b: Pooh|move: Protect
|move|p1b: Groudon|Swords Dance|p1b: Groudon
|-boost|p1b: Groudon|atk|2
|
|-weather|SunnyDay|[upkeep]
|upkeep
|turn|4
|
|t:|1750767642
|move|p2a: Bruce|Helping Hand|p2b: Pooh
|-singleturn|p2b: Pooh|Helping Hand|[of] p2a: Bruce
|move|p2b: Pooh|Hyper Voice|p1b: Groudon|[spread] p1a,p1b
|-damage|p1a: Iron Hands|33/100
|-damage|p1b: Groudon|0 fnt
|faint|p1b: Groudon
|-damage|p2b: Pooh|81/100|[from] item: Life Orb
|move|p1a: Iron Hands|Low Kick|p2b: Pooh
|-supereffective|p2b: Pooh
|-damage|p2b: Pooh|7/100
|
|-weather|SunnyDay|[upkeep]
|-sideend|p2: BarneyTD|move: Tailwind
|upkeep
|
|t:|1750767656
|switch|p1b: Miraidon|Miraidon, L50|100/100
|-fieldstart|move: Electric Terrain|[from] ability: Hadron Engine|[of] p1b: Miraidon
|-activate|p1a: Iron Hands|ability: Quark Drive
|-start|p1a: Iron Hands|quarkdriveatk
|turn|5
|
|t:|1750767672
|move|p2a: Bruce|Follow Me|p2a: Bruce
|-singleturn|p2a: Bruce|move: Follow Me
|move|p1b: Miraidon|Dazzling Gleam|p2a: Bruce|[spread] p2a,p2b
|-damage|p2a: Bruce|60/100
|-damage|p2b: Pooh|0 fnt
|faint|p2b: Pooh
|move|p1a: Iron Hands|Wild Charge|p2a: Bruce
|-damage|p2a: Bruce|0 fnt
|faint|p2a: Bruce
|-damage|p1a: Iron Hands|22/100|[from] Recoil
|
|-weather|none
|upkeep
|-message|BarneyTD forfeited.
|
|win|kyuremkiroialt
|raw|kyuremkiroialt's rating: 1183 &rarr; <strong>1210</strong><br />(+27 for winning)
|raw|BarneyTD's rating: 1215 &rarr; <strong>1188</strong><br />(-27 for losing)
|l|☆BarneyTD
|player|p2|
