|j|☆flucci gang
|j|☆Prasoooon
|t:|1750713837
|gametype|doubles
|player|p1|flucci gang|gambler|1573
|player|p2|Prasoooon|red|1654
|teamsize|p1|6
|teamsize|p2|6
|gen|9
|tier|[Gen 9] VGC 2025 Reg I
|rated|
|rule|Species Clause: Limit one of each Pokémon
|rule|Item Clause: Limit 1 of each item
|clearpoke
|poke|p1|Calyrex-Shadow, L50|
|poke|p1|Koraidon, L50|
|poke|p1|Smeargle, L50, M|
|poke|p1|Rillaboom, L50, F|
|poke|p1|Incineroar, L50, F|
|poke|p1|Chi-Yu, L50|
|poke|p2|Calyrex-Shadow, L50|
|poke|p2|Koraidon, L50|
|poke|p2|Indeedee-F, L50, F|
|poke|p2|Ursaluna, L50, F|
|poke|p2|Smeargle, L50, F|
|poke|p2|Tornadus, L50, M|
|teampreview|4
|inactive|Battle timer is ON: inactive players will automatically lose when time's up. (requested by Prasoooon)
|inactive|flucci gang has 60 seconds left.
|
|t:|1750713877
|start
|switch|p1a: Koraidon|Koraidon, L50|100/100
|switch|p1b: Chi-Yu|Chi-Yu, L50|100/100
|switch|p2a: Death|Calyrex-Shadow, L50|100/100
|switch|p2b: Van Gogh|Smeargle, L50, F|100/100
|-ability|p2a: Death|As One
|-ability|p2a: Death|Unnerve
|-ability|p1b: Chi-Yu|Beads of Ruin
|-weather|SunnyDay|[from] ability: Orichalcum Pulse|[of] p1a: Koraidon
|-activate|p1a: Koraidon|Orichalcum Pulse|[source]
|turn|1
|
|t:|1750713894
|-terastallize|p1a: Koraidon|Fire
|move|p2b: Van Gogh|Wide Guard|p2b: Van Gogh
|-singleturn|p2b: Van Gogh|Wide Guard
|move|p1b: Chi-Yu|Snarl|p2a: Death|[spread] 
|-activate|p2a: Death|move: Wide Guard
|-activate|p2b: Van Gogh|move: Wide Guard
|move|p2a: Death|Expanding Force|p1a: Koraidon
|-damage|p1a: Koraidon|20/100
|-damage|p2a: Death|91/100|[from] item: Life Orb
|move|p1a: Koraidon|Flame Charge|p2b: Van Gogh
|-enditem|p2b: Van Gogh|Focus Sash
|-damage|p2b: Van Gogh|1/100
|-boost|p1a: Koraidon|spe|1
|
|-weather|SunnyDay|[upkeep]
|-ability|p2b: Van Gogh|Moody|boost
|-boost|p2b: Van Gogh|spe|2
|-unboost|p2b: Van Gogh|def|1
|upkeep
|turn|2
|inactive|flucci gang has 30 seconds left.
|
|t:|1750713920
|switch|p1a: Incineroar|Incineroar, L50, F|100/100
|-ability|p1a: Incineroar|Intimidate|boost
|-unboost|p2a: Death|atk|1
|-unboost|p2b: Van Gogh|atk|1
|move|p2a: Death|Protect|p2a: Death
|-singleturn|p2a: Death|Protect
|move|p2b: Van Gogh|Spore|p1b: Chi-Yu
|-status|p1b: Chi-Yu|slp|[from] move: Spore
|cant|p1b: Chi-Yu|slp
|
|-weather|SunnyDay|[upkeep]
|-ability|p2b: Van Gogh|Moody|boost
|-boost|p2b: Van Gogh|spa|2
|-unboost|p2b: Van Gogh|spe|1
|upkeep
|turn|3
|
|t:|1750713940
|-terastallize|p2b: Van Gogh|Ghost
|move|p2a: Death|Protect|p2a: Death
|-singleturn|p2a: Death|Protect
|move|p1a: Incineroar|Fake Out|p2b: Van Gogh
|-immune|p2b: Van Gogh
|cant|p1b: Chi-Yu|slp
|move|p2b: Van Gogh|Decorate|p2a: Death
|-boost|p2a: Death|atk|2
|-boost|p2a: Death|spa|2
|
|-weather|SunnyDay|[upkeep]
|-ability|p2b: Van Gogh|Moody|boost
|-boost|p2b: Van Gogh|spe|2
|-unboost|p2b: Van Gogh|def|1
|upkeep
|turn|4
|
|t:|1750713957
|move|p2b: Van Gogh|Follow Me|p2b: Van Gogh
|-singleturn|p2b: Van Gogh|move: Follow Me
|cant|p1b: Chi-Yu|slp
|move|p2a: Death|Astral Barrage|p1b: Chi-Yu|[spread] p1a,p1b
|-resisted|p1a: Incineroar
|-resisted|p1b: Chi-Yu
|-damage|p1a: Incineroar|11/100
|-damage|p1b: Chi-Yu|12/100 slp
|-damage|p2a: Death|81/100|[from] item: Life Orb
|move|p1a: Incineroar|Knock Off|p2b: Van Gogh
|-supereffective|p2b: Van Gogh
|-damage|p2b: Van Gogh|0 fnt
|faint|p2b: Van Gogh
|
|-weather|SunnyDay|[upkeep]
|upkeep
|
|t:|1750713963
|switch|p2b: Orange|Koraidon, L50|100/100
|-activate|p2b: Orange|ability: Orichalcum Pulse
|turn|5
|
|t:|1750713983
|switch|p1b: Calyrex|Calyrex-Shadow, L50|100/100
|-ability|p1b: Calyrex|As One
|-ability|p1b: Calyrex|Unnerve
|move|p2b: Orange|U-turn|p1b: Calyrex
|-damage|p1b: Calyrex|62/100
|
|t:|1750713990
|switch|p2b: Stupid moustache|Tornadus, L50, M|100/100|[from] U-turn
|move|p2a: Death|Astral Barrage|p1a: Incineroar|[spread] p1a,p1b
|-resisted|p1a: Incineroar
|-supereffective|p1b: Calyrex
|-damage|p1a: Incineroar|0 fnt
|-damage|p1b: Calyrex|0 fnt
|faint|p1a: Incineroar
|faint|p1b: Calyrex
|-ability|p2a: Death|Grim Neigh|boost
|-boost|p2a: Death|spa|2
|-damage|p2a: Death|72/100|[from] item: Life Orb
|
|-weather|none
|upkeep
|
|t:|1750713996
|switch|p1b: Chi-Yu|Chi-Yu, L50|12/100 slp
|switch|p1a: Koraidon|Koraidon, L50, tera:Fire|20/100
|-ability|p1b: Chi-Yu|Beads of Ruin
|-weather|SunnyDay|[from] ability: Orichalcum Pulse|[of] p1a: Koraidon
|-activate|p1a: Koraidon|Orichalcum Pulse|[source]
|turn|6
|-message|flucci gang forfeited.
|
|win|Prasoooon
|raw|flucci gang's rating: 1573 &rarr; <strong>1558</strong><br />(-15 for losing)
|raw|Prasoooon's rating: 1654 &rarr; <strong>1669</strong><br />(+15 for winning)
|l|☆flucci gang
|player|p1|
|l|☆Prasoooon
|player|p2|
