|j|☆ducky_14236
|j|☆Spookidirge
|t:|1750880906
|gametype|doubles
|player|p1|ducky_14236|2|1117
|player|p2|Spookidirge|1|1134
|teamsize|p1|6
|teamsize|p2|6
|gen|9
|tier|[Gen 9] VGC 2025 Reg I
|rated|
|rule|Species Clause: Limit one of each Pokémon
|rule|Item Clause: Limit 1 of each item
|clearpoke
|poke|p1|Miraidon, L50|
|poke|p1|Lunala, L50|
|poke|p1|Sinistcha-Masterpiece, L50|
|poke|p1|Sneasler, L50, F|
|poke|p1|Whimsicott, L50, M|
|poke|p1|Incineroar, L50, F|
|poke|p2|Incineroar, L50, M|
|poke|p2|Amoonguss, L50, F|
|poke|p2|Flutter Mane, L50|
|poke|p2|Terapagos, L50, M|
|poke|p2|Calyrex-Shadow, L50|
|poke|p2|Rillaboom, L50, M|
|teampreview|4
|
|t:|1750880959
|start
|switch|p1a: Miraidon|Miraidon, L50|100/100
|switch|p1b: Sneasler|Sneasler, L50, F|100/100
|switch|p2a: Incineroar|Incineroar, L50, M|100/100
|switch|p2b: Terapagos|Terapagos, L50, M|100/100
|-activate|p2b: Terapagos|ability: Tera Shift
|detailschange|p2b: Terapagos|Terapagos-Terastal, L50, M
|-heal|p2b: Terapagos|100/100|[silent]
|-fieldstart|move: Electric Terrain|[from] ability: Hadron Engine|[of] p1a: Miraidon
|-enditem|p1b: Sneasler|Electric Seed
|-boost|p1b: Sneasler|def|1|[from] item: Electric Seed
|-ability|p2a: Incineroar|Intimidate|boost
|-unboost|p1a: Miraidon|atk|1
|-unboost|p1b: Sneasler|atk|1
|turn|1
|
|t:|1750880983
|move|p2b: Terapagos|Protect|p2b: Terapagos
|-singleturn|p2b: Terapagos|Protect
|move|p1b: Sneasler|Fake Out|p2a: Incineroar
|-crit|p2a: Incineroar
|-damage|p2a: Incineroar|86/100
|move|p1a: Miraidon|Electro Drift|p2b: Terapagos
|-activate|p2b: Terapagos|move: Protect
|cant|p2a: Incineroar|flinch
|
|upkeep
|turn|2
|
|t:|1750881005
|switch|p2b: Amoonguss|Amoonguss, L50, F|100/100
|move|p1b: Sneasler|Dire Claw|p2a: Incineroar
|-crit|p2a: Incineroar
|-damage|p2a: Incineroar|38/100
|-status|p2a: Incineroar|par
|move|p1a: Miraidon|Electro Drift|p2b: Amoonguss
|-resisted|p2b: Amoonguss
|-damage|p2b: Amoonguss|34/100
|-damage|p1a: Miraidon|84/100|[from] item: Rocky Helmet|[of] p2b: Amoonguss
|move|p2a: Incineroar|Parting Shot|p1a: Miraidon
|-unboost|p1a: Miraidon|atk|1
|-unboost|p1a: Miraidon|spa|1
|
|t:|1750881018
|switch|p2a: Terapagos|Terapagos-Terastal, L50, M|100/100|[from] Parting Shot
|
|upkeep
|turn|3
|
|t:|1750881033
|switch|p1a: Incineroar|Incineroar, L50, F|100/100
|-ability|p1a: Incineroar|Intimidate|boost
|-unboost|p2a: Terapagos|atk|1
|-unboost|p2b: Amoonguss|atk|1
|-terastallize|p2a: Terapagos|Stellar
|detailschange|p2a: Terapagos|Terapagos-Stellar, L50, M, tera:Stellar
|-heal|p2a: Terapagos|100/100|[silent]
|-ability|p2a: Terapagos|Teraform Zero
|-fieldend|move: Electric Terrain
|move|p2b: Amoonguss|Rage Powder|p2b: Amoonguss
|-singleturn|p2b: Amoonguss|move: Rage Powder
|move|p1b: Sneasler|Throat Chop|p2b: Amoonguss
|-damage|p2b: Amoonguss|18/100
|-start|p2b: Amoonguss|Throat Chop|[silent]
|-damage|p1b: Sneasler|84/100|[from] item: Rocky Helmet|[of] p2b: Amoonguss
|move|p2a: Terapagos|Tera Starstorm|p1a: Incineroar|[spread] p1a,p1b
|-damage|p1a: Incineroar|70/100
|-damage|p1b: Sneasler|37/100
|
|upkeep
|turn|4
|
|t:|1750881060
|move|p1a: Incineroar|Fake Out|p2b: Amoonguss
|-damage|p2b: Amoonguss|10/100
|-damage|p1a: Incineroar|53/100|[from] item: Rocky Helmet|[of] p2b: Amoonguss
|cant|p2b: Amoonguss|flinch
|move|p1b: Sneasler|Close Combat|p2a: Terapagos
|-supereffective|p2a: Terapagos
|-damage|p2a: Terapagos|44/100
|-unboost|p1b: Sneasler|def|1
|-unboost|p1b: Sneasler|spd|1
|move|p2a: Terapagos|Calm Mind|p2a: Terapagos
|-boost|p2a: Terapagos|spa|1
|-boost|p2a: Terapagos|spd|1
|
|-heal|p2a: Terapagos|51/100|[from] item: Leftovers
|-end|p2b: Amoonguss|Throat Chop|[silent]
|upkeep
|turn|5
|
|t:|1750881086
|move|p2b: Amoonguss|Rage Powder|p2b: Amoonguss
|-singleturn|p2b: Amoonguss|move: Rage Powder
|move|p1b: Sneasler|Close Combat|p2b: Amoonguss
|-resisted|p2b: Amoonguss
|-damage|p2b: Amoonguss|0 fnt
|-unboost|p1b: Sneasler|def|1
|-unboost|p1b: Sneasler|spd|1
|-damage|p1b: Sneasler|20/100|[from] item: Rocky Helmet|[of] p2b: Amoonguss
|faint|p2b: Amoonguss
|move|p2a: Terapagos|Tera Starstorm|p1a: Incineroar|[spread] p1a,p1b
|-damage|p1a: Incineroar|8/100
|-damage|p1b: Sneasler|0 fnt
|faint|p1b: Sneasler
|move|p1a: Incineroar|Knock Off|p2a: Terapagos
|-damage|p2a: Terapagos|28/100
|-enditem|p2a: Terapagos|Leftovers|[from] move: Knock Off|[of] p1a: Incineroar
|
|upkeep
|
|t:|1750881104
|switch|p1b: Lunala|Lunala, L50|100/100
|switch|p2b: Incineroar|Incineroar, L50, M|38/100 par
|-ability|p2b: Incineroar|Intimidate|boost
|-unboost|p1a: Incineroar|atk|1
|-unboost|p1b: Lunala|atk|1
|turn|6
|
|t:|1750881152
|move|p2a: Terapagos|Protect|p2a: Terapagos
|-singleturn|p2a: Terapagos|Protect
|move|p1b: Lunala|Moonblast|p2a: Terapagos
|-activate|p2a: Terapagos|move: Protect
|move|p1a: Incineroar|Will-O-Wisp|p2a: Terapagos
|-activate|p2a: Terapagos|move: Protect
|cant|p2b: Incineroar|par
|
|upkeep
|turn|7
|
|t:|1750881170
|switch|p2a: Calyrex|Calyrex-Shadow, L50|100/100
|-ability|p2a: Calyrex|As One
|-ability|p2a: Calyrex|Unnerve
|move|p1b: Lunala|Moonblast|p2a: Calyrex
|-damage|p2a: Calyrex|62/100
|-unboost|p2a: Calyrex|spa|1
|move|p1a: Incineroar|Will-O-Wisp|p2a: Calyrex
|-status|p2a: Calyrex|brn
|move|p2b: Incineroar|Knock Off|p1b: Lunala
|-supereffective|p1b: Lunala
|-damage|p1b: Lunala|50/100
|-enditem|p1b: Lunala|Leftovers|[from] move: Knock Off|[of] p2b: Incineroar
|
|-damage|p2a: Calyrex|56/100 brn|[from] brn
|upkeep
|turn|8
|
|t:|1750881199
|move|p2a: Calyrex|Protect|p2a: Calyrex
|-singleturn|p2a: Calyrex|Protect
|move|p1b: Lunala|Wide Guard|p1b: Lunala
|-singleturn|p1b: Lunala|Wide Guard
|move|p1a: Incineroar|Knock Off|p2a: Calyrex
|-activate|p2a: Calyrex|move: Protect
|move|p2b: Incineroar|Knock Off|p1b: Lunala
|-supereffective|p1b: Lunala
|-damage|p1b: Lunala|0 fnt
|faint|p1b: Lunala
|
|-damage|p2a: Calyrex|50/100 brn|[from] brn
|upkeep
|
|t:|1750881213
|switch|p1b: Miraidon|Miraidon, L50|84/100
|-fieldstart|move: Electric Terrain|[from] ability: Hadron Engine|[of] p1b: Miraidon
|turn|9
|
|t:|1750881225
|switch|p2a: Terapagos|Terapagos-Stellar, L50, M, tera:Stellar|28/100
|-terastallize|p1b: Miraidon|Fairy
|move|p1b: Miraidon|Electro Drift|p2b: Incineroar
|-damage|p2b: Incineroar|0 fnt
|faint|p2b: Incineroar
|move|p1a: Incineroar|Knock Off|p2a: Terapagos
|-damage|p2a: Terapagos|18/100
|
|upkeep
|
|t:|1750881231
|switch|p2b: Calyrex|Calyrex-Shadow, L50|50/100 brn
|-ability|p2b: Calyrex|As One
|-ability|p2b: Calyrex|Unnerve
|turn|10
|
|t:|1750881247
|move|p2b: Calyrex|Astral Barrage|p1b: Miraidon|[spread] p1a,p1b
|-resisted|p1a: Incineroar
|-damage|p1a: Incineroar|0 fnt
|-damage|p1b: Miraidon|22/100
|faint|p1a: Incineroar
|-ability|p2b: Calyrex|Grim Neigh|boost
|-boost|p2b: Calyrex|spa|1
|-damage|p2b: Calyrex|40/100 brn|[from] item: Life Orb
|move|p1b: Miraidon|Electro Drift|p2a: Terapagos
|-damage|p2a: Terapagos|0 fnt
|faint|p2a: Terapagos
|detailschange|p2: Terapagos|Terapagos, L50, M|[silent]
|
|-damage|p2b: Calyrex|34/100 brn|[from] brn
|upkeep
|turn|11
|
|t:|1750881263
|move|p2b: Calyrex|Astral Barrage|p1b: Miraidon
|-damage|p1b: Miraidon|0 fnt
|faint|p1b: Miraidon
|-damage|p2b: Calyrex|24/100 brn|[from] item: Life Orb
|
|win|Spookidirge
|raw|ducky_14236's rating: 1117 &rarr; <strong>1093</strong><br />(-24 for losing)
|raw|Spookidirge's rating: 1134 &rarr; <strong>1158</strong><br />(+24 for winning)
