|j|☆bman311
|j|☆TheOneAndoNlyChat
|t:|1750823514
|gametype|doubles
|player|p1|bman311|elesa-masters|
|player|p2|TheOneAndoNlyChat|101|
|teamsize|p1|6
|teamsize|p2|6
|gen|9
|tier|[Gen 9] VGC 2025 Reg I
|rated|Tournament battle
|rule|Species Clause: Limit one of each Pokémon
|rule|Item Clause: Limit 1 of each item
|raw|<div class="infobox"><details class="readmore" open><summary><strong>2 custom rules:</strong></summary> Force Open Team Sheets, !Open Team Sheets</details></div>
|clearpoke
|poke|p1|Miraidon, L50|
|poke|p1|Lunala, L50|
|poke|p1|Incineroar, L50, M|
|poke|p1|Ursaluna, L50, F|
|poke|p1|Urshifu-*, L50, F|
|poke|p1|Whimsicott, L50, M|
|poke|p2|Ho-Oh, L50|
|poke|p2|Terapagos, L50, M|
|poke|p2|Smeargle, L50, F|
|poke|p2|Iron Hands, L50|
|poke|p2|Ogerpon-Wellspring, L50, F|
|poke|p2|Landorus, L50, M|
|teampreview|4
|showteam|p1|Miraidon||ChoiceSpecs|HadronEngine|ElectroDrift,DracoMeteor,DazzlingGleam,VoltSwitch||||||50|,,,,,Fairy]Lunala||ElectricSeed|ShadowShield|MoongeistBeam,Moonblast,WideGuard,TrickRoom||||||50|,,,,,Fairy]Incineroar||AssaultVest|Intimidate|FakeOut,FlareBlitz,KnockOff,Uturn|||M|||50|,,,,,Bug]Ursaluna||FlameOrb|Guts|Facade,HeadlongRush,Earthquake,Protect|||F|||50|,,,,,Ghost]Urshifu-Rapid-Strike||ChoiceBand|UnseenFist|SurgingStrikes,CloseCombat,AquaJet,Uturn|||F|||50|,,,,,Ghost]Whimsicott||CovertCloak|Prankster|Tailwind,Moonblast,LightScreen,Encore|||M|||50|,,,,,Water
|showteam|p2|Ho-Oh||RockyHelmet|Regenerator|SacredFire,BraveBird,Tailwind,Protect||||||50|,,,,,Grass]Terapagos||ChoiceSpecs|TeraShift|TeraStarstorm,EarthPower,DarkPulse,Flamethrower|||M|||50|,,,,,Stellar]Smeargle||FocusSash|Moody|FakeOut,Spore,Decorate,FollowMe|||F|||50|,,,,,Ghost]Iron Hands||AssaultVest|QuarkDrive|FakeOut,DrainPunch,WildCharge,LowKick||||||50|,,,,,Grass]Ogerpon-Wellspring||WellspringMask|WaterAbsorb|IvyCudgel,WoodHammer,FollowMe,SpikyShield|||F|||50|,,,,,Water]Landorus||LifeOrb|SheerForce|SandsearStorm,EarthPower,SludgeBomb,Protect|||M|||50|,,,,,Steel
|inactive|Battle timer is ON: inactive players will automatically lose when time's up. (requested by bman311)
|j| Ismael Reina Jr.
|j| eriksp9
|j| Ducktile
|j| empm
|j| practicesemijrlman
|j| a2
|j| Tg511
|inactive|bman311 has 60 seconds left.
|inactive|TheOneAndoNlyChat has 60 seconds left.
|c| empm|wait so the guy named "pagos is trash" lost to pagos?
|j| fudii
|j| Indigo flask
|c| empm|crazy
|c| Ducktile|he was dq-ed
|j| imgoldshark07
|c|☆TheOneAndoNlyChat|yeah
|c| eriksp9|let's go theoneandonlychat 🙌
|c| Indigo flask|Ironic
|c| fudii|lol
|c|☆TheOneAndoNlyChat|:3
|c| Indigo flask|Egg
|inactive|bman311 has 30 seconds left.
|c| a2|"Pagos is garbage" actually
|
|t:|1750823581
|start
|switch|p1a: Lunala|Lunala, L50|100/100
|switch|p1b: Whimsicott|Whimsicott, L50, M|100/100
|switch|p2a: Cabbage|Terapagos, L50, M|100/100
|switch|p2b: John Adams|Smeargle, L50, F|100/100
|-activate|p2a: Cabbage|ability: Tera Shift
|detailschange|p2a: Cabbage|Terapagos-Terastal, L50, M
|-heal|p2a: Cabbage|100/100|[silent]
|turn|1
|l| fudii
|j| fudii
|l| fudii
|c| Indigo flask|Thats my lead too
|inactive|bman311 has 30 seconds left.
|c| Indigo flask|But my smeargke is scarfed
|
|t:|1750823616
|-terastallize|p2a: Cabbage|Stellar
|detailschange|p2a: Cabbage|Terapagos-Stellar, L50, M, tera:Stellar
|-heal|p2a: Cabbage|100/100|[silent]
|move|p1a: Lunala|Wide Guard|p1a: Lunala
|-singleturn|p1a: Lunala|Wide Guard
|move|p1b: Whimsicott|Light Screen|p1b: Whimsicott
|-sidestart|p1: bman311|move: Light Screen
|move|p2b: John Adams|Spore|p1a: Lunala
|-status|p1a: Lunala|slp|[from] move: Spore
|move|p2a: Cabbage|Tera Starstorm|p1a: Lunala|[spread] 
|-activate|p1a: Lunala|move: Wide Guard
|-activate|p1b: Whimsicott|move: Wide Guard
|
|-ability|p2b: John Adams|Moody|boost
|-boost|p2b: John Adams|spe|2
|-unboost|p2b: John Adams|atk|1
|upkeep
|turn|2
|c| empm|speed boost is crazy
|inactive|TheOneAndoNlyChat has 30 seconds left.
|inactive|bman311 has 30 seconds left.
|inactive|TheOneAndoNlyChat has 20 seconds left.
|inactive|TheOneAndoNlyChat has 15 seconds left.
|inactive|bman311 has 20 seconds left.
|inactive|TheOneAndoNlyChat has 10 seconds left.
|inactive|bman311 has 15 seconds left.
|
|t:|1750823669
|switch|p2b: Big Bird|Ho-Oh, L50|100/100
|cant|p1a: Lunala|slp
|move|p1b: Whimsicott|Encore||[still]
|-fail|p1b: Whimsicott
|move|p2a: Cabbage|Tera Starstorm|p1b: Whimsicott|[spread] p1a,p1b
|-damage|p1a: Lunala|87/100 slp
|-damage|p1b: Whimsicott|57/100
|
|upkeep
|turn|3
|
|t:|1750823686
|move|p1b: Whimsicott|Tailwind|p1b: Whimsicott
|-sidestart|p1: bman311|move: Tailwind
|cant|p1a: Lunala|slp
|move|p2a: Cabbage|Tera Starstorm|p1b: Whimsicott|[spread] p1a,p1b
|-damage|p1a: Lunala|58/100 slp
|-damage|p1b: Whimsicott|14/100
|move|p2b: Big Bird|Brave Bird|p1a: Lunala
|-damage|p1a: Lunala|21/100 slp
|-damage|p2b: Big Bird|87/100|[from] Recoil
|
|upkeep
|turn|4
|
|t:|1750823703
|switch|p1b: Miraidon|Miraidon, L50|100/100
|-fieldstart|move: Electric Terrain|[from] ability: Hadron Engine|[of] p1b: Miraidon
|-enditem|p1a: Lunala|Electric Seed
|-boost|p1a: Lunala|def|1|[from] item: Electric Seed
|cant|p1a: Lunala|slp
|move|p2a: Cabbage|Tera Starstorm|p1a: Lunala|[spread] p1a,p1b
|-damage|p1a: Lunala|0 fnt
|-damage|p1b: Miraidon|63/100
|faint|p1a: Lunala
|move|p2b: Big Bird|Tailwind|p2b: Big Bird
|-sidestart|p2: TheOneAndoNlyChat|move: Tailwind
|
|upkeep
|j| sheepie_sheep
|j| Iamsliverfish
|
|t:|1750823716
|switch|p1a: Whimsicott|Whimsicott, L50, M|14/100
|turn|5
|
|t:|1750823723
|move|p2b: Big Bird|Protect|p2b: Big Bird
|-singleturn|p2b: Big Bird|Protect
|move|p1a: Whimsicott|Encore|p2b: Big Bird
|-activate|p2b: Big Bird|move: Protect
|move|p1b: Miraidon|Electro Drift|p2a: Cabbage
|-damage|p2a: Cabbage|3/100
|move|p2a: Cabbage|Tera Starstorm|p1a: Whimsicott|[spread] p1a,p1b
|-damage|p1a: Whimsicott|0 fnt
|-damage|p1b: Miraidon|30/100
|faint|p1a: Whimsicott
|
|-sideend|p1: bman311|move: Light Screen
|upkeep
|
|t:|1750823730
|switch|p1a: Urshifu|Urshifu-Rapid-Strike, L50, F|100/100
|turn|6
|
|t:|1750823745
|switch|p2a: Big Tony|Iron Hands, L50|100/100
|-activate|p2a: Big Tony|ability: Quark Drive
|-start|p2a: Big Tony|quarkdriveatk
|switch|p2b: John Adams|Smeargle, L50, F|100/100
|move|p1b: Miraidon|Electro Drift|p2b: John Adams
|-enditem|p2b: John Adams|Focus Sash
|-damage|p2b: John Adams|1/100
|move|p1a: Urshifu|Surging Strikes|p2a: Big Tony
|-crit|p2a: Big Tony
|-damage|p2a: Big Tony|76/100
|-crit|p2a: Big Tony
|-damage|p2a: Big Tony|52/100
|-crit|p2a: Big Tony
|-damage|p2a: Big Tony|30/100
|-hitcount|p2a: Big Tony|3
|
|-sideend|p1: bman311|move: Tailwind
|-ability|p2b: John Adams|Moody|boost
|-boost|p2b: John Adams|spd|2
|-unboost|p2b: John Adams|def|1
|upkeep
|turn|7
|inactive|bman311 has 30 seconds left.
|inactive|TheOneAndoNlyChat has 30 seconds left.
|
|t:|1750823775
|-terastallize|p1a: Urshifu|Ghost
|move|p2b: John Adams|Follow Me|p2b: John Adams
|-singleturn|p2b: John Adams|move: Follow Me
|move|p1b: Miraidon|Electro Drift|p2b: John Adams
|-damage|p2b: John Adams|0 fnt
|faint|p2b: John Adams
|move|p2a: Big Tony|Wild Charge|p1a: Urshifu
|-damage|p1a: Urshifu|11/100
|-damage|p2a: Big Tony|13/100|[from] Recoil
|move|p1a: Urshifu|Surging Strikes|p2a: Big Tony
|-crit|p2a: Big Tony
|-damage|p2a: Big Tony|0 fnt
|faint|p2a: Big Tony
|-end|p2a: Big Tony|Quark Drive|[silent]
|-hitcount|p2: Big Tony|1
|
|-sideend|p2: TheOneAndoNlyChat|move: Tailwind
|upkeep
|
|t:|1750823781
|switch|p2b: Big Bird|Ho-Oh, L50|100/100
|switch|p2a: Cabbage|Terapagos-Stellar, L50, M, tera:Stellar|3/100
|turn|8
|c|☆TheOneAndoNlyChat|I threw
|c|☆TheOneAndoNlyChat|lol
|l| Ducktile
|l| imgoldshark07
|c|☆TheOneAndoNlyChat|ggwp
|j| imgoldshark07
|inactive|bman311 has 30 seconds left.
|inactive|TheOneAndoNlyChat has 30 seconds left.
|c| Iamsliverfish|ggducktile
|
|t:|1750823815
|move|p1b: Miraidon|Electro Drift|p2b: Big Bird
|-supereffective|p2b: Big Bird
|-damage|p2b: Big Bird|0 fnt
|-damage|p1b: Miraidon|13/100|[from] item: Rocky Helmet|[of] p2b: Big Bird
|faint|p2b: Big Bird
|move|p1a: Urshifu|Surging Strikes|p2a: Cabbage
|-crit|p2a: Cabbage
|-damage|p2a: Cabbage|0 fnt
|faint|p2a: Cabbage
|detailschange|p2: Cabbage|Terapagos, L50, M|[silent]
|-hitcount|p2: Cabbage|1
|
|win|bman311
|n|☆bman311|bman311
|n|☆TheOneAndoNlyChat|theoneandonlychat
|n| Ismael Reina Jr.|ismaelreinajr
|n| eriksp9|eriksp9
|n| empm|empm
|n| practicesemijrlman|practicesemijrlman
|n| a2|a2
|n| Tg511|tg511
|n| Indigo flask|indigoflask
|n| sheepie_sheep|sheepiesheep
|n| Iamsliverfish|iamsliverfish
|n| imgoldshark07|imgoldshark07
