|j|☆go0bler
|j|☆column11
|t:|1750741317
|gametype|doubles
|player|p1|go0bler|170|1348
|player|p2|column11|ninjaboy|1356
|teamsize|p1|6
|teamsize|p2|6
|gen|9
|tier|[Gen 9] VGC 2025 Reg I
|rated|
|rule|Species Clause: Limit one of each Pokémon
|rule|Item Clause: Limit 1 of each item
|clearpoke
|poke|p1|Miraidon, L50|
|poke|p1|Terapagos, L50, M|
|poke|p1|Incineroar, L50, M|
|poke|p1|Sinistcha, L50|
|poke|p1|Urshifu-*, L50, F|
|poke|p1|Iron Treads, L50|
|poke|p2|Clefairy, L50, F|
|poke|p2|Rillaboom, L50, M|
|poke|p2|Grimmsnarl, L50, M|
|poke|p2|Iron Jugulis, L50|
|poke|p2|Calyrex-Shadow, L50|
|poke|p2|Zamazenta-*, L50|
|teampreview|4
|inactive|Battle timer is ON: inactive players will automatically lose when time's up. (requested by go0bler)
|inactive|column11 has 60 seconds left.
|l|☆go0bler
|inactive|go0bler disconnected and has a minute to reconnect!
|player|p1|
|inactive|column11 has 30 seconds left.
|j|☆go0bler
|inactive|go0bler reconnected.
|player|p1|go0bler|170|
|inactive|column11 has 20 seconds left.
|inactive|column11 has 15 seconds left.
|inactive|column11 has 10 seconds left.
|
|t:|1750741413
|start
|switch|p1a: Terapagos|Terapagos, L50, M|100/100
|switch|p1b: Incineroar|Incineroar, L50, M|100/100
|switch|p2a: Zamazenta|Zamazenta-Crowned, L50, shiny|100/100
|switch|p2b: Grimmsnarl|Grimmsnarl, L50, M, shiny|100/100
|-activate|p1a: Terapagos|ability: Tera Shift
|detailschange|p1a: Terapagos|Terapagos-Terastal, L50, M
|-heal|p1a: Terapagos|100/100|[silent]
|-ability|p2a: Zamazenta|Dauntless Shield|boost
|-boost|p2a: Zamazenta|def|1
|-ability|p1b: Incineroar|Intimidate|boost
|-unboost|p2a: Zamazenta|atk|1
|-unboost|p2b: Grimmsnarl|atk|1
|turn|1
|
|t:|1750741434
|switch|p1a: Miraidon|Miraidon, L50|100/100
|-fieldstart|move: Electric Terrain|[from] ability: Hadron Engine|[of] p1a: Miraidon
|move|p2b: Grimmsnarl|Fake Out|p1a: Miraidon
|-damage|p1a: Miraidon|94/100
|move|p2a: Zamazenta|Body Press|p1b: Incineroar
|-supereffective|p1b: Incineroar
|-damage|p1b: Incineroar|0 fnt
|-damage|p2a: Zamazenta|84/100|[from] item: Rocky Helmet|[of] p1b: Incineroar
|faint|p1b: Incineroar
|
|upkeep
|
|t:|1750741446
|switch|p1b: Sinistcha|Sinistcha, L50|100/100
|-heal|p1a: Miraidon|100/100|[from] ability: Hospitality|[of] p1b: Sinistcha
|turn|2
|
|t:|1750741462
|switch|p1b: Terapagos|Terapagos-Terastal, L50, M|100/100
|-enditem|p1b: Terapagos|Electric Seed
|-boost|p1b: Terapagos|def|1|[from] item: Electric Seed
|-terastallize|p2a: Zamazenta|Grass
|move|p2b: Grimmsnarl|Parting Shot|p1a: Miraidon
|-unboost|p1a: Miraidon|atk|1
|-unboost|p1a: Miraidon|spa|1
|
|t:|1750741471
|switch|p2b: Rillaboom|Rillaboom, L50, M, shiny|100/100|[from] Parting Shot
|-fieldstart|move: Grassy Terrain|[from] ability: Grassy Surge|[of] p2b: Rillaboom
|move|p2a: Zamazenta|Body Press|p1a: Miraidon
|-damage|p1a: Miraidon|51/100
|move|p1a: Miraidon|Electro Drift|p2a: Zamazenta
|-resisted|p2a: Zamazenta
|-damage|p2a: Zamazenta|70/100
|
|-heal|p2a: Zamazenta|76/100|[from] Grassy Terrain
|-heal|p1a: Miraidon|57/100|[from] Grassy Terrain
|upkeep
|turn|3
|
|t:|1750741492
|switch|p1b: Sinistcha|Sinistcha, L50|100/100
|-heal|p1a: Miraidon|81/100|[from] ability: Hospitality|[of] p1b: Sinistcha
|move|p2b: Rillaboom|Fake Out|p1b: Sinistcha
|-immune|p1b: Sinistcha
|move|p2a: Zamazenta|Body Press|p1b: Sinistcha
|-immune|p1b: Sinistcha
|move|p1a: Miraidon|Volt Switch|p2a: Zamazenta
|-resisted|p2a: Zamazenta
|-damage|p2a: Zamazenta|66/100
|
|t:|1750741504
|switch|p1a: Terapagos|Terapagos-Terastal, L50, M|100/100|[from] Volt Switch
|
|-heal|p2a: Zamazenta|72/100|[from] Grassy Terrain
|upkeep
|turn|4
|inactive|column11 has 30 seconds left.
|inactive|column11 has 20 seconds left.
|inactive|column11 has 15 seconds left.
|inactive|column11 has 10 seconds left.
|inactive|column11 has 5 seconds left.
|
|t:|1750741559
|move|p1b: Sinistcha|Rage Powder|p1b: Sinistcha
|-singleturn|p1b: Sinistcha|move: Rage Powder
|move|p2a: Zamazenta|Body Press|p1a: Terapagos
|-activate|p1a: Terapagos|ability: Tera Shell
|-resisted|p1a: Terapagos
|-damage|p1a: Terapagos|72/100
|move|p1a: Terapagos|Calm Mind|p1a: Terapagos
|-boost|p1a: Terapagos|spa|1
|-boost|p1a: Terapagos|spd|1
|move|p2b: Rillaboom|Drum Beating|p1b: Sinistcha
|-resisted|p1b: Sinistcha
|-damage|p1b: Sinistcha|75/100
|-unboost|p1b: Sinistcha|spe|1
|
|-heal|p2a: Zamazenta|78/100|[from] Grassy Terrain
|-heal|p1a: Terapagos|78/100|[from] Grassy Terrain
|-heal|p1b: Sinistcha|81/100|[from] Grassy Terrain
|upkeep
|turn|5
|
|t:|1750741581
|switch|p1b: Miraidon|Miraidon, L50|81/100
|-fieldstart|move: Electric Terrain|[from] ability: Hadron Engine|[of] p1b: Miraidon
|move|p1a: Terapagos|Protect|p1a: Terapagos
|-singleturn|p1a: Terapagos|Protect
|move|p2a: Zamazenta|Body Press|p1a: Terapagos
|-activate|p1a: Terapagos|move: Protect
|move|p2b: Rillaboom|Grassy Glide|p1a: Terapagos
|-activate|p1a: Terapagos|move: Protect
|
|upkeep
|turn|6
|inactive|go0bler has 30 seconds left.
|inactive|column11 has 30 seconds left.
|inactive|column11 has 20 seconds left.
|inactive|column11 has 15 seconds left.
|inactive|column11 has 10 seconds left.
|inactive|column11 has 5 seconds left.
|
|t:|1750741636
|switch|p1b: Sinistcha|Sinistcha, L50|81/100
|-heal|p1a: Terapagos|100/100|[from] ability: Hospitality|[of] p1b: Sinistcha
|-terastallize|p1a: Terapagos|Stellar
|detailschange|p1a: Terapagos|Terapagos-Stellar, L50, M, tera:Stellar
|-heal|p1a: Terapagos|100/100|[silent]
|-ability|p1a: Terapagos|Teraform Zero
|-fieldend|move: Electric Terrain
|move|p2a: Zamazenta|Body Press|p1a: Terapagos
|-supereffective|p1a: Terapagos
|-damage|p1a: Terapagos|17/100
|move|p1a: Terapagos|Tera Starstorm|p2b: Rillaboom|[spread] p2a,p2b
|-supereffective|p2a: Zamazenta
|-damage|p2a: Zamazenta|0 fnt
|-damage|p2b: Rillaboom|59/100
|faint|p2a: Zamazenta
|move|p2b: Rillaboom|Drum Beating|p1b: Sinistcha
|-resisted|p1b: Sinistcha
|-damage|p1b: Sinistcha|62/100
|-unboost|p1b: Sinistcha|spe|1
|
|upkeep
|inactive|column11 has 30 seconds left.
|inactive|column11 has 20 seconds left.
|
|t:|1750741673
|switch|p2a: Grimmsnarl|Grimmsnarl, L50, M, shiny|100/100
|turn|7
|
|t:|1750741684
|switch|p1b: Miraidon|Miraidon, L50|81/100
|-fieldstart|move: Electric Terrain|[from] ability: Hadron Engine|[of] p1b: Miraidon
|move|p1a: Terapagos|Protect|p1a: Terapagos
|-singleturn|p1a: Terapagos|Protect
|move|p2a: Grimmsnarl|Thunder Wave|p1b: Miraidon
|-immune|p1b: Miraidon
|move|p2b: Rillaboom|Drum Beating|p1a: Terapagos
|-activate|p1a: Terapagos|move: Protect
|
|upkeep
|turn|8
|inactive|column11 has 30 seconds left.
|
|t:|1750741709
|switch|p2b: Calyrex|Calyrex-Shadow, L50|100/100
|-ability|p2b: Calyrex|As One
|-ability|p2b: Calyrex|Unnerve
|move|p2a: Grimmsnarl|Parting Shot|p1a: Terapagos
|-unboost|p1a: Terapagos|atk|1
|-unboost|p1a: Terapagos|spa|1
|
|t:|1750741711
|switch|p2a: Rillaboom|Rillaboom, L50, M, shiny|59/100|[from] Parting Shot
|-fieldstart|move: Grassy Terrain|[from] ability: Grassy Surge|[of] p2a: Rillaboom
|move|p1b: Miraidon|Volt Switch|p2a: Rillaboom
|-resisted|p2a: Rillaboom
|-damage|p2a: Rillaboom|47/100
|
|t:|1750741725
|switch|p1b: Sinistcha|Sinistcha, L50|62/100|[from] Volt Switch
|-heal|p1a: Terapagos|42/100|[from] ability: Hospitality|[of] p1b: Sinistcha
|move|p1a: Terapagos|Tera Starstorm|p2a: Rillaboom|[spread] p2a,p2b
|-damage|p2a: Rillaboom|19/100
|-damage|p2b: Calyrex|63/100
|
|-heal|p2b: Calyrex|68/100|[from] Grassy Terrain
|-heal|p1a: Terapagos|48/100|[from] Grassy Terrain
|-heal|p2a: Rillaboom|25/100|[from] Grassy Terrain
|-heal|p1b: Sinistcha|68/100|[from] Grassy Terrain
|upkeep
|turn|9
|
|t:|1750741744
|switch|p1b: Miraidon|Miraidon, L50|81/100
|-fieldstart|move: Electric Terrain|[from] ability: Hadron Engine|[of] p1b: Miraidon
|move|p2a: Rillaboom|Fake Out|p1a: Terapagos
|-damage|p1a: Terapagos|39/100
|move|p2b: Calyrex|Astral Barrage|p1a: Terapagos|[spread] p1b
|-immune|p1a: Terapagos
|-damage|p1b: Miraidon|54/100
|cant|p1a: Terapagos|flinch
|
|upkeep
|turn|10
|inactive|go0bler has 30 seconds left.
|inactive|go0bler has 20 seconds left.
|
|t:|1750741779
|switch|p2a: Grimmsnarl|Grimmsnarl, L50, M, shiny|100/100
|move|p2b: Calyrex|Protect|p2b: Calyrex
|-singleturn|p2b: Calyrex|Protect
|move|p1a: Terapagos|Protect|p1a: Terapagos
|-singleturn|p1a: Terapagos|Protect
|move|p1b: Miraidon|Snarl|p2a: Grimmsnarl|[spread] p2a
|-activate|p2b: Calyrex|move: Protect
|-resisted|p2a: Grimmsnarl
|-damage|p2a: Grimmsnarl|96/100
|-unboost|p2a: Grimmsnarl|spa|1
|
|upkeep
|turn|11
|inactive|go0bler has 30 seconds left.
|inactive|column11 has 30 seconds left.
|
|t:|1750741812
|switch|p1b: Sinistcha|Sinistcha, L50|68/100
|-heal|p1a: Terapagos|64/100|[from] ability: Hospitality|[of] p1b: Sinistcha
|move|p2b: Calyrex|Astral Barrage|p1a: Terapagos|[spread] p1b
|-immune|p1a: Terapagos
|-supereffective|p1b: Sinistcha
|-damage|p1b: Sinistcha|0 fnt
|faint|p1b: Sinistcha
|-ability|p2b: Calyrex|Grim Neigh|boost
|-boost|p2b: Calyrex|spa|1
|move|p1a: Terapagos|Tera Starstorm|p2a: Grimmsnarl|[spread] p2a,p2b
|-damage|p2a: Grimmsnarl|56/100
|-damage|p2b: Calyrex|30/100
|move|p2a: Grimmsnarl|Spirit Break|p1a: Terapagos
|-damage|p1a: Terapagos|42/100
|-unboost|p1a: Terapagos|spa|1
|
|upkeep
|
|t:|1750741818
|switch|p1b: Miraidon|Miraidon, L50|54/100
|-activate|p1b: Miraidon|ability: Hadron Engine
|turn|12
|
|t:|1750741828
|move|p2b: Calyrex|Protect|p2b: Calyrex
|-singleturn|p2b: Calyrex|Protect
|move|p2a: Grimmsnarl|Parting Shot|p1a: Terapagos
|-unboost|p1a: Terapagos|atk|1
|-unboost|p1a: Terapagos|spa|1
|
|t:|1750741832
|switch|p2a: Rillaboom|Rillaboom, L50, M, shiny|25/100|[from] Parting Shot
|-fieldstart|move: Grassy Terrain|[from] ability: Grassy Surge|[of] p2a: Rillaboom
|move|p1b: Miraidon|Snarl|p2a: Rillaboom|[spread] p2a
|-activate|p2b: Calyrex|move: Protect
|-damage|p2a: Rillaboom|15/100
|-unboost|p2a: Rillaboom|spa|1
|move|p1a: Terapagos|Tera Starstorm|p2b: Calyrex|[spread] p2a
|-activate|p2b: Calyrex|move: Protect
|-damage|p2a: Rillaboom|2/100
|
|-heal|p2b: Calyrex|36/100|[from] Grassy Terrain
|-heal|p1b: Miraidon|59/100|[from] Grassy Terrain
|-heal|p1a: Terapagos|48/100|[from] Grassy Terrain
|-heal|p2a: Rillaboom|7/100|[from] Grassy Terrain
|upkeep
|turn|13
|
|t:|1750741848
|move|p2a: Rillaboom|Fake Out|p1a: Terapagos
|-damage|p1a: Terapagos|39/100
|move|p2b: Calyrex|Astral Barrage|p1a: Terapagos|[spread] p1b
|-immune|p1a: Terapagos
|-damage|p1b: Miraidon|23/100
|move|p1b: Miraidon|Snarl|p2b: Calyrex|[spread] p2a,p2b
|-supereffective|p2b: Calyrex
|-damage|p2a: Rillaboom|0 fnt
|-damage|p2b: Calyrex|0 fnt
|faint|p2a: Rillaboom
|faint|p2b: Calyrex
|cant|p1a: Terapagos|flinch
|
|-heal|p1b: Miraidon|29/100|[from] Grassy Terrain
|-heal|p1a: Terapagos|45/100|[from] Grassy Terrain
|upkeep
|
|t:|1750741858
|switch|p2b: Grimmsnarl|Grimmsnarl, L50, M, shiny|56/100
|turn|14
|c|☆column11|ohhhh
|c|☆column11|assault vest?
|
|t:|1750741878
|move|p1b: Miraidon|Electro Drift|p2b: Grimmsnarl
|-damage|p2b: Grimmsnarl|1/100
|-enditem|p2b: Grimmsnarl|Sitrus Berry|[eat]
|-heal|p2b: Grimmsnarl|26/100|[from] item: Sitrus Berry
|move|p1a: Terapagos|Tera Starstorm|p2b: Grimmsnarl
|-damage|p2b: Grimmsnarl|0 fnt
|faint|p2b: Grimmsnarl
|
|win|go0bler
|raw|go0bler's rating: 1348 &rarr; <strong>1368</strong><br />(+20 for winning)
|raw|column11's rating: 1356 &rarr; <strong>1336</strong><br />(-20 for losing)
|c|☆go0bler|ya
|l|☆go0bler
|player|p1|
|l|☆column11
|player|p2|
