|j|☆Theproswagonist
|j|☆Unity plays vgc
|t:|1750800780
|gametype|doubles
|player|p1|Theproswagonist|101|1410
|player|p2|Unity plays vgc|caitlin|1373
|teamsize|p1|6
|teamsize|p2|6
|gen|9
|tier|[Gen 9] VGC 2025 Reg I
|rated|
|rule|Species Clause: Limit one of each Pokémon
|rule|Item Clause: Limit 1 of each item
|clearpoke
|poke|p1|Tinkaton, L50, F|
|poke|p1|Kyurem-Black, L50|
|poke|p1|Landorus, L50, M|
|poke|p1|Whimsicott, L50, M|
|poke|p1|Kyogre, L50|
|poke|p1|Urshifu-*, L50, M|
|poke|p2|Calyrex-Shadow, L50|
|poke|p2|Zamazenta-*, L50|
|poke|p2|Urshifu-*, L50, M|
|poke|p2|Incineroar, L50, M|
|poke|p2|Amoonguss, L50, F|
|poke|p2|Tornadus, L50, M|
|teampreview|4
|inactive|Battle timer is ON: inactive players will automatically lose when time's up. (requested by Theproswagonist)
|inactive|Theproswagonist has 60 seconds left.
|inactive|Unity plays vgc has 60 seconds left.
|inactive|Theproswagonist has 30 seconds left.
|inactive|Theproswagonist has 20 seconds left.
|
|t:|1750800851
|start
|switch|p1a: Whimsicott|Whimsicott, L50, M|100/100
|switch|p1b: Kyogre|Kyogre, L50|100/100
|switch|p2a: Zamazenta|Zamazenta-Crowned, L50|100/100
|switch|p2b: Urshifu|Urshifu-Rapid-Strike, L50, M|100/100
|-ability|p2a: Zamazenta|Dauntless Shield|boost
|-boost|p2a: Zamazenta|def|1
|-weather|RainDance|[from] ability: Drizzle|[of] p1b: Kyogre
|turn|1
|inactive|Theproswagonist has 30 seconds left.
|inactive|Unity plays vgc has 30 seconds left.
|inactive|Theproswagonist has 20 seconds left.
|inactive|Theproswagonist has 15 seconds left.
|inactive|Theproswagonist has 10 seconds left.
|inactive|Theproswagonist has 5 seconds left.
|
|t:|1750800903
|-terastallize|p1a: Whimsicott|Dark
|move|p2a: Zamazenta|Wide Guard|p2a: Zamazenta
|-singleturn|p2a: Zamazenta|Wide Guard
|move|p1a: Whimsicott|Tailwind|p1a: Whimsicott
|-sidestart|p1: Theproswagonist|move: Tailwind
|move|p1b: Kyogre|Thunder|p2b: Urshifu
|-supereffective|p2b: Urshifu
|-crit|p2b: Urshifu
|-damage|p2b: Urshifu|4/100
|-status|p2b: Urshifu|par
|move|p2b: Urshifu|Poison Jab|p1a: Whimsicott
|-damage|p1a: Whimsicott|68/100
|
|-weather|RainDance|[upkeep]
|upkeep
|turn|2
|inactive|Theproswagonist has 30 seconds left.
|inactive|Unity plays vgc has 30 seconds left.
|inactive|Unity plays vgc has 20 seconds left.
|inactive|Unity plays vgc has 15 seconds left.
|
|t:|1750800946
|move|p1a: Whimsicott|Encore|p2a: Zamazenta
|-start|p2a: Zamazenta|Encore
|move|p1b: Kyogre|Thunder|p2b: Urshifu
|-supereffective|p2b: Urshifu
|-damage|p2b: Urshifu|0 fnt
|faint|p2b: Urshifu
|move|p2a: Zamazenta|Wide Guard|p2a: Zamazenta
|-singleturn|p2a: Zamazenta|Wide Guard
|
|-weather|RainDance|[upkeep]
|upkeep
|
|t:|1750800963
|switch|p2b: Amoonguss|Amoonguss, L50, F|100/100
|turn|3
|inactive|Theproswagonist has 30 seconds left.
|inactive|Theproswagonist has 20 seconds left.
|
|t:|1750801003
|switch|p1a: Urshifu|Urshifu, L50, M|100/100
|-terastallize|p2b: Amoonguss|Water
|move|p1b: Kyogre|Protect|p1b: Kyogre
|-singleturn|p1b: Kyogre|Protect
|move|p2a: Zamazenta|Wide Guard|p2a: Zamazenta
|-singleturn|p2a: Zamazenta|Wide Guard
|move|p2b: Amoonguss|Spore|p1b: Kyogre
|-activate|p1b: Kyogre|move: Protect
|
|-weather|RainDance|[upkeep]
|upkeep
|turn|4
|inactive|Unity plays vgc has 30 seconds left.
|
|t:|1750801031
|switch|p2a: Calyrex|Calyrex-Shadow, L50|100/100
|-ability|p2a: Calyrex|As One
|-ability|p2a: Calyrex|Unnerve
|move|p1a: Urshifu|Wicked Blow|p2b: Amoonguss
|-crit|p2b: Amoonguss
|-damage|p2b: Amoonguss|48/100
|-damage|p1a: Urshifu|84/100|[from] item: Rocky Helmet|[of] p2b: Amoonguss
|move|p1b: Kyogre|Thunder|p2b: Amoonguss
|-supereffective|p2b: Amoonguss
|-damage|p2b: Amoonguss|0 fnt
|faint|p2b: Amoonguss
|
|-weather|RainDance|[upkeep]
|-sideend|p1: Theproswagonist|move: Tailwind
|upkeep
|
|t:|1750801044
|switch|p2b: Zamazenta|Zamazenta-Crowned, L50|100/100
|turn|5
|inactive|Unity plays vgc has 30 seconds left.
|
|t:|1750801072
|move|p1a: Urshifu|Sucker Punch||[still]
|-fail|p1a: Urshifu
|move|p2a: Calyrex|Nasty Plot|p2a: Calyrex
|-boost|p2a: Calyrex|spa|2
|move|p2b: Zamazenta|Body Press|p1a: Urshifu
|-supereffective|p1a: Urshifu
|-damage|p1a: Urshifu|0 fnt
|faint|p1a: Urshifu
|move|p1b: Kyogre|Origin Pulse|p2b: Zamazenta|[spread] p2a,p2b
|-damage|p2a: Calyrex|13/100
|-damage|p2b: Zamazenta|30/100
|
|-weather|none
|upkeep
|
|t:|1750801090
|switch|p1a: Whimsicott|Whimsicott, L50, M, tera:Dark|68/100
|turn|6
|inactive|Theproswagonist has 30 seconds left.
|inactive|Unity plays vgc has 30 seconds left.
|c|☆Unity plays vgc|Ggwp
|inactive|Theproswagonist has 20 seconds left.
|inactive|Unity plays vgc has 20 seconds left.
|
|t:|1750801127
|move|p1b: Kyogre|Protect|p1b: Kyogre
|-singleturn|p1b: Kyogre|Protect
|move|p1a: Whimsicott|Tailwind|p1a: Whimsicott
|-sidestart|p1: Theproswagonist|move: Tailwind
|move|p2a: Calyrex|Astral Barrage|p1a: Whimsicott|[spread] p1a
|-activate|p1b: Kyogre|move: Protect
|-resisted|p1a: Whimsicott
|-damage|p1a: Whimsicott|0 fnt
|faint|p1a: Whimsicott
|-ability|p2a: Calyrex|Grim Neigh|boost
|-boost|p2a: Calyrex|spa|1
|move|p2b: Zamazenta|Body Press|p1b: Kyogre
|-activate|p1b: Kyogre|move: Protect
|
|upkeep
|
|t:|1750801140
|switch|p1a: Landorus|Landorus, L50, M|100/100
|turn|7
|
|t:|1750801155
|move|p2b: Zamazenta|Wide Guard|p2b: Zamazenta
|-singleturn|p2b: Zamazenta|Wide Guard
|move|p1a: Landorus|Earth Power|p2a: Calyrex
|-damage|p2a: Calyrex|0 fnt
|faint|p2a: Calyrex
|move|p1b: Kyogre|Origin Pulse|p2b: Zamazenta
|-activate|p2b: Zamazenta|move: Wide Guard
|
|upkeep
|turn|8
|c|☆Theproswagonist|ggs
|
|t:|1750801169
|move|p1a: Landorus|Earth Power|p2b: Zamazenta
|-supereffective|p2b: Zamazenta
|-damage|p2b: Zamazenta|0 fnt
|faint|p2b: Zamazenta
|
|win|Theproswagonist
|raw|Theproswagonist's rating: 1410 &rarr; <strong>1428</strong><br />(+18 for winning)
|raw|Unity plays vgc's rating: 1373 &rarr; <strong>1355</strong><br />(-18 for losing)
|l|☆Unity plays vgc
|player|p2|
