|j|☆GGNine9
|j|☆Jetfast6
|t:|1750829640
|gametype|doubles
|player|p1|GGNine9|caitlin|1180
|player|p2|Jetfast6|170|1139
|teamsize|p1|6
|teamsize|p2|6
|gen|9
|tier|[Gen 9] VGC 2025 Reg I
|rated|
|rule|Species Clause: Limit one of each Pokémon
|rule|Item Clause: Limit 1 of each item
|clearpoke
|poke|p1|Miraidon, L50|
|poke|p1|Electabuzz, L50, M|
|poke|p1|Chi-Yu, L50|
|poke|p1|Zamazenta-*, L50|
|poke|p1|Iron Jugulis, L50|
|poke|p1|Ursaluna, L50, F|
|poke|p2|Calyrex-Shadow, L50|
|poke|p2|Incineroar, L50, M|
|poke|p2|Urshifu-*, L50, F|
|poke|p2|Tornadus, L50, M|
|poke|p2|Amoonguss, L50, M|
|poke|p2|Forretress, L50, M|
|teampreview|4
|
|t:|1750829676
|start
|switch|p1a: Electabuzz|Electabuzz, L50, M|100/100
|switch|p1b: Chi-Yu|Chi-Yu, L50|100/100
|switch|p2a: Forretress|Forretress, L50, M, shiny|100/100
|switch|p2b: Incineroar|Incineroar, L50, M|100/100
|-ability|p1b: Chi-Yu|Beads of Ruin
|-ability|p2b: Incineroar|Intimidate|boost
|-unboost|p1a: Electabuzz|atk|1
|-unboost|p1b: Chi-Yu|atk|1
|turn|1
|
|t:|1750829704
|move|p2b: Incineroar|Fake Out|p1b: Chi-Yu
|-damage|p1b: Chi-Yu|84/100
|move|p1a: Electabuzz|Follow Me|p1a: Electabuzz
|-singleturn|p1a: Electabuzz|move: Follow Me
|cant|p1b: Chi-Yu|flinch
|move|p2a: Forretress|Power Trick|p2a: Forretress
|-start|p2a: Forretress|Power Trick
|
|upkeep
|turn|2
|inactive|Battle timer is ON: inactive players will automatically lose when time's up. (requested by GGNine9)
|
|t:|1750829734
|move|p1b: Chi-Yu|Heat Wave|p2a: Forretress|[spread] p2a
|-miss|p1b: Chi-Yu|p2b: Incineroar
|-supereffective|p2a: Forretress
|-ability|p2a: Forretress|Sturdy
|-damage|p2a: Forretress|1/100
|-status|p2a: Forretress|brn
|move|p1a: Electabuzz|Taunt|p2b: Incineroar
|-start|p2b: Incineroar|move: Taunt
|cant|p2b: Incineroar|move: Taunt|Parting Shot
|move|p2a: Forretress|Pounce|p1b: Chi-Yu
|-damage|p1b: Chi-Yu|62/100
|-unboost|p1b: Chi-Yu|spe|1
|
|-heal|p2a: Forretress|7/100 brn|[from] item: Leftovers
|-damage|p2a: Forretress|1/100 brn|[from] brn
|upkeep
|turn|3
|inactive|GGNine9 has 30 seconds left.
|inactive|Jetfast6 has 30 seconds left.
|inactive|GGNine9 has 20 seconds left.
|inactive|Jetfast6 has 20 seconds left.
|inactive|Jetfast6 has 15 seconds left.
|
|t:|1750829778
|switch|p2b: Urshifu|Urshifu-Rapid-Strike, L50, F|100/100
|move|p1a: Electabuzz|Helping Hand|p1b: Chi-Yu
|-singleturn|p1b: Chi-Yu|Helping Hand|[of] p1a: Electabuzz
|move|p1b: Chi-Yu|Heat Wave|p2a: Forretress|[spread] p2a,p2b
|-supereffective|p2a: Forretress
|-resisted|p2b: Urshifu
|-damage|p2a: Forretress|0 fnt
|-damage|p2b: Urshifu|40/100
|faint|p2a: Forretress
|
|upkeep
|
|t:|1750829786
|switch|p2a: Incineroar|Incineroar, L50, M|100/100
|-ability|p2a: Incineroar|Intimidate|boost
|-unboost|p1a: Electabuzz|atk|1
|-unboost|p1b: Chi-Yu|atk|1
|turn|4
|
|t:|1750829802
|switch|p1b: Miraidon|Miraidon, L50|100/100
|-fieldstart|move: Electric Terrain|[from] ability: Hadron Engine|[of] p1b: Miraidon
|move|p2a: Incineroar|Fake Out|p1b: Miraidon
|-damage|p1b: Miraidon|90/100
|move|p1a: Electabuzz|Follow Me|p1a: Electabuzz
|-singleturn|p1a: Electabuzz|move: Follow Me
|move|p2b: Urshifu|Surging Strikes|p1a: Electabuzz
|-crit|p1a: Electabuzz
|-damage|p1a: Electabuzz|84/100
|-crit|p1a: Electabuzz
|-damage|p1a: Electabuzz|68/100
|-crit|p1a: Electabuzz
|-damage|p1a: Electabuzz|50/100
|-hitcount|p1a: Electabuzz|3
|
|upkeep
|turn|5
|
|t:|1750829825
|-terastallize|p2b: Urshifu|Water
|move|p1a: Electabuzz|Follow Me|p1a: Electabuzz
|-singleturn|p1a: Electabuzz|move: Follow Me
|move|p2b: Urshifu|Surging Strikes|p1a: Electabuzz
|-crit|p1a: Electabuzz
|-damage|p1a: Electabuzz|28/100
|-crit|p1a: Electabuzz
|-damage|p1a: Electabuzz|6/100
|-crit|p1a: Electabuzz
|-damage|p1a: Electabuzz|0 fnt
|faint|p1a: Electabuzz
|-hitcount|p1: Electabuzz|3
|move|p1b: Miraidon|Volt Switch|p2b: Urshifu
|-supereffective|p2b: Urshifu
|-damage|p2b: Urshifu|0 fnt
|faint|p2b: Urshifu
|
|t:|1750829845
|switch|p1b: Iron Jugulis|Iron Jugulis, L50|100/100|[from] Volt Switch
|-activate|p1b: Iron Jugulis|ability: Quark Drive
|-start|p1b: Iron Jugulis|quarkdrivespe
|move|p2a: Incineroar|Flare Blitz|p1b: Iron Jugulis
|-damage|p1b: Iron Jugulis|49/100
|-damage|p2a: Incineroar|84/100|[from] Recoil
|
|upkeep
|
|t:|1750829856
|switch|p2b: Calyrex|Calyrex-Shadow, L50|100/100
|switch|p1a: Miraidon|Miraidon, L50|90/100
|-ability|p2b: Calyrex|As One
|-ability|p2b: Calyrex|Unnerve
|-activate|p1a: Miraidon|ability: Hadron Engine
|turn|6
|
|t:|1750829877
|-terastallize|p1a: Miraidon|Fairy
|move|p2b: Calyrex|Protect|p2b: Calyrex
|-singleturn|p2b: Calyrex|Protect
|move|p1b: Iron Jugulis|Snarl|p2a: Incineroar|[spread] 
|-activate|p2b: Calyrex|move: Protect
|-miss|p1b: Iron Jugulis|p2a: Incineroar
|move|p1a: Miraidon|Dazzling Gleam|p2b: Calyrex|[spread] p2a
|-activate|p2b: Calyrex|move: Protect
|-crit|p2a: Incineroar
|-damage|p2a: Incineroar|12/100
|move|p2a: Incineroar|Flare Blitz|p1b: Iron Jugulis
|-damage|p1b: Iron Jugulis|4/100
|-damage|p2a: Incineroar|0 fnt|[from] Recoil
|faint|p2a: Incineroar
|
|upkeep
|turn|7
|
|t:|1750829895
|move|p1b: Iron Jugulis|Snarl|p2b: Calyrex
|-supereffective|p2b: Calyrex
|-damage|p2b: Calyrex|5/100
|-unboost|p2b: Calyrex|spa|1
|move|p2b: Calyrex|Astral Barrage|p1b: Iron Jugulis|[spread] p1a,p1b
|-resisted|p1b: Iron Jugulis
|-damage|p1a: Miraidon|54/100
|-damage|p1b: Iron Jugulis|0 fnt
|faint|p1b: Iron Jugulis
|-end|p1b: Iron Jugulis|Quark Drive|[silent]
|-ability|p2b: Calyrex|Grim Neigh|boost
|-boost|p2b: Calyrex|spa|1
|move|p1a: Miraidon|Dazzling Gleam|p2b: Calyrex
|-damage|p2b: Calyrex|0 fnt
|faint|p2b: Calyrex
|
|win|GGNine9
|raw|GGNine9's rating: 1180 &rarr; <strong>1202</strong><br />(+22 for winning)
|raw|Jetfast6's rating: 1139 &rarr; <strong>1117</strong><br />(-22 for losing)
|l|☆Jetfast6
|player|p2|
|l|☆GGNine9
|player|p1|
