|j|☆Erintheepicone
|j|☆flumensilvi95
|t:|1750714572
|gametype|doubles
|player|p1|Erintheepicone|dawn|1186
|player|p2|flumensilvi95|265|1168
|teamsize|p1|6
|teamsize|p2|6
|gen|9
|tier|[Gen 9] VGC 2025 Reg I
|rated|
|rule|Species Clause: Limit one of each Pokémon
|rule|Item Clause: Limit 1 of each item
|clearpoke
|poke|p1|Kyogre, L50|
|poke|p1|Lunala, L50|
|poke|p1|Iron Hands, L50|
|poke|p1|Ogerpon-Hearthflame, L50, F|
|poke|p1|Whimsicott, L50, F|
|poke|p1|Chien-Pao, L50|
|poke|p2|Calyrex-Shadow, L50|
|poke|p2|Chi-Yu, L50|
|poke|p2|Koraidon, L50|
|poke|p2|Walking Wake, L50|
|poke|p2|Tornadus, L50, M|
|poke|p2|Arcanine, L50, M|
|teampreview|4
|
|t:|1750714614
|start
|switch|p1a: Whimsicott|Whimsicott, L50, F|100/100
|switch|p1b: Iron Hands|Iron Hands, L50|100/100
|switch|p2a: Chi-Yu|Chi-Yu, L50|100/100
|switch|p2b: Arcanine|Arcanine, L50, M|100/100
|-ability|p2a: Chi-Yu|Beads of Ruin
|-ability|p2b: Arcanine|Intimidate|boost
|-unboost|p1a: Whimsicott|atk|1
|-unboost|p1b: Iron Hands|atk|1
|turn|1
|
|t:|1750714632
|move|p2a: Chi-Yu|Protect|p2a: Chi-Yu
|-singleturn|p2a: Chi-Yu|Protect
|move|p1b: Iron Hands|Fake Out|p2a: Chi-Yu
|-activate|p2a: Chi-Yu|move: Protect
|move|p1a: Whimsicott|Tailwind|p1a: Whimsicott
|-sidestart|p1: Erintheepicone|move: Tailwind
|move|p2b: Arcanine|Will-O-Wisp|p1b: Iron Hands
|-status|p1b: Iron Hands|brn
|
|-damage|p1b: Iron Hands|94/100 brn|[from] brn
|upkeep
|turn|2
|
|t:|1750714661
|-end|p1b: Iron Hands|Quark Drive|[silent]
|switch|p1b: Kyogre|Kyogre, L50|100/100
|-weather|RainDance|[from] ability: Drizzle|[of] p1b: Kyogre
|move|p2b: Arcanine|Extreme Speed|p1a: Whimsicott
|-damage|p1a: Whimsicott|84/100
|move|p1a: Whimsicott|Dazzling Gleam|p2a: Chi-Yu|[spread] p2a,p2b
|-resisted|p2b: Arcanine
|-damage|p2a: Chi-Yu|81/100
|-damage|p2b: Arcanine|90/100
|move|p2a: Chi-Yu|Dark Pulse|p1b: Kyogre
|-damage|p1b: Kyogre|57/100
|
|-weather|RainDance|[upkeep]
|-heal|p2b: Arcanine|96/100|[from] item: Leftovers
|upkeep
|turn|3
|
|t:|1750714715
|switch|p1a: Iron Hands|Iron Hands, L50|94/100 brn
|-terastallize|p2a: Chi-Yu|Grass
|move|p1b: Kyogre|Origin Pulse|p2b: Arcanine|[spread] p2b
|-miss|p1b: Kyogre|p2a: Chi-Yu
|-supereffective|p2b: Arcanine
|-damage|p2b: Arcanine|0 fnt
|faint|p2b: Arcanine
|-damage|p1b: Kyogre|47/100|[from] item: Life Orb
|move|p2a: Chi-Yu|Tera Blast|p1b: Kyogre|[anim] Tera Blast Grass
|-supereffective|p1b: Kyogre
|-crit|p1b: Kyogre
|-damage|p1b: Kyogre|0 fnt
|faint|p1b: Kyogre
|
|-weather|RainDance|[upkeep]
|-damage|p1a: Iron Hands|88/100 brn|[from] brn
|upkeep
|
|t:|1750714737
|switch|p1b: Whimsicott|Whimsicott, L50, F|84/100
|switch|p2b: Koraidon|Koraidon, L50|100/100
|-weather|SunnyDay|[from] ability: Orichalcum Pulse|[of] p2b: Koraidon
|-activate|p2b: Koraidon|Orichalcum Pulse|[source]
|turn|4
|
|t:|1750714749
|move|p2b: Koraidon|Protect|p2b: Koraidon
|-singleturn|p2b: Koraidon|Protect
|move|p1a: Iron Hands|Fake Out|p2b: Koraidon
|-activate|p2b: Koraidon|move: Protect
|move|p1b: Whimsicott|Encore|p2a: Chi-Yu
|-start|p2a: Chi-Yu|Encore
|move|p2a: Chi-Yu|Tera Blast|p1a: Iron Hands|[anim] Tera Blast Grass
|-damage|p1a: Iron Hands|63/100 brn
|
|-weather|SunnyDay|[upkeep]
|-damage|p1a: Iron Hands|57/100 brn|[from] brn
|-sideend|p1: Erintheepicone|move: Tailwind
|upkeep
|turn|5
|
|t:|1750714776
|switch|p2b: Calyrex|Calyrex-Shadow, L50|100/100
|-ability|p2b: Calyrex|As One
|-ability|p2b: Calyrex|Unnerve
|-end|p1a: Iron Hands|Quark Drive|[silent]
|switch|p1a: Lunala|Lunala, L50|100/100
|move|p2a: Chi-Yu|Tera Blast|p1a: Lunala|[anim] Tera Blast Grass
|-damage|p1a: Lunala|80/100
|move|p1b: Whimsicott|Dazzling Gleam|p2b: Calyrex|[spread] p2a,p2b
|-damage|p2a: Chi-Yu|62/100
|-damage|p2b: Calyrex|77/100
|
|-weather|SunnyDay|[upkeep]
|-heal|p1a: Lunala|86/100|[from] item: Leftovers
|upkeep
|turn|6
|
|t:|1750714803
|switch|p2b: Koraidon|Koraidon, L50|100/100
|-activate|p2b: Koraidon|ability: Orichalcum Pulse
|move|p1b: Whimsicott|Tailwind|p1b: Whimsicott
|-sidestart|p1: Erintheepicone|move: Tailwind
|move|p1a: Lunala|Moongeist Beam|p2b: Koraidon
|-damage|p2b: Koraidon|16/100
|move|p2a: Chi-Yu|Tera Blast|p1a: Lunala|[anim] Tera Blast Grass
|-damage|p1a: Lunala|49/100
|
|-weather|SunnyDay|[upkeep]
|-heal|p1a: Lunala|55/100|[from] item: Leftovers
|-end|p2a: Chi-Yu|Encore
|upkeep
|turn|7
|
|t:|1750714828
|move|p1b: Whimsicott|Encore|p2a: Chi-Yu
|-start|p2a: Chi-Yu|Encore
|move|p1a: Lunala|Moongeist Beam|p2b: Koraidon
|-damage|p2b: Koraidon|0 fnt
|faint|p2b: Koraidon
|move|p2a: Chi-Yu|Tera Blast|p1a: Lunala|[anim] Tera Blast Grass
|-damage|p1a: Lunala|16/100
|
|-weather|SunnyDay|[upkeep]
|-heal|p1a: Lunala|22/100|[from] item: Leftovers
|upkeep
|
|t:|1750714840
|switch|p2b: Calyrex|Calyrex-Shadow, L50|77/100
|-ability|p2b: Calyrex|As One
|-ability|p2b: Calyrex|Unnerve
|turn|8
|
|t:|1750714860
|switch|p1b: Iron Hands|Iron Hands, L50|57/100 brn
|move|p1a: Lunala|Moongeist Beam|p2b: Calyrex
|-supereffective|p2b: Calyrex
|-damage|p2b: Calyrex|0 fnt
|faint|p2b: Calyrex
|move|p2a: Chi-Yu|Tera Blast|p1a: Lunala|[anim] Tera Blast Grass
|-damage|p1a: Lunala|0 fnt
|faint|p1a: Lunala
|
|-weather|none
|-damage|p1b: Iron Hands|51/100 brn|[from] brn
|upkeep
|
|t:|1750714874
|switch|p1a: Whimsicott|Whimsicott, L50, F|84/100
|turn|9
|
|t:|1750714883
|move|p1b: Iron Hands|Fake Out|p2a: Chi-Yu
|-damage|p2a: Chi-Yu|52/100
|move|p1a: Whimsicott|Dazzling Gleam|p2a: Chi-Yu
|-damage|p2a: Chi-Yu|22/100
|cant|p2a: Chi-Yu|flinch
|
|-damage|p1b: Iron Hands|45/100 brn|[from] brn
|-end|p2a: Chi-Yu|Encore
|-sideend|p1: Erintheepicone|move: Tailwind
|upkeep
|turn|10
|
|t:|1750714898
|move|p1a: Whimsicott|Encore|p2a: Chi-Yu
|-start|p2a: Chi-Yu|Encore
|move|p2a: Chi-Yu|Tera Blast|p1a: Whimsicott|[anim] Tera Blast Grass
|-resisted|p1a: Whimsicott
|-damage|p1a: Whimsicott|46/100
|move|p1b: Iron Hands|Supercell Slam|p2a: Chi-Yu
|-resisted|p2a: Chi-Yu
|-damage|p2a: Chi-Yu|3/100
|
|-damage|p1b: Iron Hands|38/100 brn|[from] brn
|upkeep
|turn|11
|
|t:|1750714920
|move|p2a: Chi-Yu|Tera Blast|p1a: Whimsicott|[anim] Tera Blast Grass
|-resisted|p1a: Whimsicott
|-damage|p1a: Whimsicott|9/100
|move|p1a: Whimsicott|Dazzling Gleam|p2a: Chi-Yu
|-damage|p2a: Chi-Yu|0 fnt
|faint|p2a: Chi-Yu
|
|win|Erintheepicone
|raw|Erintheepicone's rating: 1186 &rarr; <strong>1210</strong><br />(+24 for winning)
|raw|flumensilvi95's rating: 1168 &rarr; <strong>1144</strong><br />(-24 for losing)
|l|☆flumensilvi95
|player|p2|
|l|☆Erintheepicone
|player|p1|
