|j|☆magicalarcher57
|j|☆whyyoudothat34
|t:|1750737493
|gametype|doubles
|player|p1|magicalarcher57|cynthia|
|player|p2|whyyoudothat34|169|
|teamsize|p1|6
|teamsize|p2|6
|gen|9
|tier|[Gen 9] VGC 2025 Reg I
|rated|Tournament battle
|rule|Species Clause: Limit one of each Pokémon
|rule|Item Clause: Limit 1 of each item
|raw|<div class="infobox"><details class="readmore" open><summary><strong>2 custom rules:</strong></summary> Force Open Team Sheets, !Open Team Sheets</details></div>
|clearpoke
|poke|p1|Miraidon, L50|
|poke|p1|Calyrex-Ice, L50|
|poke|p1|Landorus, L50, M|
|poke|p1|Farigiraf, L50, F|
|poke|p1|Torkoal, L50, M|
|poke|p1|Raging Bolt, L50|
|poke|p2|Calyrex-Shadow, L50|
|poke|p2|Incineroar, L50, F|
|poke|p2|Regieleki, L50|
|poke|p2|Amoonguss, L50, M|
|poke|p2|Dondozo, L50, M|
|poke|p2|Tatsugiri-Droopy, L50, M|
|teampreview|4
|showteam|p1|Miraidon||ChoiceSpecs|HadronEngine|VoltSwitch,ElectroDrift,DracoMeteor,DazzlingGleam||||||50|,,,,,Fairy]Calyrex-Ice||ClearAmulet|AsOneGlastrier|GlacialLance,HighHorsepower,TrickRoom,Protect||||||50|,,,,,Water]Landorus||LifeOrb|SheerForce|SandsearStorm,EarthPower,SludgeBomb,Protect|||M|||50|,,,,,Steel]Farigiraf||ElectricSeed|ArmorTail|FoulPlay,Psychic,TrickRoom,HelpingHand|||F|||50|,,,,,Water]Torkoal||Charcoal|Drought|WeatherBall,Eruption,HeatWave,Protect|||M|||50|,,,,,Fire]Raging Bolt||AssaultVest|Protosynthesis|Thunderbolt,DragonPulse,Thunderclap,Snarl||||||50|,,,,,Fairy
|showteam|p2|Calyrex-Shadow||LifeOrb|AsOneSpectrier|AstralBarrage,Protect,Psyshock,DrainingKiss||||||50|,,,,,Fairy]Incineroar||SafetyGoggles|Intimidate|FakeOut,Protect,DarkestLariat,KnockOff|||F|||50|,,,,,Water]Regieleki||CovertCloak|Transistor|Thunderbolt,VoltSwitch,Protect,SleepTalk||||||50|,,,,,Electric]Amoonguss||Leftovers|Regenerator|Spore,Protect,PollenPuff,RagePowder|||M|||50|,,,,,Steel]Dondozo||AssaultVest|Unaware|WaveCrash,StompingTantrum,OrderUp,Liquidation|||M|||50|,,,,,Ground]Tatsugiri-Droopy||ChoiceSpecs|Commander|DracoMeteor,MuddyWater,DragonPulse,Surf|||M|||50|,,,,,Dragon
|inactive|Battle timer is ON: inactive players will automatically lose when time's up. (requested by magicalarcher57)
|j| sheepie_sheep
|j| Skwovetboi
|inactive|whyyoudothat34 has 60 seconds left.
|
|t:|1750737537
|start
|switch|p1a: Farigiraf|Farigiraf, L50, F|100/100
|switch|p1b: Miraidon|Miraidon, L50|100/100
|switch|p2a: step on the gas|Regieleki, L50|100/100
|switch|p2b: chef|Dondozo, L50, M|100/100
|-fieldstart|move: Electric Terrain|[from] ability: Hadron Engine|[of] p1b: Miraidon
|-enditem|p1a: Farigiraf|Electric Seed
|-boost|p1a: Farigiraf|def|1|[from] item: Electric Seed
|turn|1
|c| Skwovetboi|This is the second protect incin ive seen today
|inactive|magicalarcher57 has 30 seconds left.
|c| sheepie_sheep|double dark move goes crazy
|
|t:|1750737567
|-terastallize|p2b: chef|Ground
|move|p2a: step on the gas|Thunderbolt|p1a: Farigiraf
|-damage|p1a: Farigiraf|27/100
|move|p1b: Miraidon|Dazzling Gleam|p2a: step on the gas|[spread] p2a,p2b
|-damage|p2a: step on the gas|17/100
|-damage|p2b: chef|74/100
|move|p2b: chef|Stomping Tantrum|p1b: Miraidon
|-supereffective|p1b: Miraidon
|-damage|p1b: Miraidon|43/100
|move|p1a: Farigiraf|Trick Room|p1a: Farigiraf
|-fieldstart|move: Trick Room|[of] p1a: Farigiraf
|
|upkeep
|turn|2
|j| dtmf
|l| dtmf
|c|☆whyyoudothat34|gl
|c|☆magicalarcher57|glhf
|inactive|whyyoudothat34 has 30 seconds left.
|inactive|whyyoudothat34 has 20 seconds left.
|inactive|whyyoudothat34 has 15 seconds left.
|
|t:|1750737611
|switch|p1b: Calyrex|Calyrex-Ice, L50|100/100
|-ability|p1b: Calyrex|As One
|-ability|p1b: Calyrex|Unnerve
|switch|p2a: sushi|Tatsugiri-Droopy, L50, M|100/100
|-activate|p2a: sushi|ability: Commander|[of] p2b: chef
|-boost|p2b: chef|atk|2
|-boost|p2b: chef|spa|2
|-boost|p2b: chef|spe|2
|-boost|p2b: chef|def|2
|-boost|p2b: chef|spd|2
|move|p1a: Farigiraf|Psychic|p2a: sushi|[miss]
|-miss|p1a: Farigiraf|p2a: sushi
|move|p2b: chef|Liquidation|p1b: Calyrex
|-damage|p1b: Calyrex|61/100
|
|upkeep
|turn|3
|inactive|whyyoudothat34 has 30 seconds left.
|j| magikarp=cool
|
|t:|1750737638
|move|p1b: Calyrex|Glacial Lance|p2a: sushi|[spread] p2b
|-miss|p1b: Calyrex|p2a: sushi
|-supereffective|p2b: chef
|-damage|p2b: chef|42/100
|move|p1a: Farigiraf|Foul Play|p2b: chef
|-damage|p2b: chef|35/100
|move|p2b: chef|Liquidation|p1a: Farigiraf
|-damage|p1a: Farigiraf|0 fnt
|faint|p1a: Farigiraf
|
|upkeep
|
|t:|1750737650
|switch|p1a: Torkoal|Torkoal, L50, M|100/100
|-weather|SunnyDay|[from] ability: Drought|[of] p1a: Torkoal
|turn|4
|
|t:|1750737655
|-terastallize|p1a: Torkoal|Fire
|move|p1a: Torkoal|Eruption|p2b: chef|[spread] p2b
|-miss|p1a: Torkoal|p2a: sushi
|-damage|p2b: chef|2/100
|move|p1b: Calyrex|Glacial Lance|p2a: sushi|[spread] p2b
|-miss|p1b: Calyrex|p2a: sushi
|-supereffective|p2b: chef
|-damage|p2b: chef|0 fnt
|faint|p2b: chef
|-ability|p1b: Calyrex|Chilling Neigh|boost
|-boost|p1b: Calyrex|atk|1
|
|-weather|SunnyDay|[upkeep]
|upkeep
|
|t:|1750737670
|switch|p2b: step on the gas|Regieleki, L50|17/100
|turn|5
|j| Calvasso
|
|t:|1750737692
|move|p2b: step on the gas|Protect|p2b: step on the gas
|-singleturn|p2b: step on the gas|Protect
|move|p1a: Torkoal|Eruption|p2b: step on the gas|[spread] p2a
|-activate|p2b: step on the gas|move: Protect
|-resisted|p2a: sushi
|-damage|p2a: sushi|63/100
|move|p1b: Calyrex|Glacial Lance|p2a: sushi|[spread] p2a
|-activate|p2b: step on the gas|move: Protect
|-damage|p2a: sushi|0 fnt
|faint|p2a: sushi
|-ability|p1b: Calyrex|Chilling Neigh|boost
|-boost|p1b: Calyrex|atk|1
|
|-weather|SunnyDay|[upkeep]
|-fieldend|move: Trick Room
|-fieldend|move: Electric Terrain
|upkeep
|
|t:|1750737705
|switch|p2a: dead horse:(|Calyrex-Shadow, L50|100/100
|-ability|p2a: dead horse:(|As One
|-ability|p2a: dead horse:(|Unnerve
|turn|6
|c|☆magicalarcher57|im cooked
|c| sheepie_sheep|hi cooked
|c|☆magicalarcher57|aaa i shouldnt have burnt tera so early
|c| sheepie_sheep|I'm sheepie :D
|
|t:|1750737726
|move|p2b: step on the gas|Thunderbolt|p1a: Torkoal
|-damage|p1a: Torkoal|31/100
|move|p2a: dead horse:(|Astral Barrage|p1a: Torkoal|[spread] p1a,p1b
|-supereffective|p1b: Calyrex
|-damage|p1a: Torkoal|0 fnt
|-damage|p1b: Calyrex|0 fnt
|faint|p1a: Torkoal
|faint|p1b: Calyrex
|-ability|p2a: dead horse:(|Grim Neigh|boost
|-boost|p2a: dead horse:(|spa|2
|-damage|p2a: dead horse:(|91/100|[from] item: Life Orb
|
|-weather|SunnyDay|[upkeep]
|upkeep
|l| sheepie_sheep
|
|t:|1750737733
|switch|p1b: Miraidon|Miraidon, L50|43/100
|-fieldstart|move: Electric Terrain|[from] ability: Hadron Engine|[of] p1b: Miraidon
|turn|7
|c|☆magicalarcher57|gg
|l| magikarp=cool
|
|t:|1750737746
|move|p2b: step on the gas|Thunderbolt|p1b: Miraidon
|-resisted|p1b: Miraidon
|-damage|p1b: Miraidon|27/100
|move|p1b: Miraidon|Electro Drift|p2a: dead horse:(
|-damage|p2a: dead horse:(|0 fnt
|faint|p2a: dead horse:(
|
|-weather|SunnyDay|[upkeep]
|upkeep
|turn|8
|c|☆magicalarcher57|wait what
|c|☆magicalarcher57|the horse is slow?
|j| sheepie_sheep
|c|☆whyyoudothat34|gg
|
|t:|1750737759
|move|p2b: step on the gas|Protect|p2b: step on the gas
|-singleturn|p2b: step on the gas|Protect
|move|p1b: Miraidon|Electro Drift|p2b: step on the gas
|-activate|p2b: step on the gas|move: Protect
|
|-weather|none
|upkeep
|turn|9
|c|☆magicalarcher57|gg
|
|t:|1750737771
|move|p2b: step on the gas|Thunderbolt|p1b: Miraidon
|-resisted|p1b: Miraidon
|-damage|p1b: Miraidon|12/100
|move|p1b: Miraidon|Electro Drift|p2b: step on the gas
|-resisted|p2b: step on the gas
|-crit|p2b: step on the gas
|-damage|p2b: step on the gas|0 fnt
|faint|p2b: step on the gas
|
|win|magicalarcher57
|n|☆magicalarcher57|magicalarcher57
|n|☆whyyoudothat34|whyyoudothat34
|n| Skwovetboi|skwovetboi
|n| Calvasso|calvasso
|n| sheepie_sheep|sheepiesheep
