|j|☆peter_polenta
|j|☆alfre22
|t:|1750854101
|gametype|doubles
|player|p1|peter_polenta|1|1594
|player|p2|alfre22|benga|1509
|teamsize|p1|6
|teamsize|p2|6
|gen|9
|tier|[Gen 9] VGC 2025 Reg I
|rated|
|rule|Species Clause: Limit one of each Pokémon
|rule|Item Clause: Limit 1 of each item
|clearpoke
|poke|p1|Calyrex-Ice, L50|
|poke|p1|Miraidon, L50|
|poke|p1|Grimmsnarl, L50, M|
|poke|p1|Urshifu-*, L50, F|
|poke|p1|Incineroar, L50, M|
|poke|p1|Landorus, L50, M|
|poke|p2|Miraidon, L50|
|poke|p2|Calyrex-Ice, L50|
|poke|p2|Grimmsnarl, L50, M|
|poke|p2|Incineroar, L50, F|
|poke|p2|Volcarona, L50, M|
|poke|p2|Glimmora, L50, M|
|teampreview|4
|inactive|Battle timer is ON: inactive players will automatically lose when time's up. (requested by alfre22)
|inactive|alfre22 has 60 seconds left.
|
|t:|1750854146
|start
|switch|p1a: Grimmsnarl|Grimmsnarl, L50, M|100/100
|switch|p1b: Miraidon|Miraidon, L50|100/100
|switch|p2a: Glimmora|Glimmora, L50, M|100/100
|switch|p2b: Miraidon|Miraidon, L50|100/100
|-fieldstart|move: Electric Terrain|[from] ability: Hadron Engine|[of] p2b: Miraidon
|-activate|p1b: Miraidon|ability: Hadron Engine
|turn|1
|inactive|alfre22 has 30 seconds left.
|
|t:|1750854175
|-terastallize|p2b: Miraidon|Fairy
|move|p1a: Grimmsnarl|Light Screen|p1a: Grimmsnarl
|-sidestart|p1: peter_polenta|move: Light Screen
|move|p2b: Miraidon|Dazzling Gleam|p1a: Grimmsnarl|[spread] p1a,p1b
|-supereffective|p1a: Grimmsnarl
|-supereffective|p1b: Miraidon
|-damage|p1a: Grimmsnarl|29/100
|-damage|p1b: Miraidon|48/100
|move|p1b: Miraidon|Volt Switch|p2a: Glimmora
|-enditem|p2a: Glimmora|Focus Sash
|-damage|p2a: Glimmora|1/100
|
|t:|1750854188
|switch|p1b: Calyrex|Calyrex-Ice, L50|100/100|[from] Volt Switch
|-ability|p1b: Calyrex|As One
|-ability|p1b: Calyrex|Unnerve
|move|p2a: Glimmora|Sludge Bomb|p1b: Calyrex
|-damage|p1b: Calyrex|81/100
|-status|p1b: Calyrex|psn
|
|-heal|p1b: Calyrex|86/100 psn|[from] item: Leftovers
|-damage|p1b: Calyrex|74/100 psn|[from] psn
|upkeep
|turn|2
|
|t:|1750854206
|switch|p2b: Incineroar|Incineroar, L50, F|100/100
|-ability|p2b: Incineroar|Intimidate|boost
|-unboost|p1a: Grimmsnarl|atk|1
|-unboost|p1b: Calyrex|atk|1
|move|p2a: Glimmora|Spiky Shield|p2a: Glimmora
|-singleturn|p2a: Glimmora|move: Protect
|move|p1a: Grimmsnarl|Thunder Wave|p2b: Incineroar
|-hint|Since gen 7, Dark is immune to Prankster moves.
|-immune|p2b: Incineroar
|move|p1b: Calyrex|Glacial Lance|p2a: Glimmora|[spread] p2b
|-activate|p2a: Glimmora|move: Protect
|-resisted|p2b: Incineroar
|-damage|p2b: Incineroar|88/100
|
|-heal|p1b: Calyrex|80/100 psn|[from] item: Leftovers
|-damage|p1b: Calyrex|68/100 psn|[from] psn
|upkeep
|turn|3
|
|t:|1750854229
|switch|p1b: Landorus|Landorus, L50, M|100/100
|move|p1a: Grimmsnarl|Reflect|p1a: Grimmsnarl
|-sidestart|p1: peter_polenta|Reflect
|move|p2a: Glimmora|Power Gem|p1b: Landorus
|-damage|p1b: Landorus|73/100
|move|p2b: Incineroar|Knock Off|p1b: Landorus
|-damage|p1b: Landorus|48/100
|-enditem|p1b: Landorus|Life Orb|[from] move: Knock Off|[of] p2b: Incineroar
|
|upkeep
|turn|4
|inactive|alfre22 has 30 seconds left.
|
|t:|1750854255
|switch|p2b: Calyrex|Calyrex-Ice, L50|100/100
|-ability|p2b: Calyrex|As One
|-ability|p2b: Calyrex|Unnerve
|move|p2a: Glimmora|Mortal Spin|p1a: Grimmsnarl|[spread] p1a,p1b
|-supereffective|p1a: Grimmsnarl
|-crit|p1a: Grimmsnarl
|-resisted|p1b: Landorus
|-damage|p1a: Grimmsnarl|16/100
|-damage|p1b: Landorus|47/100
|-status|p1a: Grimmsnarl|psn
|-status|p1b: Landorus|psn
|move|p1b: Landorus|Earth Power|p2b: Calyrex
|-damage|p2b: Calyrex|70/100
|move|p1a: Grimmsnarl|Spirit Break|p2b: Calyrex
|-damage|p2b: Calyrex|55/100
|-unboost|p2b: Calyrex|spa|1
|
|-heal|p2b: Calyrex|61/100|[from] item: Leftovers
|-damage|p1b: Landorus|35/100 psn|[from] psn
|-damage|p1a: Grimmsnarl|3/100 psn|[from] psn
|upkeep
|turn|5
|inactive|peter_polenta has 30 seconds left.
|inactive|alfre22 has 30 seconds left.
|inactive|alfre22 has 20 seconds left.
|
|t:|1750854290
|move|p2a: Glimmora|Spiky Shield|p2a: Glimmora
|-singleturn|p2a: Glimmora|move: Protect
|move|p1a: Grimmsnarl|Thunder Wave|p2b: Calyrex|[miss]
|-miss|p1a: Grimmsnarl|p2b: Calyrex
|move|p1b: Landorus|Earth Power|p2b: Calyrex
|-damage|p2b: Calyrex|25/100
|move|p2b: Calyrex|Glacial Lance|p1b: Landorus|[spread] p1a,p1b
|-supereffective|p1b: Landorus
|-damage|p1a: Grimmsnarl|0 fnt
|-damage|p1b: Landorus|0 fnt
|faint|p1a: Grimmsnarl
|faint|p1b: Landorus
|-ability|p2b: Calyrex|Chilling Neigh|boost
|-boost|p2b: Calyrex|atk|2
|
|-heal|p2b: Calyrex|30/100|[from] item: Leftovers
|-fieldend|move: Electric Terrain
|upkeep
|
|t:|1750854308
|switch|p1b: Calyrex|Calyrex-Ice, L50|68/100 psn
|switch|p1a: Miraidon|Miraidon, L50|48/100
|-ability|p1b: Calyrex|As One
|-ability|p1b: Calyrex|Unnerve
|-fieldstart|move: Electric Terrain|[from] ability: Hadron Engine|[of] p1a: Miraidon
|turn|6
|inactive|alfre22 has 30 seconds left.
|inactive|peter_polenta has 30 seconds left.
|
|t:|1750854345
|move|p2b: Calyrex|Protect|p2b: Calyrex
|-singleturn|p2b: Calyrex|Protect
|move|p1a: Miraidon|Electro Drift|p2a: Glimmora
|-damage|p2a: Glimmora|0 fnt
|faint|p2a: Glimmora
|move|p1b: Calyrex|Leech Seed|p2b: Calyrex
|-activate|p2b: Calyrex|move: Protect
|
|-heal|p2b: Calyrex|36/100|[from] item: Leftovers
|-heal|p1b: Calyrex|74/100 psn|[from] item: Leftovers
|-damage|p1b: Calyrex|62/100 psn|[from] psn
|upkeep
|
|t:|1750854354
|switch|p2a: Incineroar|Incineroar, L50, F|88/100
|-ability|p2a: Incineroar|Intimidate|boost
|-unboost|p1a: Miraidon|atk|1
|-unboost|p1b: Calyrex|atk|1
|turn|7
|
|t:|1750854376
|move|p2a: Incineroar|Fake Out|p1a: Miraidon
|-damage|p1a: Miraidon|41/100
|cant|p1a: Miraidon|flinch
|move|p2b: Calyrex|Glacial Lance|p1a: Miraidon|[spread] p1a,p1b
|-supereffective|p1a: Miraidon
|-resisted|p1b: Calyrex
|-damage|p1a: Miraidon|0 fnt
|-damage|p1b: Calyrex|40/100 psn
|faint|p1a: Miraidon
|-ability|p2b: Calyrex|Chilling Neigh|boost
|-boost|p2b: Calyrex|atk|1
|move|p1b: Calyrex|Leech Seed|p2b: Calyrex
|-start|p2b: Calyrex|move: Leech Seed
|
|-heal|p2b: Calyrex|42/100|[from] item: Leftovers
|-heal|p1b: Calyrex|46/100 psn|[from] item: Leftovers
|-damage|p2b: Calyrex|30/100|[from] Leech Seed|[of] p1b: Calyrex
|-heal|p1b: Calyrex|58/100 psn|[silent]
|-damage|p1b: Calyrex|46/100 psn|[from] psn
|upkeep
|turn|8
|inactive|alfre22 has 30 seconds left.
|
|t:|1750854403
|switch|p2b: Miraidon|Miraidon, L50, tera:Fairy|100/100
|-activate|p2b: Miraidon|ability: Hadron Engine
|move|p1b: Calyrex|Protect|p1b: Calyrex
|-singleturn|p1b: Calyrex|Protect
|move|p2a: Incineroar|Knock Off|p1b: Calyrex
|-activate|p1b: Calyrex|move: Protect
|
|-heal|p1b: Calyrex|52/100 psn|[from] item: Leftovers
|-damage|p1b: Calyrex|40/100 psn|[from] psn
|-sideend|p1: peter_polenta|move: Light Screen
|upkeep
|turn|9
|-message|peter_polenta forfeited.
|
|win|alfre22
|raw|peter_polenta's rating: 1594 &rarr; <strong>1569</strong><br />(-25 for losing)
|raw|alfre22's rating: 1509 &rarr; <strong>1534</strong><br />(+25 for winning)
|l|☆peter_polenta
|player|p1|
|l|☆alfre22
|player|p2|
