|j|☆superpowerpoke
|j|☆trchlt1
|t:|1750731342
|gametype|doubles
|player|p1|superpowerpoke|266|1610
|player|p2|trchlt1|102|1676
|teamsize|p1|6
|teamsize|p2|6
|gen|9
|tier|[Gen 9] VGC 2025 Reg I
|rated|
|rule|Species Clause: Limit one of each Pokémon
|rule|Item Clause: Limit 1 of each item
|clearpoke
|poke|p1|Kyogre, L50|
|poke|p1|Calyrex-Ice, L50|
|poke|p1|Incineroar, L50, F|
|poke|p1|Iron Jugulis, L50|
|poke|p1|Raichu, L50, F|
|poke|p1|Gastrodon, L50, F|
|poke|p2|Calyrex-Shadow, L50|
|poke|p2|Zamazenta-*, L50|
|poke|p2|Dragonite, L50, M|
|poke|p2|Chien-Pao, L50|
|poke|p2|Raging Bolt, L50|
|poke|p2|Weezing-Galar, L50, M|
|teampreview|4
|inactive|Battle timer is ON: inactive players will automatically lose when time's up. (requested by trchlt1)
|j| l554312336
|inactive|superpowerpoke has 60 seconds left.
|
|t:|1750731392
|start
|switch|p1a: Kyogre|Kyogre, L50|100/100
|switch|p1b: Incineroar|Incineroar, L50, F|100/100
|switch|p2a: Weezing|Weezing-Galar, L50, M|100/100
|switch|p2b: Zamazenta|Zamazenta-Crowned, L50|100/100
|-ability|p2a: Weezing|Neutralizing Gas
|turn|1
|
|t:|1750731413
|switch|p1b: Gastrodon|Gastrodon, L50, F|100/100
|-terastallize|p1a: Kyogre|Ghost
|move|p2b: Zamazenta|Protect|p2b: Zamazenta
|-singleturn|p2b: Zamazenta|Protect
|move|p2a: Weezing|Protect|p2a: Weezing
|-singleturn|p2a: Weezing|Protect
|move|p1a: Kyogre|Water Spout|p2a: Weezing|[spread] 
|-activate|p2a: Weezing|move: Protect
|-activate|p2b: Zamazenta|move: Protect
|
|upkeep
|turn|2
|inactive|superpowerpoke has 30 seconds left.
|
|t:|1750731440
|move|p2b: Zamazenta|Wide Guard|p2b: Zamazenta
|-singleturn|p2b: Zamazenta|Wide Guard
|move|p1a: Kyogre|Water Spout|p2a: Weezing|[spread] 
|-activate|p2a: Weezing|move: Wide Guard
|-activate|p2b: Zamazenta|move: Wide Guard
|move|p2a: Weezing|Poison Gas|p1a: Kyogre|[spread] p1a,p1b
|-status|p1a: Kyogre|psn
|-status|p1b: Gastrodon|psn
|move|p1b: Gastrodon|Yawn|p2b: Zamazenta
|-start|p2b: Zamazenta|move: Yawn|[of] p1b: Gastrodon
|
|-damage|p1a: Kyogre|88/100 psn|[from] psn
|-damage|p1b: Gastrodon|88/100 psn|[from] psn
|upkeep
|turn|3
|
|t:|1750731458
|switch|p2b: Dragonite|Dragonite, L50, M|100/100
|move|p1a: Kyogre|Water Spout|p2a: Weezing|[spread] p2a,p2b
|-resisted|p2b: Dragonite
|-damage|p2a: Weezing|41/100
|-damage|p2b: Dragonite|72/100
|move|p2a: Weezing|Toxic Spikes|p1b: Gastrodon
|-sidestart|p1: superpowerpoke|move: Toxic Spikes
|move|p1b: Gastrodon|Earth Power|p2b: Dragonite
|-immune|p2b: Dragonite
|
|-heal|p1b: Gastrodon|94/100 psn|[from] item: Leftovers
|-damage|p1a: Kyogre|76/100 psn|[from] psn
|-damage|p1b: Gastrodon|82/100 psn|[from] psn
|upkeep
|turn|4
|inactive|superpowerpoke has 30 seconds left.
|inactive|trchlt1 has 30 seconds left.
|
|t:|1750731491
|move|p2a: Weezing|Protect|p2a: Weezing
|-singleturn|p2a: Weezing|Protect
|move|p2b: Dragonite|Extreme Speed|p1b: Gastrodon
|-damage|p1b: Gastrodon|39/100 psn
|move|p1a: Kyogre|Water Spout|p2a: Weezing|[spread] p2b
|-activate|p2a: Weezing|move: Protect
|-resisted|p2b: Dragonite
|-damage|p2b: Dragonite|48/100
|move|p1b: Gastrodon|Yawn|p2b: Dragonite
|-start|p2b: Dragonite|move: Yawn|[of] p1b: Gastrodon
|
|-heal|p1b: Gastrodon|45/100 psn|[from] item: Leftovers
|-damage|p1a: Kyogre|63/100 psn|[from] psn
|-damage|p1b: Gastrodon|33/100 psn|[from] psn
|upkeep
|turn|5
|inactive|superpowerpoke has 30 seconds left.
|
|t:|1750731517
|switch|p2b: Zamazenta|Zamazenta-Crowned, L50|100/100
|move|p1b: Gastrodon|Helping Hand|p1a: Kyogre
|-singleturn|p1a: Kyogre|Helping Hand|[of] p1b: Gastrodon
|move|p1a: Kyogre|Water Spout|p2b: Zamazenta|[spread] p2a,p2b
|-damage|p2a: Weezing|0 fnt
|-damage|p2b: Zamazenta|49/100
|faint|p2a: Weezing
|-end|p2a: Weezing|ability: Neutralizing Gas
|-ability|p2b: Zamazenta|Dauntless Shield|boost
|-boost|p2b: Zamazenta|def|1
|-weather|RainDance|[from] ability: Drizzle|[of] p1a: Kyogre
|
|-weather|RainDance|[upkeep]
|-heal|p1b: Gastrodon|39/100 psn|[from] item: Leftovers
|-damage|p1a: Kyogre|51/100 psn|[from] psn
|-damage|p1b: Gastrodon|27/100 psn|[from] psn
|upkeep
|
|t:|1750731534
|switch|p2a: Chien-Pao|Chien-Pao, L50|100/100
|-ability|p2a: Chien-Pao|Sword of Ruin
|turn|6
|inactive|superpowerpoke has 30 seconds left.
|
|t:|1750731561
|switch|p1a: Incineroar|Incineroar, L50, F|100/100
|-status|p1a: Incineroar|psn
|-ability|p1a: Incineroar|Intimidate|boost
|-unboost|p2a: Chien-Pao|atk|1
|-unboost|p2b: Zamazenta|atk|1
|move|p2a: Chien-Pao|Sucker Punch||[still]
|-fail|p2a: Chien-Pao
|move|p2b: Zamazenta|Body Press|p1a: Incineroar
|-supereffective|p1a: Incineroar
|-damage|p1a: Incineroar|0 fnt
|-damage|p2b: Zamazenta|32/100|[from] item: Rocky Helmet|[of] p1a: Incineroar
|faint|p1a: Incineroar
|move|p1b: Gastrodon|Earth Power|p2b: Zamazenta
|-supereffective|p2b: Zamazenta
|-damage|p2b: Zamazenta|0 fnt
|faint|p2b: Zamazenta
|
|-weather|RainDance|[upkeep]
|-heal|p1b: Gastrodon|33/100 psn|[from] item: Leftovers
|-damage|p1b: Gastrodon|20/100 psn|[from] psn
|upkeep
|
|t:|1750731586
|switch|p2b: Dragonite|Dragonite, L50, M|48/100
|switch|p1a: Calyrex|Calyrex-Ice, L50|100/100
|-ability|p1a: Calyrex|As One
|-ability|p1a: Calyrex|Unnerve
|-status|p1a: Calyrex|psn
|turn|7
|
|t:|1750731598
|-terastallize|p2b: Dragonite|Normal
|move|p2b: Dragonite|Extreme Speed|p1a: Calyrex
|-damage|p1a: Calyrex|42/100 psn
|move|p2a: Chien-Pao|Throat Chop|p1a: Calyrex
|-supereffective|p1a: Calyrex
|-damage|p1a: Calyrex|0 fnt
|faint|p1a: Calyrex
|-damage|p2a: Chien-Pao|91/100|[from] item: Life Orb
|move|p1b: Gastrodon|Yawn|p2a: Chien-Pao
|-start|p2a: Chien-Pao|move: Yawn|[of] p1b: Gastrodon
|
|-weather|RainDance|[upkeep]
|-heal|p1b: Gastrodon|27/100 psn|[from] item: Leftovers
|-damage|p1b: Gastrodon|14/100 psn|[from] psn
|upkeep
|-message|superpowerpoke forfeited.
|
|win|trchlt1
|raw|superpowerpoke's rating: 1610 &rarr; <strong>1594</strong><br />(-16 for losing)
|raw|trchlt1's rating: 1676 &rarr; <strong>1692</strong><br />(+16 for winning)
|l|☆superpowerpoke
|player|p1|
|l|☆trchlt1
|player|p2|
