|j|☆subzero1422
|j|☆CuddlyFemboy
|t:|1750751264
|gametype|doubles
|player|p1|subzero1422|volkner|1117
|player|p2|CuddlyFemboy|dawn|1000
|teamsize|p1|6
|teamsize|p2|6
|gen|9
|tier|[Gen 9] VGC 2025 Reg I
|rated|
|rule|Species Clause: Limit one of each Pokémon
|rule|Item Clause: Limit 1 of each item
|clearpoke
|poke|p1|Calyrex-Ice, L50|
|poke|p1|Necrozma-Dawn-Wings, L50|
|poke|p1|Ursaluna, L50, M|
|poke|p1|Incineroar, L50, F|
|poke|p1|Annihilape, L50, F|
|poke|p1|Iron Hands, L50|
|poke|p2|Miraidon, L50|
|poke|p2|Landorus, L50, M|
|poke|p2|Urshifu-*, L50, F|
|poke|p2|Tornadus, L50, M|
|poke|p2|Incineroar, L50, F|
|poke|p2|Clefairy, L50, F|
|teampreview|4
subzero1422 has agreed to open team sheets.
|
|t:|1750751316
|start
|switch|p1a: Necrozma|Necrozma-Dawn-Wings, L50|100/100
|switch|p1b: Incineroar|Incineroar, L50, F|100/100
|switch|p2a: Urshifu|Urshifu-Rapid-Strike, L50, F|100/100
|switch|p2b: Incineroar|Incineroar, L50, F|100/100
|-ability|p2b: Incineroar|Intimidate|boost
|-unboost|p1a: Necrozma|atk|1
|-unboost|p1b: Incineroar|atk|1
|-ability|p1b: Incineroar|Intimidate|boost
|-unboost|p2a: Urshifu|atk|1
|-unboost|p2b: Incineroar|atk|1
|turn|1
|c|☆CuddlyFemboy|wait i havent played since reg g
|c|☆CuddlyFemboy|is reg i double trestricted
|c|☆subzero1422|ya
|c|☆CuddlyFemboy|oh shit lmao
|
|t:|1750751373
|-terastallize|p1a: Necrozma|Ghost
|move|p2a: Urshifu|Protect|p2a: Urshifu
|-singleturn|p2a: Urshifu|Protect
|move|p1b: Incineroar|Fake Out|p2a: Urshifu
|-activate|p2a: Urshifu|move: Protect
|move|p2b: Incineroar|Knock Off|p1a: Necrozma
|-supereffective|p1a: Necrozma
|-damage|p1a: Necrozma|65/100
|-enditem|p1a: Necrozma|Weakness Policy
|-boost|p1a: Necrozma|atk|2|[from] item: Weakness Policy
|-boost|p1a: Necrozma|spa|2|[from] item: Weakness Policy
|move|p1a: Necrozma|Trick Room|p1a: Necrozma
|-fieldstart|move: Trick Room|[of] p1a: Necrozma
|
|upkeep
|turn|2
|c|☆subzero1422|youll know for next time
|
|t:|1750751409
|switch|p2a: Clefairy|Clefairy, L50, F|100/100
|move|p1b: Incineroar|Parting Shot|p2b: Incineroar
|-unboost|p2b: Incineroar|atk|1
|-unboost|p2b: Incineroar|spa|1
|
|t:|1750751415
|switch|p1b: Calyrex|Calyrex-Ice, L50|100/100|[from] Parting Shot
|-ability|p1b: Calyrex|As One
|-ability|p1b: Calyrex|Unnerve
|move|p1a: Necrozma|Photon Geyser|p2a: Clefairy
|-damage|p2a: Clefairy|17/100
|move|p2b: Incineroar|U-turn|p1b: Calyrex
|-supereffective|p1b: Calyrex
|-damage|p1b: Calyrex|87/100
|
|t:|1750751431
|switch|p2b: Miraidon|Miraidon, L50|100/100|[from] U-turn
|-fieldstart|move: Electric Terrain|[from] ability: Hadron Engine|[of] p2b: Miraidon
|
|upkeep
|turn|3
|
|t:|1750751459
|-terastallize|p2b: Miraidon|Electric
|move|p2a: Clefairy|After You|p2b: Miraidon
|-activate|p2b: Miraidon|move: After You
|move|p2b: Miraidon|Electro Drift|p1b: Calyrex
|-damage|p1b: Calyrex|0 fnt
|faint|p1b: Calyrex
|move|p1a: Necrozma|Photon Geyser|p2b: Miraidon
|-damage|p2b: Miraidon|11/100
|
|upkeep
|
|t:|1750751471
|switch|p1b: Incineroar|Incineroar, L50, F|100/100
|-ability|p1b: Incineroar|Intimidate|boost
|-unboost|p2a: Clefairy|atk|1
|-unboost|p2b: Miraidon|atk|1
|turn|4
|
|t:|1750751503
|switch|p2b: Incineroar|Incineroar, L50, F|100/100
|-ability|p2b: Incineroar|Intimidate|boost
|-unboost|p1a: Necrozma|atk|1
|-unboost|p1b: Incineroar|atk|1
|move|p1b: Incineroar|Fake Out|p2a: Clefairy
|-damage|p2a: Clefairy|9/100
|cant|p2a: Clefairy|flinch
|move|p1a: Necrozma|Photon Geyser|p2b: Incineroar
|-immune|p2b: Incineroar
|
|upkeep
|turn|5
|
|t:|1750751545
|move|p2a: Clefairy|Helping Hand|p2b: Incineroar
|-singleturn|p2b: Incineroar|Helping Hand|[of] p2a: Clefairy
|move|p1b: Incineroar|Knock Off|p2a: Clefairy
|-resisted|p2a: Clefairy
|-damage|p2a: Clefairy|0 fnt
|-enditem|p2a: Clefairy|Eviolite|[from] move: Knock Off|[of] p1b: Incineroar
|faint|p2a: Clefairy
|move|p1a: Necrozma|Moongeist Beam|p2b: Incineroar
|-resisted|p2b: Incineroar
|-damage|p2b: Incineroar|62/100
|move|p2b: Incineroar|Knock Off|p1a: Necrozma
|-supereffective|p1a: Necrozma
|-damage|p1a: Necrozma|10/100
|
|-fieldend|move: Trick Room
|upkeep
|
|t:|1750751559
|switch|p2a: Urshifu|Urshifu-Rapid-Strike, L50, F|100/100
|turn|6
|
|t:|1750751570
|move|p1a: Necrozma|Protect|p1a: Necrozma
|-singleturn|p1a: Necrozma|Protect
|move|p2a: Urshifu|Aqua Jet|p1a: Necrozma
|-damage|p1a: Necrozma|0 fnt
|faint|p1a: Necrozma
|move|p2b: Incineroar|Knock Off|p1b: Incineroar
|-resisted|p1b: Incineroar
|-damage|p1b: Incineroar|77/100
|-enditem|p1b: Incineroar|Safety Goggles|[from] move: Knock Off|[of] p2b: Incineroar
|move|p1b: Incineroar|Parting Shot|p2a: Urshifu
|-unboost|p2a: Urshifu|atk|1
|-unboost|p2a: Urshifu|spa|1
|
|t:|1750751581
|switch|p1b: Ursaluna|Ursaluna, L50, M|100/100|[from] Parting Shot
|
|-fieldend|move: Electric Terrain
|-status|p1b: Ursaluna|brn|[from] item: Flame Orb
|upkeep
|
|t:|1750751586
|switch|p1a: Incineroar|Incineroar, L50, F|77/100
|-ability|p1a: Incineroar|Intimidate|boost
|-unboost|p2a: Urshifu|atk|1
|-unboost|p2b: Incineroar|atk|1
|turn|7
|
|t:|1750751604
|move|p2a: Urshifu|Protect|p2a: Urshifu
|-singleturn|p2a: Urshifu|Protect
|move|p1a: Incineroar|Fake Out|p2a: Urshifu
|-activate|p2a: Urshifu|move: Protect
|move|p2b: Incineroar|U-turn|p1a: Incineroar
|-damage|p1a: Incineroar|62/100
|
|t:|1750751611
|switch|p2b: Miraidon|Miraidon, L50, tera:Electric|11/100|[from] U-turn
|-fieldstart|move: Electric Terrain|[from] ability: Hadron Engine|[of] p2b: Miraidon
|move|p1b: Ursaluna|Play Rough|p2a: Urshifu
|-activate|p2a: Urshifu|move: Protect
|
|-damage|p1b: Ursaluna|95/100 brn|[from] brn
|upkeep
|turn|8
|c|☆CuddlyFemboy|if only my miraidon was slower smh
|c|☆CuddlyFemboy|then i could do somehting funny
|
|t:|1750751668
|move|p2b: Miraidon|Volt Switch|p1a: Incineroar
|-damage|p1a: Incineroar|0 fnt
|faint|p1a: Incineroar
|
|t:|1750751672
|switch|p2b: Incineroar|Incineroar, L50, F|62/100|[from] Volt Switch
|-ability|p2b: Incineroar|Intimidate|boost
|-unboost|p1b: Ursaluna|atk|1
|move|p2a: Urshifu|Surging Strikes|p1b: Ursaluna
|-supereffective|p1b: Ursaluna
|-crit|p1b: Ursaluna
|-damage|p1b: Ursaluna|62/100 brn
|-supereffective|p1b: Ursaluna
|-crit|p1b: Ursaluna
|-damage|p1b: Ursaluna|29/100 brn
|-supereffective|p1b: Ursaluna
|-crit|p1b: Ursaluna
|-damage|p1b: Ursaluna|0 fnt
|faint|p1b: Ursaluna
|-hitcount|p1: Ursaluna|3
|
|win|CuddlyFemboy
|raw|subzero1422's rating: 1117 &rarr; <strong>1084</strong><br />(-33 for losing)
|raw|CuddlyFemboy's rating: 1000 &rarr; <strong>1053</strong><br />(+53 for winning)
|c|☆subzero1422|gg
|l|☆subzero1422
|player|p1|
|c|☆CuddlyFemboy|ggs
