|j|☆It'sJustKen VGC
|j|☆Sakuraa2004
|t:|1750816434
|gametype|doubles
|player|p1|It'sJustKen VGC|caitlin|1638
|player|p2|Sakuraa2004|pokemonbreederf-gen4|1594
|teamsize|p1|6
|teamsize|p2|6
|gen|9
|tier|[Gen 9] VGC 2025 Reg I
|rated|
|rule|Species Clause: Limit one of each Pokémon
|rule|Item Clause: Limit 1 of each item
|clearpoke
|poke|p1|Incineroar, L50, M|
|poke|p1|Urshifu-*, L50, F|
|poke|p1|Amoonguss, L50, M|
|poke|p1|Calyrex-Shadow, L50|
|poke|p1|Tornadus, L50, M|
|poke|p1|Terapagos, L50, M|
|poke|p2|Miraidon, L50|
|poke|p2|Lunala, L50|
|poke|p2|Incineroar, L50, F|
|poke|p2|Iron Treads, L50|
|poke|p2|Chesnaught, L50, F|
|poke|p2|Whimsicott, L50, F|
|teampreview|4
|inactive|Battle timer is ON: inactive players will automatically lose when time's up. (requested by It'sJustKen VGC)
|j| HolyMane
|inactive|It'sJustKen VGC has 60 seconds left.
|
|t:|1750816466
|start
|switch|p1a: @Not Wolfe Glick|Incineroar, L50, M|100/100
|switch|p1b: Chicken Jockey|Calyrex-Shadow, L50|100/100
|switch|p2a: Miraidon|Miraidon, L50|100/100
|switch|p2b: Incineroar|Incineroar, L50, F|100/100
|-ability|p1b: Chicken Jockey|As One
|-ability|p1b: Chicken Jockey|Unnerve
|-fieldstart|move: Electric Terrain|[from] ability: Hadron Engine|[of] p2a: Miraidon
|-ability|p1a: @Not Wolfe Glick|Intimidate|boost
|-unboost|p2a: Miraidon|atk|1
|-unboost|p2b: Incineroar|atk|1
|-ability|p2b: Incineroar|Intimidate|boost
|-unboost|p1a: @Not Wolfe Glick|atk|1
|-unboost|p1b: Chicken Jockey|atk|1
|turn|1
|
|t:|1750816480
|-terastallize|p1b: Chicken Jockey|Ghost
|move|p1a: @Not Wolfe Glick|Fake Out|p2a: Miraidon
|-damage|p2a: Miraidon|93/100
|move|p1b: Chicken Jockey|Astral Barrage|p2a: Miraidon|[spread] p2a,p2b
|-resisted|p2b: Incineroar
|-damage|p2a: Miraidon|37/100
|-damage|p2b: Incineroar|49/100
|-damage|p1b: Chicken Jockey|91/100|[from] item: Life Orb
|cant|p2a: Miraidon|flinch
|move|p2b: Incineroar|Knock Off|p1b: Chicken Jockey
|-supereffective|p1b: Chicken Jockey
|-damage|p1b: Chicken Jockey|37/100
|-enditem|p1b: Chicken Jockey|Life Orb|[from] move: Knock Off|[of] p2b: Incineroar
|
|upkeep
|turn|2
|
|t:|1750816503
|move|p1b: Chicken Jockey|Astral Barrage|p2b: Incineroar|[spread] p2a,p2b
|-resisted|p2b: Incineroar
|-damage|p2a: Miraidon|0 fnt
|-damage|p2b: Incineroar|13/100
|faint|p2a: Miraidon
|-ability|p1b: Chicken Jockey|Grim Neigh|boost
|-boost|p1b: Chicken Jockey|spa|1
|move|p1a: @Not Wolfe Glick|U-turn|p2b: Incineroar
|-damage|p2b: Incineroar|1/100
|-damage|p1a: @Not Wolfe Glick|84/100|[from] item: Rocky Helmet|[of] p2b: Incineroar
|
|t:|1750816508
|switch|p1a: Steven He|Urshifu-Rapid-Strike, L50, F|100/100|[from] U-turn
|move|p2b: Incineroar|Parting Shot|p1a: Steven He
|-unboost|p1a: Steven He|atk|1
|-unboost|p1a: Steven He|spa|1
|
|t:|1750816516
|switch|p2b: Lunala|Lunala, L50|100/100|[from] Parting Shot
|
|upkeep
|
|t:|1750816520
|switch|p2a: Incineroar|Incineroar, L50, F|1/100
|-ability|p2a: Incineroar|Intimidate|boost
|-unboost|p1a: Steven He|atk|1
|-unboost|p1b: Chicken Jockey|atk|1
|turn|3
|
|t:|1750816524
|-terastallize|p2b: Lunala|Fairy
|move|p2a: Incineroar|Fake Out|p1a: Steven He
|-crit|p1a: Steven He
|-damage|p1a: Steven He|83/100
|cant|p1a: Steven He|flinch
|move|p1b: Chicken Jockey|Astral Barrage|p2a: Incineroar|[spread] p2a,p2b
|-resisted|p2a: Incineroar
|-damage|p2a: Incineroar|0 fnt
|-damage|p2b: Lunala|54/100
|faint|p2a: Incineroar
|-ability|p1b: Chicken Jockey|Grim Neigh|boost
|-boost|p1b: Chicken Jockey|spa|1
|move|p2b: Lunala|Trick Room|p2b: Lunala
|-fieldstart|move: Trick Room|[of] p2b: Lunala
|
|upkeep
|
|t:|1750816532
|switch|p2a: Chesnaught|Chesnaught, L50, F|100/100
|-enditem|p2a: Chesnaught|Electric Seed
|-boost|p2a: Chesnaught|def|1|[from] item: Electric Seed
|turn|4
|
|t:|1750816541
|switch|p1b: @Not Wolfe Glick|Incineroar, L50, M|84/100
|-ability|p1b: @Not Wolfe Glick|Intimidate|boost
|-unboost|p2a: Chesnaught|atk|1
|-unboost|p2b: Lunala|atk|1
|switch|p1a: PTSD Mushroom|Amoonguss, L50, M|100/100
|move|p2a: Chesnaught|Body Press|p1a: PTSD Mushroom
|-resisted|p1a: PTSD Mushroom
|-damage|p1a: PTSD Mushroom|77/100
|move|p2b: Lunala|Moongeist Beam|p1a: PTSD Mushroom
|-damage|p1a: PTSD Mushroom|21/100
|-enditem|p1a: PTSD Mushroom|Sitrus Berry|[eat]
|-heal|p1a: PTSD Mushroom|45/100|[from] item: Sitrus Berry
|
|upkeep
|turn|5
|inactive|It'sJustKen VGC has 30 seconds left.
|l| HolyMane
|inactive|It'sJustKen VGC has 20 seconds left.
|inactive|It'sJustKen VGC has 15 seconds left.
|inactive|It'sJustKen VGC has 10 seconds left.
|inactive|Sakuraa2004 has 30 seconds left.
|inactive|It'sJustKen VGC has 5 seconds left.
|
|t:|1750816596
|move|p1a: PTSD Mushroom|Protect|p1a: PTSD Mushroom
|-singleturn|p1a: PTSD Mushroom|Protect
|move|p1b: @Not Wolfe Glick|Fake Out|p2b: Lunala
|-damage|p2b: Lunala|43/100
|move|p2a: Chesnaught|Body Press|p1b: @Not Wolfe Glick
|-supereffective|p1b: @Not Wolfe Glick
|-damage|p1b: @Not Wolfe Glick|0 fnt
|faint|p1b: @Not Wolfe Glick
|cant|p2b: Lunala|flinch
|
|-fieldend|move: Electric Terrain
|upkeep
|inactive|It'sJustKen VGC has 30 seconds left.
|inactive|It'sJustKen VGC has 20 seconds left.
|inactive|It'sJustKen VGC has 15 seconds left.
|inactive|It'sJustKen VGC has 10 seconds left.
|
|t:|1750816644
|switch|p1b: Chicken Jockey|Calyrex-Shadow, L50, tera:Ghost|37/100
|-ability|p1b: Chicken Jockey|As One
|-ability|p1b: Chicken Jockey|Unnerve
|turn|6
|
|t:|1750816658
|move|p1b: Chicken Jockey|Protect|p1b: Chicken Jockey
|-singleturn|p1b: Chicken Jockey|Protect
|move|p1a: PTSD Mushroom|Sludge Bomb|p2b: Lunala
|-supereffective|p2b: Lunala
|-damage|p2b: Lunala|2/100
|-status|p2b: Lunala|psn
|move|p2a: Chesnaught|Body Press|p1a: PTSD Mushroom
|-resisted|p1a: PTSD Mushroom
|-damage|p1a: PTSD Mushroom|21/100
|move|p2b: Lunala|Moongeist Beam|p1a: PTSD Mushroom
|-damage|p1a: PTSD Mushroom|0 fnt
|faint|p1a: PTSD Mushroom
|
|-damage|p2b: Lunala|0 fnt|[from] psn
|faint|p2b: Lunala
|upkeep
|
|t:|1750816671
|switch|p1a: Steven He|Urshifu-Rapid-Strike, L50, F|83/100
|turn|7
|
|t:|1750816678
|move|p2a: Chesnaught|Leech Seed|p1b: Chicken Jockey
|-start|p1b: Chicken Jockey|move: Leech Seed
|move|p1b: Chicken Jockey|Psychic|p2a: Chesnaught
|-supereffective|p2a: Chesnaught
|-damage|p2a: Chesnaught|0 fnt
|faint|p2a: Chesnaught
|
|win|It'sJustKen VGC
|raw|It&apos;sJustKen VGC's rating: 1638 &rarr; <strong>1655</strong><br />(+17 for winning)
|raw|Sakuraa2004's rating: 1594 &rarr; <strong>1577</strong><br />(-17 for losing)
|l|☆Sakuraa2004
|player|p2|
|l|☆It'sJustKen VGC
|player|p1|
