|j|☆anaverageguitarist
|j|☆Voyy12
|t:|1750738205
|gametype|doubles
|player|p1|anaverageguitarist|benga|1234
|player|p2|Voyy12|266|1188
|teamsize|p1|6
|teamsize|p2|6
|gen|9
|tier|[Gen 9] VGC 2025 Reg I
|rated|
|rule|Species Clause: Limit one of each Pokémon
|rule|Item Clause: Limit 1 of each item
|clearpoke
|poke|p1|Raging Bolt, L50|
|poke|p1|Koraidon, L50|
|poke|p1|Lunala, L50|
|poke|p1|Flutter Mane, L50|
|poke|p1|Incineroar, L50, F|
|poke|p1|Rillaboom, L50, M|
|poke|p2|Miraidon, L50|
|poke|p2|Koraidon, L50|
|poke|p2|Grimmsnarl, L50, M|
|poke|p2|Volcarona, L50, M|
|poke|p2|Incineroar, L50, F|
|poke|p2|Flutter Mane, L50|
|teampreview|4
anaverageguitarist has agreed to open team sheets.
Voyy12 has agreed to open team sheets.
|showteam|p1|Raging Bolt||Magnet|Protosynthesis|Thunderclap,Thunderbolt,DracoMeteor,Protect||||||50|,,,,,Electric]Koraidon||LifeOrb|OrichalcumPulse|CloseCombat,FlameCharge,FlareBlitz,Protect||||||50|,,,,,Fire]Lunala||Leftovers|ShadowShield|CalmMind,MoongeistBeam,Moonblast,Protect||||||50|,,,,,Fairy]Flutter Mane||FocusSash|Protosynthesis|ShadowBall,Protect,DazzlingGleam,Moonblast||||||50|,,,,,Fairy]Incineroar||SafetyGoggles|Intimidate|FakeOut,KnockOff,PartingShot,Taunt|||F|||50|,,,,,Water]Rillaboom||AssaultVest|GrassySurge|FakeOut,KnockOff,Uturn,GrassyGlide|||M|||50|,,,,,Water
|showteam|p2|Miraidon||ChoiceSpecs|HadronEngine|ElectroDrift,DracoMeteor,DazzlingGleam,VoltSwitch||||||50|,,,,,Fairy]Koraidon||LoadedDice|OrichalcumPulse|FlareBlitz,ScaleShot,CollisionCourse,Protect||||||50|,,,,,Fire]Grimmsnarl||CovertCloak|Prankster|SuckerPunch,ThunderWave,LightScreen,FakeOut|||M|||50|,,,,,Ground]Volcarona||ElectricSeed|FlameBody|FieryDance,RagePowder,Tailwind,Protect|||M|||50|,,,,,Water]Incineroar||AssaultVest|Intimidate|FlareBlitz,KnockOff,FakeOut,Uturn|||F|||50|,,,,,Water]Flutter Mane||FocusSash|Protosynthesis|Moonblast,IcyWind,Taunt,Protect||||||50|,,,,,Normal
|
|t:|1750738267
|start
|switch|p1a: Lunala|Lunala, L50|100/100
|switch|p1b: Incineroar|Incineroar, L50, F|100/100
|switch|p2a: Grimmsnarl|Grimmsnarl, L50, M|100/100
|switch|p2b: Volcarona|Volcarona, L50, M|100/100
|-ability|p1b: Incineroar|Intimidate|boost
|-unboost|p2a: Grimmsnarl|atk|1
|-unboost|p2b: Volcarona|atk|1
|turn|1
|
|t:|1750738290
|move|p1a: Lunala|Protect|p1a: Lunala
|-singleturn|p1a: Lunala|Protect
|move|p2a: Grimmsnarl|Fake Out|p1b: Incineroar
|-damage|p1b: Incineroar|94/100
|move|p2b: Volcarona|Tailwind|p2b: Volcarona
|-sidestart|p2: Voyy12|move: Tailwind
|cant|p1b: Incineroar|flinch
|
|upkeep
|turn|2
|
|t:|1750738319
|move|p2a: Grimmsnarl|Sucker Punch||[still]
|-fail|p2a: Grimmsnarl
|move|p2b: Volcarona|Fiery Dance|p1a: Lunala
|-damage|p1a: Lunala|88/100
|move|p1a: Lunala|Calm Mind|p1a: Lunala
|-boost|p1a: Lunala|spa|1
|-boost|p1a: Lunala|spd|1
|move|p1b: Incineroar|Taunt|p2a: Grimmsnarl
|-start|p2a: Grimmsnarl|move: Taunt
|
|-heal|p1a: Lunala|94/100|[from] item: Leftovers
|upkeep
|turn|3
|
|t:|1750738354
|switch|p2a: Koraidon|Koraidon, L50|100/100
|-weather|SunnyDay|[from] ability: Orichalcum Pulse|[of] p2a: Koraidon
|-activate|p2a: Koraidon|Orichalcum Pulse|[source]
|switch|p1b: Rillaboom|Rillaboom, L50, M|100/100
|-fieldstart|move: Grassy Terrain|[from] ability: Grassy Surge|[of] p1b: Rillaboom
|-terastallize|p1a: Lunala|Fairy
|move|p2b: Volcarona|Fiery Dance|p1a: Lunala
|-damage|p1a: Lunala|69/100
|move|p1a: Lunala|Moonblast|p2a: Koraidon
|-supereffective|p2a: Koraidon
|-crit|p2a: Koraidon
|-damage|p2a: Koraidon|0 fnt
|faint|p2a: Koraidon
|
|-weather|SunnyDay|[upkeep]
|-heal|p1a: Lunala|75/100|[from] Grassy Terrain
|-heal|p1a: Lunala|81/100|[from] item: Leftovers
|upkeep
|
|t:|1750738368
|switch|p2a: Miraidon|Miraidon, L50|100/100
|-fieldstart|move: Electric Terrain|[from] ability: Hadron Engine|[of] p2a: Miraidon
|-enditem|p2b: Volcarona|Electric Seed
|-boost|p2b: Volcarona|def|1|[from] item: Electric Seed
|turn|4
|
|t:|1750738390
|-terastallize|p2a: Miraidon|Fairy
|move|p1a: Lunala|Protect|p1a: Lunala
|-singleturn|p1a: Lunala|Protect
|move|p2a: Miraidon|Volt Switch|p1a: Lunala
|-activate|p1a: Lunala|move: Protect
|move|p2b: Volcarona|Fiery Dance|p1b: Rillaboom
|-supereffective|p1b: Rillaboom
|-damage|p1b: Rillaboom|34/100
|move|p1b: Rillaboom|U-turn|p2a: Miraidon
|-resisted|p2a: Miraidon
|-damage|p2a: Miraidon|92/100
|
|t:|1750738408
|switch|p1b: Flutter Mane|Flutter Mane, L50|100/100|[from] U-turn
|-activate|p1b: Flutter Mane|ability: Protosynthesis
|-start|p1b: Flutter Mane|protosynthesisspe
|
|-weather|SunnyDay|[upkeep]
|-heal|p1a: Lunala|87/100|[from] item: Leftovers
|-sideend|p2: Voyy12|move: Tailwind
|upkeep
|turn|5
|
|t:|1750738432
|move|p2b: Volcarona|Rage Powder|p2b: Volcarona
|-singleturn|p2b: Volcarona|move: Rage Powder
|move|p1b: Flutter Mane|Moonblast|p2b: Volcarona
|-resisted|p2b: Volcarona
|-damage|p2b: Volcarona|77/100
|-unboost|p2b: Volcarona|spa|1
|move|p2a: Miraidon|Volt Switch|p1a: Lunala
|-damage|p1a: Lunala|42/100
|
|t:|1750738439
|switch|p2a: Grimmsnarl|Grimmsnarl, L50, M|100/100|[from] Volt Switch
|move|p1a: Lunala|Moonblast|p2b: Volcarona
|-resisted|p2b: Volcarona
|-damage|p2b: Volcarona|42/100
|
|-weather|SunnyDay|[upkeep]
|-heal|p1a: Lunala|48/100|[from] item: Leftovers
|upkeep
|turn|6
|
|t:|1750738452
|-end|p1b: Flutter Mane|Protosynthesis|[silent]
|switch|p1b: Rillaboom|Rillaboom, L50, M|34/100
|-fieldstart|move: Grassy Terrain|[from] ability: Grassy Surge|[of] p1b: Rillaboom
|move|p1a: Lunala|Protect|p1a: Lunala
|-singleturn|p1a: Lunala|Protect
|move|p2a: Grimmsnarl|Thunder Wave|p1b: Rillaboom
|-status|p1b: Rillaboom|par
|move|p2b: Volcarona|Tailwind|p2b: Volcarona
|-sidestart|p2: Voyy12|move: Tailwind
|
|-weather|SunnyDay|[upkeep]
|-heal|p2b: Volcarona|48/100|[from] Grassy Terrain
|-heal|p1a: Lunala|55/100|[from] Grassy Terrain
|-heal|p1a: Lunala|61/100|[from] item: Leftovers
|-heal|p1b: Rillaboom|40/100 par|[from] Grassy Terrain
|upkeep
|turn|7
|
|t:|1750738480
|switch|p1b: Incineroar|Incineroar, L50, F|94/100
|-ability|p1b: Incineroar|Intimidate|boost
|-unboost|p2a: Grimmsnarl|atk|1
|-unboost|p2b: Volcarona|atk|1
|move|p2a: Grimmsnarl|Light Screen|p2a: Grimmsnarl
|-sidestart|p2: Voyy12|move: Light Screen
|move|p2b: Volcarona|Fiery Dance|p1b: Incineroar
|-resisted|p1b: Incineroar
|-damage|p1b: Incineroar|81/100
|-boost|p2b: Volcarona|spa|1
|move|p1a: Lunala|Moongeist Beam|p2b: Volcarona
|-damage|p2b: Volcarona|0 fnt
|faint|p2b: Volcarona
|
|-weather|none
|-heal|p1a: Lunala|67/100|[from] Grassy Terrain
|-heal|p1a: Lunala|73/100|[from] item: Leftovers
|-heal|p1b: Incineroar|87/100|[from] Grassy Terrain
|upkeep
|
|t:|1750738490
|switch|p2b: Miraidon|Miraidon, L50, tera:Fairy|92/100
|-fieldstart|move: Electric Terrain|[from] ability: Hadron Engine|[of] p2b: Miraidon
|turn|8
|
|t:|1750738529
|switch|p1b: Rillaboom|Rillaboom, L50, M|40/100 par
|-fieldstart|move: Grassy Terrain|[from] ability: Grassy Surge|[of] p1b: Rillaboom
|move|p1a: Lunala|Protect|p1a: Lunala
|-singleturn|p1a: Lunala|Protect
|move|p2a: Grimmsnarl|Thunder Wave|p1a: Lunala
|-activate|p1a: Lunala|move: Protect
|move|p2b: Miraidon|Electro Drift|p1b: Rillaboom
|-resisted|p1b: Rillaboom
|-damage|p1b: Rillaboom|13/100 par
|
|-heal|p2b: Miraidon|98/100|[from] Grassy Terrain
|-heal|p1a: Lunala|79/100|[from] Grassy Terrain
|-heal|p1a: Lunala|85/100|[from] item: Leftovers
|-heal|p1b: Rillaboom|19/100 par|[from] Grassy Terrain
|upkeep
|turn|9
|
|t:|1750738553
|move|p1b: Rillaboom|Fake Out|p2a: Grimmsnarl
|-damage|p2a: Grimmsnarl|90/100
|move|p2a: Grimmsnarl|Sucker Punch||[still]
|-fail|p2a: Grimmsnarl
|move|p2b: Miraidon|Electro Drift|p1a: Lunala
|-damage|p1a: Lunala|48/100
|move|p1a: Lunala|Moonblast|p2a: Grimmsnarl
|-supereffective|p2a: Grimmsnarl
|-damage|p2a: Grimmsnarl|0 fnt
|faint|p2a: Grimmsnarl
|
|-heal|p2b: Miraidon|100/100|[from] Grassy Terrain
|-heal|p1a: Lunala|55/100|[from] Grassy Terrain
|-heal|p1a: Lunala|61/100|[from] item: Leftovers
|-heal|p1b: Rillaboom|25/100 par|[from] Grassy Terrain
|-sideend|p2: Voyy12|move: Tailwind
|upkeep
|turn|10
|-message|Voyy12 forfeited.
|
|win|anaverageguitarist
|raw|anaverageguitarist's rating: 1234 &rarr; <strong>1256</strong><br />(+22 for winning)
|raw|Voyy12's rating: 1188 &rarr; <strong>1166</strong><br />(-22 for losing)
|l|☆Voyy12
|player|p2|
|l|☆anaverageguitarist
|player|p1|
