|j|☆booghost23
|j|☆Agent_999_999
|t:|1750771800
|gametype|doubles
|player|p1|booghost23|policeman-gen4|1237
|player|p2|Agent_999_999|ghetsis|1348
|teamsize|p1|6
|teamsize|p2|6
|gen|9
|tier|[Gen 9] VGC 2025 Reg I
|rated|
|rule|Species Clause: Limit one of each Pokémon
|rule|Item Clause: Limit 1 of each item
|clearpoke
|poke|p1|Dusclops, L50, M|
|poke|p1|Groudon, L50|
|poke|p1|Charizard, L50, M|
|poke|p1|Arcanine, L50, M|
|poke|p1|Koraidon, L50|
|poke|p1|Golem, L50, M|
|poke|p2|Miraidon, L50|
|poke|p2|Urshifu-*, L50, M|
|poke|p2|Ogerpon, L50, F|
|poke|p2|Iron Crown, L50|
|poke|p2|Lunala, L50|
|poke|p2|Incineroar, L50, M|
|teampreview|4
booghost23 rejected open team sheets.
|inactive|Battle timer is ON: inactive players will automatically lose when time's up. (requested by booghost23)
|
|t:|1750771875
|start
|switch|p1a: Dusclops|Dusclops, L50, M, shiny|100/100
|switch|p1b: Rock ON|Golem, L50, M|100/100
|switch|p2a: Incineroar|Incineroar, L50, M|100/100
|switch|p2b: Lunala|Lunala, L50|100/100
|-ability|p2a: Incineroar|Intimidate|boost
|-unboost|p1a: Dusclops|atk|1
|-unboost|p1b: Rock ON|atk|1
|-item|p2a: Incineroar|Assault Vest|[from] ability: Frisk|[of] p1a: Dusclops
|-item|p2b: Lunala|Leftovers|[from] ability: Frisk|[of] p1a: Dusclops
|turn|1
|inactive|booghost23 has 30 seconds left.
|inactive|Agent_999_999 has 30 seconds left.
|
|t:|1750771903
|-terastallize|p2b: Lunala|Fairy
|move|p2a: Incineroar|Fake Out|p1b: Rock ON
|-resisted|p1b: Rock ON
|-damage|p1b: Rock ON|95/100
|move|p2b: Lunala|Cosmic Power|p2b: Lunala
|-boost|p2b: Lunala|def|1
|-boost|p2b: Lunala|spd|1
|cant|p1b: Rock ON|flinch
|move|p1a: Dusclops|Shadow Ball|p2b: Lunala
|-damage|p2b: Lunala|97/100
|
|-heal|p2b: Lunala|100/100|[from] item: Leftovers
|upkeep
|turn|2
|
|t:|1750771925
|move|p2b: Lunala|Cosmic Power|p2b: Lunala
|-boost|p2b: Lunala|def|1
|-boost|p2b: Lunala|spd|1
|move|p1b: Rock ON|Explosion|p2a: Incineroar|[spread] p2a,p2b
|-immune|p1a: Dusclops
|-enditem|p1b: Rock ON|Normal Gem|[from] gem
|-damage|p2a: Incineroar|55/100
|-damage|p2b: Lunala|90/100
|faint|p1b: Rock ON
|move|p2a: Incineroar|Knock Off|p1a: Dusclops
|-supereffective|p1a: Dusclops
|-damage|p1a: Dusclops|56/100
|-enditem|p1a: Dusclops|Eviolite|[from] move: Knock Off|[of] p2a: Incineroar
|move|p1a: Dusclops|Will-O-Wisp|p2b: Lunala
|-status|p2b: Lunala|brn
|
|-heal|p2b: Lunala|96/100 brn|[from] item: Leftovers
|-damage|p2b: Lunala|90/100 brn|[from] brn
|upkeep
|
|t:|1750771943
|switch|p1b: The Don|Groudon, L50|100/100
|-weather|SunnyDay|[from] ability: Drought|[of] p1b: The Don
|turn|3
|
|t:|1750771960
|switch|p2a: Miraidon|Miraidon, L50|100/100
|-fieldstart|move: Electric Terrain|[from] ability: Hadron Engine|[of] p2a: Miraidon
|move|p1b: The Don|Swords Dance|p1b: The Don
|-boost|p1b: The Don|atk|2
|move|p2b: Lunala|Moonblast|p1b: The Don
|-damage|p1b: The Don|49/100
|move|p1a: Dusclops|Shadow Ball|p2b: Lunala
|-damage|p2b: Lunala|83/100 brn
|
|-weather|SunnyDay|[upkeep]
|-heal|p2b: Lunala|89/100 brn|[from] item: Leftovers
|-damage|p2b: Lunala|83/100 brn|[from] brn
|upkeep
|turn|4
|
|t:|1750771983
|move|p1b: The Don|Protect|p1b: The Don
|-singleturn|p1b: The Don|Protect
|move|p2a: Miraidon|Dazzling Gleam|p1a: Dusclops|[spread] p1a
|-activate|p1b: The Don|move: Protect
|-damage|p1a: Dusclops|21/100
|move|p2b: Lunala|Moonblast|p1b: The Don
|-activate|p1b: The Don|move: Protect
|move|p1a: Dusclops|Trick Room|p1a: Dusclops
|-fieldstart|move: Trick Room|[of] p1a: Dusclops
|
|-weather|SunnyDay|[upkeep]
|-heal|p2b: Lunala|89/100 brn|[from] item: Leftovers
|-damage|p2b: Lunala|83/100 brn|[from] brn
|upkeep
|turn|5
|
|t:|1750772001
|switch|p2a: Incineroar|Incineroar, L50, M|55/100
|-ability|p2a: Incineroar|Intimidate|boost
|-unboost|p1a: Dusclops|atk|1
|-fail|p1b: The Don|unboost|[from] item: Clear Amulet|[of] p1b: The Don
|move|p1a: Dusclops|Will-O-Wisp|p2a: Incineroar
|-immune|p2a: Incineroar
|move|p2b: Lunala|Moonblast|p1b: The Don
|-damage|p1b: The Don|2/100
|move|p1b: The Don|Precipice Blades|p2a: Incineroar|[spread] p2b
|-miss|p1b: The Don|p2a: Incineroar
|-damage|p2b: Lunala|42/100 brn
|
|-weather|SunnyDay|[upkeep]
|-heal|p2b: Lunala|48/100 brn|[from] item: Leftovers
|-damage|p2b: Lunala|42/100 brn|[from] brn
|upkeep
|turn|6
|
|t:|1750772023
|move|p1b: The Don|Protect|p1b: The Don
|-singleturn|p1b: The Don|Protect
|move|p2a: Incineroar|U-turn|p1b: The Don
|-activate|p1b: The Don|move: Protect
|move|p2b: Lunala|Moonlight|p2b: Lunala
|-heal|p2b: Lunala|100/100 brn
|move|p1a: Dusclops|Trick Room|p1a: Dusclops
|-fieldend|move: Trick Room
|
|-weather|SunnyDay|[upkeep]
|-damage|p2b: Lunala|94/100 brn|[from] brn
|upkeep
|turn|7
|
|t:|1750772042
|move|p1b: The Don|Precipice Blades|p2b: Lunala|[spread] p2b
|-miss|p1b: The Don|p2a: Incineroar
|-damage|p2b: Lunala|60/100 brn
|move|p2b: Lunala|Cosmic Power|p2b: Lunala
|-boost|p2b: Lunala|def|1
|-boost|p2b: Lunala|spd|1
|move|p2a: Incineroar|U-turn|p1b: The Don
|-damage|p1b: The Don|0 fnt
|faint|p1b: The Don
|c|☆booghost23|fuck this
|
|t:|1750772054
|switch|p2a: Ogerpon|Ogerpon, L50, F|100/100|[from] U-turn
|move|p1a: Dusclops|Trick Room|p1a: Dusclops
|-fieldstart|move: Trick Room|[of] p1a: Dusclops
|
|-weather|none
|-heal|p2b: Lunala|66/100 brn|[from] item: Leftovers
|-damage|p2b: Lunala|60/100 brn|[from] brn
|-fieldend|move: Electric Terrain
|upkeep
|c|☆booghost23|miss twice on incin
|-message|booghost23 forfeited.
|
|win|Agent_999_999
|raw|booghost23's rating: 1237 &rarr; <strong>1220</strong><br />(-17 for losing)
|raw|Agent_999_999's rating: 1348 &rarr; <strong>1362</strong><br />(+14 for winning)
|l|☆booghost23
|player|p1|
|l|☆Agent_999_999
|player|p2|
