|j|☆ChickenZX
|j|☆tavares vgc
|t:|1750734058
|gametype|doubles
|player|p1|ChickenZX|fisherman-gen4|1457
|player|p2|tavares vgc|hilbert|1433
|teamsize|p1|6
|teamsize|p2|6
|gen|9
|tier|[Gen 9] VGC 2025 Reg I
|rated|
|rule|Species Clause: Limit one of each Pokémon
|rule|Item Clause: Limit 1 of each item
|clearpoke
|poke|p1|Lilligant-Hisui, L50, F|
|poke|p1|Groudon, L50|
|poke|p1|Ogerpon-Hearthflame, L50, F|
|poke|p1|Incineroar, L50, F|
|poke|p1|Miraidon, L50|
|poke|p1|Iron Valiant, L50|
|poke|p2|Groudon, L50|
|poke|p2|Raging Bolt, L50|
|poke|p2|Whimsicott, L50, M|
|poke|p2|Miraidon, L50|
|poke|p2|Iron Bundle, L50|
|poke|p2|Farigiraf, L50, F|
|teampreview|4
|inactive|Battle timer is ON: inactive players will automatically lose when time's up. (requested by ChickenZX)
|inactive|ChickenZX has 60 seconds left.
|
|t:|1750734093
|start
|switch|p1a: Incineroar|Incineroar, L50, F|100/100
|switch|p1b: Ogerpon|Ogerpon-Hearthflame, L50, F|100/100
|switch|p2a: Miraidon|Miraidon, L50|100/100
|switch|p2b: Iron Bundle|Iron Bundle, L50|100/100
|-fieldstart|move: Electric Terrain|[from] ability: Hadron Engine|[of] p2a: Miraidon
|-activate|p2b: Iron Bundle|ability: Quark Drive
|-start|p2b: Iron Bundle|quarkdrivespe
|-ability|p1b: Ogerpon|Mold Breaker
|-ability|p1a: Incineroar|Intimidate|boost
|-unboost|p2a: Miraidon|atk|1
|-unboost|p2b: Iron Bundle|atk|1
|turn|1
|inactive|tavares vgc has 30 seconds left.
|inactive|tavares vgc has 20 seconds left.
|
|t:|1750734129
|move|p1a: Incineroar|Fake Out|p2b: Iron Bundle
|-crit|p2b: Iron Bundle
|-damage|p2b: Iron Bundle|79/100
|cant|p2b: Iron Bundle|flinch
|move|p2a: Miraidon|Volt Switch|p1a: Incineroar
|-damage|p1a: Incineroar|13/100
|
|t:|1750734149
|switch|p2a: Raging Bolt|Raging Bolt, L50|100/100|[from] Volt Switch
|move|p1b: Ogerpon|Wood Hammer|p2b: Iron Bundle
|-supereffective|p2b: Iron Bundle
|-damage|p2b: Iron Bundle|0 fnt
|faint|p2b: Iron Bundle
|-end|p2b: Iron Bundle|Quark Drive|[silent]
|-damage|p1b: Ogerpon|82/100|[from] Recoil
|
|upkeep
|
|t:|1750734171
|switch|p2b: Miraidon|Miraidon, L50|100/100
|-activate|p2b: Miraidon|ability: Hadron Engine
|turn|2
|inactive|tavares vgc has 30 seconds left.
|inactive|tavares vgc has 20 seconds left.
|inactive|tavares vgc has 15 seconds left.
|inactive|tavares vgc has 10 seconds left.
|
|t:|1750734219
|move|p1b: Ogerpon|Follow Me|p1b: Ogerpon
|-singleturn|p1b: Ogerpon|move: Follow Me
|move|p2b: Miraidon|Discharge|p1a: Incineroar|[spread] p2a,p1a,p1b
|-resisted|p2a: Raging Bolt
|-resisted|p1b: Ogerpon
|-damage|p2a: Raging Bolt|82/100
|-damage|p1a: Incineroar|0 fnt
|-damage|p1b: Ogerpon|40/100
|faint|p1a: Incineroar
|move|p2a: Raging Bolt|Rising Voltage|p1b: Ogerpon
|-hint|Rising Voltage's BP doubled on grounded target.
|-resisted|p1b: Ogerpon
|-damage|p1b: Ogerpon|0 fnt
|faint|p1b: Ogerpon
|-damage|p2a: Raging Bolt|72/100|[from] item: Life Orb
|
|upkeep
|
|t:|1750734225
|switch|p1b: Lilligant|Lilligant-Hisui, L50, F, shiny|100/100
|switch|p1a: Groudon|Groudon, L50|100/100
|-weather|SunnyDay|[from] ability: Drought|[of] p1a: Groudon
|-activate|p2a: Raging Bolt|ability: Protosynthesis
|-start|p2a: Raging Bolt|protosynthesisspa
|turn|3
|inactive|tavares vgc has 30 seconds left.
|inactive|tavares vgc has 20 seconds left.
|
|t:|1750734264
|switch|p2b: Groudon|Groudon, L50|100/100
|move|p1b: Lilligant|Close Combat|p2a: Raging Bolt
|-damage|p2a: Raging Bolt|23/100
|-unboost|p1b: Lilligant|def|1
|-unboost|p1b: Lilligant|spd|1
|move|p1a: Groudon|Precipice Blades|p2b: Groudon|[spread] p2a,p2b
|-supereffective|p2a: Raging Bolt
|-damage|p2a: Raging Bolt|0 fnt
|-damage|p2b: Groudon|72/100
|faint|p2a: Raging Bolt
|-end|p2a: Raging Bolt|Protosynthesis|[silent]
|
|-weather|SunnyDay|[upkeep]
|-heal|p2b: Groudon|77/100|[from] item: Leftovers
|upkeep
|
|t:|1750734274
|switch|p2a: Miraidon|Miraidon, L50|100/100
|-activate|p2a: Miraidon|ability: Hadron Engine
|turn|4
|inactive|tavares vgc has 30 seconds left.
|j| falafel hunk chunk
|inactive|ChickenZX has 30 seconds left.
|inactive|tavares vgc has 20 seconds left.
|inactive|tavares vgc has 15 seconds left.
|
|t:|1750734317
|move|p1a: Groudon|Protect|p1a: Groudon
|-singleturn|p1a: Groudon|Protect
|move|p1b: Lilligant|Solar Blade||[still]
|-prepare|p1b: Lilligant|Solar Blade
|-anim|p1b: Lilligant|Solar Blade|p2b: Groudon
|-supereffective|p2b: Groudon
|-damage|p2b: Groudon|10/100
|move|p2a: Miraidon|Overheat|p1a: Groudon
|-activate|p1a: Groudon|move: Protect
|move|p2b: Groudon|Swords Dance|p2b: Groudon
|-boost|p2b: Groudon|atk|2
|
|-weather|SunnyDay|[upkeep]
|-heal|p2b: Groudon|15/100|[from] item: Leftovers
|upkeep
|turn|5
|inactive|ChickenZX has 30 seconds left.
|
|t:|1750734347
|-terastallize|p2a: Miraidon|Fire
|-terastallize|p1a: Groudon|Fire
|move|p2b: Groudon|Protect|p2b: Groudon
|-singleturn|p2b: Groudon|Protect
|move|p1b: Lilligant|After You|p1a: Groudon
|-activate|p1a: Groudon|move: After You
|move|p1a: Groudon|Precipice Blades|p2b: Groudon|[spread] p2a
|-activate|p2b: Groudon|move: Protect
|-supereffective|p2a: Miraidon
|-damage|p2a: Miraidon|0 fnt
|faint|p2a: Miraidon
|
|-weather|SunnyDay|[upkeep]
|-heal|p2b: Groudon|21/100|[from] item: Leftovers
|-fieldend|move: Electric Terrain
|upkeep
|turn|6
|inactive|tavares vgc has 30 seconds left.
|l|☆tavares vgc
|inactive|tavares vgc disconnected and has a minute to reconnect!
|player|p2|
|inactive|tavares vgc has 20 seconds left.
|inactive|tavares vgc has 15 seconds left.
|inactive|tavares vgc has 10 seconds left.
|inactive|tavares vgc has 5 seconds left.
|-message|tavares vgc lost due to inactivity.
|
|win|ChickenZX
|raw|ChickenZX's rating: 1457 &rarr; <strong>1476</strong><br />(+19 for winning)
|raw|tavares vgc's rating: 1433 &rarr; <strong>1414</strong><br />(-19 for losing)
