|j|☆leshoegg
|j|☆frmx
|t:|1750798505
|gametype|doubles
|player|p1|leshoegg|101|1353
|player|p2|frmx|170|1369
|teamsize|p1|6
|teamsize|p2|6
|gen|9
|tier|[Gen 9] VGC 2025 Reg I
|rated|
|rule|Species Clause: Limit one of each Pokémon
|rule|Item Clause: Limit 1 of each item
|clearpoke
|poke|p1|Miraidon, L50|
|poke|p1|Calyrex-Ice, L50|
|poke|p1|Ogerpon-Wellspring, L50, F|
|poke|p1|Altaria, L50, F|
|poke|p1|Farigiraf, L50, F|
|poke|p1|Incineroar, L50, F|
|poke|p2|Kyogre, L50|
|poke|p2|Iron Jugulis, L50|
|poke|p2|Landorus, L50, M|
|poke|p2|Miraidon, L50|
|poke|p2|Raichu-Alola, L50, M|
|poke|p2|Farigiraf, L50, M|
|teampreview|4
|inactive|Battle timer is ON: inactive players will automatically lose when time's up. (requested by leshoegg)
leshoegg has agreed to open team sheets.
|inactive|frmx has 60 seconds left.
|
|t:|1750798544
|start
|switch|p1a: Altaria|Altaria, L50, F|100/100
|switch|p1b: Miraidon|Miraidon, L50|100/100
|switch|p2a: Raichu|Raichu-Alola, L50, M|100/100
|switch|p2b: Miraidon|Miraidon, L50|100/100
|-fieldstart|move: Electric Terrain|[from] ability: Hadron Engine|[of] p2b: Miraidon
|-activate|p1b: Miraidon|ability: Hadron Engine
|-ability|p1a: Altaria|Cloud Nine
|turn|1
|
|t:|1750798565
|-terastallize|p1b: Miraidon|Fairy
|move|p1a: Altaria|Protect|p1a: Altaria
|-singleturn|p1a: Altaria|Protect
|move|p2a: Raichu|Fake Out|p1b: Miraidon
|-damage|p1b: Miraidon|92/100
|move|p2b: Miraidon|Electro Drift|p1b: Miraidon
|-damage|p1b: Miraidon|0 fnt
|faint|p1b: Miraidon
|
|upkeep
|
|t:|1750798572
|switch|p1b: Calyrex|Calyrex-Ice, L50|100/100
|-ability|p1b: Calyrex|As One
|-ability|p1b: Calyrex|Unnerve
|turn|2
|
|t:|1750798583
|move|p1a: Altaria|Helping Hand|p1b: Calyrex
|-singleturn|p1b: Calyrex|Helping Hand|[of] p1a: Altaria
|move|p2a: Raichu|Fake Tears|p1b: Calyrex
|-unboost|p1b: Calyrex|spd|2
|move|p2b: Miraidon|Electro Drift|p1b: Calyrex
|-damage|p1b: Calyrex|0 fnt
|faint|p1b: Calyrex
|
|upkeep
|
|t:|1750798587
|switch|p1b: Ogerpon|Ogerpon-Wellspring, L50, F|100/100
|turn|3
|
|t:|1750798599
|move|p1b: Ogerpon|Spiky Shield|p1b: Ogerpon
|-singleturn|p1b: Ogerpon|move: Protect
|move|p2a: Raichu|Fake Tears|p1b: Ogerpon
|-activate|p1b: Ogerpon|move: Protect
|move|p2b: Miraidon|Electro Drift|p1b: Ogerpon
|-activate|p1b: Ogerpon|move: Protect
|-damage|p2b: Miraidon|88/100|[from] Spiky Shield|[of] p1b: Ogerpon
|move|p1a: Altaria|Moonblast|p2b: Miraidon
|-supereffective|p2b: Miraidon
|-damage|p2b: Miraidon|46/100
|
|upkeep
|turn|4
|
|t:|1750798614
|move|p1b: Ogerpon|Spiky Shield|p1b: Ogerpon
|-singleturn|p1b: Ogerpon|move: Protect
|move|p2a: Raichu|Encore|p1b: Ogerpon
|-activate|p1b: Ogerpon|move: Protect
|move|p2b: Miraidon|Electro Drift|p1a: Altaria
|-enditem|p1a: Altaria|Focus Sash
|-damage|p1a: Altaria|1/100
|move|p1a: Altaria|Moonblast|p2b: Miraidon
|-supereffective|p2b: Miraidon
|-damage|p2b: Miraidon|8/100
|-unboost|p2b: Miraidon|spa|1
|
|upkeep
|turn|5
|-message|leshoegg forfeited.
|
|win|frmx
|raw|leshoegg's rating: 1353 &rarr; <strong>1334</strong><br />(-19 for losing)
|raw|frmx's rating: 1369 &rarr; <strong>1388</strong><br />(+19 for winning)
|l|☆leshoegg
|player|p1|
|l|☆frmx
|player|p2|
