|j|☆M1ZZOU
|j|☆ampersandwich
|t:|1750714820
|gametype|doubles
|player|p1|M1ZZOU|tuber|1218
|player|p2|ampersandwich|rocketgruntf|1185
|teamsize|p1|6
|teamsize|p2|6
|gen|9
|tier|[Gen 9] VGC 2025 Reg I
|rated|
|rule|Species Clause: Limit one of each Pokémon
|rule|Item Clause: Limit 1 of each item
|clearpoke
|poke|p1|Calyrex-Ice, L50|
|poke|p1|Flutter Mane, L50|
|poke|p1|Indeedee-F, L50, F|
|poke|p1|Dusclops, L50, F|
|poke|p1|Urshifu-*, L50, F|
|poke|p1|Kyogre, L50|
|poke|p2|Miraidon, L50|
|poke|p2|Lunala, L50|
|poke|p2|Incineroar, L50, F|
|poke|p2|Grimmsnarl, L50, M|
|poke|p2|Landorus, L50, M|
|poke|p2|Ogerpon-Wellspring, L50, F|
|teampreview|4
|inactive|Battle timer is ON: inactive players will automatically lose when time's up. (requested by M1ZZOU)
M1ZZOU has agreed to open team sheets.
|
|t:|1750714846
|start
|switch|p1a: Kyogre|Kyogre, L50|100/100
|switch|p1b: Flutter Mane|Flutter Mane, L50|100/100
|switch|p2a: Lunala|Lunala, L50|100/100
|switch|p2b: Incineroar|Incineroar, L50, F|100/100
|-weather|RainDance|[from] ability: Drizzle|[of] p1a: Kyogre
|-ability|p2b: Incineroar|Intimidate|boost
|-unboost|p1a: Kyogre|atk|1
|-unboost|p1b: Flutter Mane|atk|1
|turn|1
|inactive|ampersandwich has 30 seconds left.
|
|t:|1750714876
|-terastallize|p2b: Incineroar|Fire
|move|p2b: Incineroar|Fake Out|p1a: Kyogre
|-damage|p1a: Kyogre|87/100
|cant|p1a: Kyogre|flinch
|move|p1b: Flutter Mane|Moonblast|p2a: Lunala
|-damage|p2a: Lunala|83/100
|move|p2a: Lunala|Calm Mind|p2a: Lunala
|-boost|p2a: Lunala|spa|1
|-boost|p2a: Lunala|spd|1
|
|-weather|RainDance|[upkeep]
|upkeep
|turn|2
|inactive|ampersandwich has 30 seconds left.
|
|t:|1750714904
|switch|p2b: Ogerpon|Ogerpon-Wellspring, L50, F|100/100
|move|p1a: Kyogre|Hydro Pump|p2b: Ogerpon
|-immune|p2b: Ogerpon|[from] ability: Water Absorb
|move|p1b: Flutter Mane|Shadow Ball|p2a: Lunala
|-supereffective|p2a: Lunala
|-damage|p2a: Lunala|0 fnt
|faint|p2a: Lunala
|
|-weather|RainDance|[upkeep]
|upkeep
|
|t:|1750714918
|switch|p2a: Miraidon|Miraidon, L50|100/100
|-fieldstart|move: Electric Terrain|[from] ability: Hadron Engine|[of] p2a: Miraidon
|turn|3
|
|t:|1750714928
|switch|p1a: Dusclops|Dusclops, L50, F|100/100
|-item|p2a: Miraidon|Choice Scarf|[from] ability: Frisk|[of] p1a: Dusclops
|-item|p2b: Ogerpon|Wellspring Mask|[from] ability: Frisk|[of] p1a: Dusclops
|move|p2a: Miraidon|Electro Drift|p1b: Flutter Mane
|-enditem|p1b: Flutter Mane|Focus Sash
|-damage|p1b: Flutter Mane|1/100
|move|p1b: Flutter Mane|Moonblast|p2a: Miraidon
|-supereffective|p2a: Miraidon
|-damage|p2a: Miraidon|4/100
|move|p2b: Ogerpon|Wood Hammer|p1a: Dusclops
|-damage|p1a: Dusclops|67/100
|-damage|p2b: Ogerpon|92/100|[from] Recoil
|
|-weather|RainDance|[upkeep]
|upkeep
|turn|4
|
|t:|1750714951
|move|p2b: Ogerpon|Follow Me|p2b: Ogerpon
|-singleturn|p2b: Ogerpon|move: Follow Me
|move|p2a: Miraidon|Electro Drift|p1b: Flutter Mane
|-damage|p1b: Flutter Mane|0 fnt
|faint|p1b: Flutter Mane
|-end|p1b: Flutter Mane|Protosynthesis|[silent]
|move|p1a: Dusclops|Trick Room|p1a: Dusclops
|-fieldstart|move: Trick Room|[of] p1a: Dusclops
|
|-weather|RainDance|[upkeep]
|upkeep
|
|t:|1750714960
|switch|p1b: Calyrex|Calyrex-Ice, L50|100/100
|-ability|p1b: Calyrex|As One
|-ability|p1b: Calyrex|Unnerve
|turn|5
|
|t:|1750714971
|switch|p2a: Incineroar|Incineroar, L50, F, tera:Fire|100/100
|-ability|p2a: Incineroar|Intimidate|boost
|-unboost|p1a: Dusclops|atk|1
|-unboost|p1b: Calyrex|atk|1
|move|p2b: Ogerpon|Spiky Shield|p2b: Ogerpon
|-singleturn|p2b: Ogerpon|move: Protect
|move|p1a: Dusclops|Night Shade|p2b: Ogerpon
|-activate|p2b: Ogerpon|move: Protect
|move|p1b: Calyrex|Glacial Lance|p2a: Incineroar|[spread] p2a
|-activate|p2b: Ogerpon|move: Protect
|-resisted|p2a: Incineroar
|-damage|p2a: Incineroar|83/100
|
|-weather|none
|upkeep
|turn|6
|inactive|ampersandwich has 30 seconds left.
|
|t:|1750714997
|move|p1a: Dusclops|Night Shade|p2a: Incineroar
|-damage|p2a: Incineroar|54/100
|move|p1b: Calyrex|Glacial Lance|p2a: Incineroar|[spread] p2a,p2b
|-resisted|p2a: Incineroar
|-damage|p2a: Incineroar|38/100
|-damage|p2b: Ogerpon|50/100
|move|p2a: Incineroar|Knock Off|p1b: Calyrex
|-supereffective|p1b: Calyrex
|-damage|p1b: Calyrex|48/100
|-enditem|p1b: Calyrex|Covert Cloak|[from] move: Knock Off|[of] p2a: Incineroar
|move|p2b: Ogerpon|Ivy Cudgel|p1a: Dusclops|[anim] Ivy Cudgel Water
|-damage|p1a: Dusclops|41/100
|
|upkeep
|turn|7
|inactive|M1ZZOU has 30 seconds left.
|
|t:|1750715031
|move|p1a: Dusclops|Night Shade|p2a: Incineroar
|-damage|p2a: Incineroar|9/100
|move|p1b: Calyrex|Glacial Lance|p2a: Incineroar|[spread] p2a,p2b
|-resisted|p2a: Incineroar
|-damage|p2a: Incineroar|0 fnt
|-damage|p2b: Ogerpon|4/100
|faint|p2a: Incineroar
|-ability|p1b: Calyrex|Chilling Neigh|boost
|-boost|p1b: Calyrex|atk|1
|move|p2b: Ogerpon|Ivy Cudgel|p1a: Dusclops|[anim] Ivy Cudgel Water
|-damage|p1a: Dusclops|11/100
|
|-fieldend|move: Electric Terrain
|upkeep
|
|t:|1750715044
|switch|p2a: Miraidon|Miraidon, L50|4/100
|-fieldstart|move: Electric Terrain|[from] ability: Hadron Engine|[of] p2a: Miraidon
|turn|8
|
|t:|1750715062
|move|p2b: Ogerpon|Spiky Shield|p2b: Ogerpon
|-singleturn|p2b: Ogerpon|move: Protect
|move|p1a: Dusclops|Night Shade|p2b: Ogerpon
|-activate|p2b: Ogerpon|move: Protect
|move|p1b: Calyrex|Glacial Lance|p2b: Ogerpon|[spread] p2a
|-activate|p2b: Ogerpon|move: Protect
|-supereffective|p2a: Miraidon
|-damage|p2a: Miraidon|0 fnt
|faint|p2a: Miraidon
|-ability|p1b: Calyrex|Chilling Neigh|boost
|-boost|p1b: Calyrex|atk|1
|
|-fieldend|move: Trick Room
|upkeep
|turn|9
|inactive|M1ZZOU has 30 seconds left.
|
|t:|1750715093
|move|p2b: Ogerpon|Ivy Cudgel|p1a: Dusclops|[anim] Ivy Cudgel Water
|-damage|p1a: Dusclops|0 fnt
|faint|p1a: Dusclops
|move|p1b: Calyrex|Glacial Lance|p2b: Ogerpon
|-damage|p2b: Ogerpon|0 fnt
|faint|p2b: Ogerpon
|
|win|M1ZZOU
|raw|M1ZZOU's rating: 1218 &rarr; <strong>1241</strong><br />(+23 for winning)
|raw|ampersandwich's rating: 1185 &rarr; <strong>1162</strong><br />(-23 for losing)
|l|☆M1ZZOU
|player|p1|
