|j|☆weeabruh
|j|☆Tommytheog
|t:|1750753380
|gametype|doubles
|player|p1|weeabruh|n|1063
|player|p2|Tommytheog|266|1163
|teamsize|p1|6
|teamsize|p2|6
|gen|9
|tier|[Gen 9] VGC 2025 Reg I
|rated|
|rule|Species Clause: Limit one of each Pokémon
|rule|Item Clause: Limit 1 of each item
|clearpoke
|poke|p1|Enamorus, L50, F|
|poke|p1|Annihilape, L50, F|
|poke|p1|Ninetales, L50, F|
|poke|p1|Solgaleo, L50|
|poke|p1|Avalugg-Hisui, L50, M|
|poke|p1|Archaludon, L50, F|
|poke|p2|Koraidon, L50|
|poke|p2|Charizard, L50, M|
|poke|p2|Zoroark, L50, F|
|poke|p2|Groudon, L50|
|poke|p2|Torkoal, L50, M|
|poke|p2|Flutter Mane, L50|
|teampreview|4
|inactive|Battle timer is ON: inactive players will automatically lose when time's up. (requested by Tommytheog)
|inactive|weeabruh has 60 seconds left.
|l|☆Tommytheog
|inactive|Tommytheog disconnected and has a minute to reconnect!
|player|p2|
|
|t:|1750753434
|start
|switch|p1a: Enamorus|Enamorus, L50, F|100/100
|switch|p1b: Annihilape|Annihilape, L50, F, shiny|100/100
|switch|p2a: Groudon|Groudon, L50|100/100
|switch|p2b: Charizard|Charizard, L50, M|100/100
|-weather|SunnyDay|[from] ability: Drought|[of] p2a: Groudon
|turn|1
|j|☆Tommytheog
|inactive|Tommytheog reconnected and has 50 seconds left.
|player|p2|Tommytheog|266|
|inactive|weeabruh has 30 seconds left.
|
|t:|1750753463
|move|p1b: Annihilape|Scary Face|p1a: Enamorus
|-boost|p1a: Enamorus|spe|2
|move|p1a: Enamorus|Springtide Storm|p2b: Charizard|[spread] p2a,p2b
|-resisted|p2b: Charizard
|-damage|p2a: Groudon|53/100
|-damage|p2b: Charizard|73/100
|move|p2b: Charizard|Heat Wave|p1b: Annihilape|[spread] p1a,p1b
|-damage|p1a: Enamorus|0 fnt
|-damage|p1b: Annihilape|0 fnt
|faint|p1a: Enamorus
|faint|p1b: Annihilape
|move|p2a: Groudon|Thunder Punch|p1: Enamorus|[notarget]
|-fail|p2a: Groudon
|
|-weather|SunnyDay|[upkeep]
|-damage|p2b: Charizard|61/100|[from] ability: Solar Power|[of] p2b: Charizard
|upkeep
|
|t:|1750753473
|switch|p1b: Avalugg|Avalugg-Hisui, L50, M|100/100
|switch|p1a: Solgaleo|Solgaleo, L50|100/100
|turn|2
|
|t:|1750753485
|switch|p2a: Flutter Mane|Flutter Mane, L50|100/100
|-activate|p2a: Flutter Mane|ability: Protosynthesis
|-start|p2a: Flutter Mane|protosynthesisspe
|move|p1a: Solgaleo|Wide Guard|p1a: Solgaleo
|-singleturn|p1a: Solgaleo|Wide Guard
|move|p2b: Charizard|Heat Wave|p1b: Avalugg|[spread] 
|-activate|p1a: Solgaleo|move: Wide Guard
|-activate|p1b: Avalugg|move: Wide Guard
|move|p1b: Avalugg|Icicle Spear|p2a: Flutter Mane
|-damage|p2a: Flutter Mane|66/100
|-damage|p2a: Flutter Mane|36/100
|-damage|p2a: Flutter Mane|4/100
|-damage|p2a: Flutter Mane|0 fnt
|faint|p2a: Flutter Mane
|-end|p2a: Flutter Mane|Protosynthesis|[silent]
|-hitcount|p2: Flutter Mane|4
|
|-weather|SunnyDay|[upkeep]
|-damage|p2b: Charizard|49/100|[from] ability: Solar Power|[of] p2b: Charizard
|upkeep
|
|t:|1750753503
|switch|p2a: Koraidon|Koraidon, L50|100/100
|-activate|p2a: Koraidon|ability: Orichalcum Pulse
|turn|3
|
|t:|1750753525
|-terastallize|p2a: Koraidon|Water
|-terastallize|p1b: Avalugg|Ghost
|move|p1a: Solgaleo|Wide Guard|p1a: Solgaleo
|-singleturn|p1a: Solgaleo|Wide Guard
|move|p2a: Koraidon|Close Combat|p1a: Solgaleo
|-damage|p1a: Solgaleo|29/100
|-unboost|p2a: Koraidon|def|1
|-unboost|p2a: Koraidon|spd|1
|-damage|p2a: Koraidon|91/100|[from] item: Life Orb
|move|p2b: Charizard|Heat Wave|p1b: Avalugg|[spread] 
|-activate|p1a: Solgaleo|move: Wide Guard
|-activate|p1b: Avalugg|move: Wide Guard
|move|p1b: Avalugg|Icicle Spear|p2a: Koraidon
|-resisted|p2a: Koraidon
|-damage|p2a: Koraidon|81/100
|-resisted|p2a: Koraidon
|-damage|p2a: Koraidon|70/100
|-resisted|p2a: Koraidon
|-damage|p2a: Koraidon|60/100
|-resisted|p2a: Koraidon
|-damage|p2a: Koraidon|50/100
|-resisted|p2a: Koraidon
|-damage|p2a: Koraidon|40/100
|-hitcount|p2a: Koraidon|5
|
|-weather|SunnyDay|[upkeep]
|-damage|p2b: Charizard|36/100|[from] ability: Solar Power|[of] p2b: Charizard
|upkeep
|turn|4
|inactive|weeabruh has 30 seconds left.
|
|t:|1750753560
|move|p1b: Avalugg|Wide Guard|p1b: Avalugg
|-singleturn|p1b: Avalugg|Wide Guard
|move|p2a: Koraidon|Close Combat|p1a: Solgaleo
|-damage|p1a: Solgaleo|0 fnt
|-unboost|p2a: Koraidon|def|1
|-unboost|p2a: Koraidon|spd|1
|faint|p1a: Solgaleo
|-damage|p2a: Koraidon|31/100|[from] item: Life Orb
|move|p2b: Charizard|Heat Wave|p1b: Avalugg
|-activate|p1b: Avalugg|move: Wide Guard
|
|-weather|SunnyDay|[upkeep]
|-damage|p2b: Charizard|24/100|[from] ability: Solar Power|[of] p2b: Charizard
|upkeep
|turn|5
|l|☆weeabruh
|inactive|weeabruh disconnected and has a minute to reconnect!
|player|p1|
|inactive|weeabruh has 30 seconds left.
|inactive|weeabruh has 20 seconds left.
|inactive|weeabruh has 15 seconds left.
|inactive|weeabruh has 10 seconds left.
|j|☆weeabruh
|inactive|weeabruh reconnected and has 10 seconds left.
|player|p1|weeabruh|n|
|inactive|weeabruh has 5 seconds left.
|
|t:|1750753610
|move|p2a: Koraidon|Flare Blitz|p1b: Avalugg
|-damage|p1b: Avalugg|39/100
|-damage|p2a: Koraidon|11/100|[from] Recoil
|-damage|p2a: Koraidon|1/100|[from] item: Life Orb
|move|p2b: Charizard|Heat Wave|p1b: Avalugg
|-damage|p1b: Avalugg|0 fnt
|faint|p1b: Avalugg
|
|win|Tommytheog
|raw|weeabruh's rating: 1063 &rarr; <strong>1049</strong><br />(-14 for losing)
|raw|Tommytheog's rating: 1163 &rarr; <strong>1181</strong><br />(+18 for winning)
|l|☆weeabruh
|player|p1|
|l|☆Tommytheog
|player|p2|
