|j|☆leolc0926
|j|☆Hans17-9
|t:|1750848445
|gametype|doubles
|player|p1|leolc0926|hilbert|1045
|player|p2|Hans17-9|102|1000
|teamsize|p1|6
|teamsize|p2|6
|gen|9
|tier|[Gen 9] VGC 2025 Reg I
|rated|
|rule|Species Clause: Limit one of each Pokémon
|rule|Item Clause: Limit 1 of each item
|clearpoke
|poke|p1|Miraidon, L50|
|poke|p1|Incineroar, L50, M|
|poke|p1|Calyrex-Ice, L50|
|poke|p1|Iron Treads, L50|
|poke|p1|Urshifu-*, L50, F|
|poke|p1|Farigiraf, L50, F|
|poke|p2|Lunala, L50|
|poke|p2|Koraidon, L50|
|poke|p2|Flutter Mane, L50|
|poke|p2|Indeedee-F, L50, F|
|poke|p2|Ogerpon-Cornerstone, L50, F|
|poke|p2|Chi-Yu, L50|
|teampreview|4
|inactive|Battle timer is ON: inactive players will automatically lose when time's up. (requested by Hans17-9)
|
|t:|1750848463
|start
|switch|p1a: 密勒侠|Miraidon, L50|100/100
|switch|p1b: 麒麟侠|Farigiraf, L50, F|100/100
|switch|p2a: Koraidon|Koraidon, L50|100/100
|switch|p2b: Flutter Mane|Flutter Mane, L50|100/100
|-weather|SunnyDay|[from] ability: Orichalcum Pulse|[of] p2a: Koraidon
|-activate|p2b: Flutter Mane|ability: Protosynthesis
|-start|p2b: Flutter Mane|protosynthesisspe
|-activate|p2a: Koraidon|Orichalcum Pulse|[source]
|-fieldstart|move: Electric Terrain|[from] ability: Hadron Engine|[of] p1a: 密勒侠
|-enditem|p1b: 麒麟侠|Electric Seed
|-boost|p1b: 麒麟侠|def|1|[from] item: Electric Seed
|turn|1
|inactive|Hans17-9 has 30 seconds left.
|
|t:|1750848490
|-end|p2b: Flutter Mane|Protosynthesis|[silent]
|switch|p2b: Indeedee|Indeedee-F, L50, F|100/100
|-fieldstart|move: Psychic Terrain|[from] ability: Psychic Surge|[of] p2b: Indeedee
|move|p2a: Koraidon|Protect|p2a: Koraidon
|-singleturn|p2a: Koraidon|Protect
|move|p1a: 密勒侠|Electro Drift|p2b: Indeedee
|-damage|p2b: Indeedee|45/100
|-damage|p1a: 密勒侠|84/100|[from] item: Rocky Helmet|[of] p2b: Indeedee
|move|p1b: 麒麟侠|Psychic|p2b: Indeedee
|-resisted|p2b: Indeedee
|-damage|p2b: Indeedee|23/100
|
|-weather|SunnyDay|[upkeep]
|upkeep
|turn|2
|inactive|Hans17-9 has 30 seconds left.
|inactive|Hans17-9 has 20 seconds left.
|inactive|Hans17-9 has 15 seconds left.
|
|t:|1750848530
|move|p2b: Indeedee|Helping Hand|p2a: Koraidon
|-singleturn|p2a: Koraidon|Helping Hand|[of] p2b: Indeedee
|move|p2a: Koraidon|Close Combat|p1a: 密勒侠
|-damage|p1a: 密勒侠|0 fnt
|-unboost|p2a: Koraidon|def|1
|-unboost|p2a: Koraidon|spd|1
|faint|p1a: 密勒侠
|-damage|p2a: Koraidon|91/100|[from] item: Life Orb
|move|p1b: 麒麟侠|Trick Room|p1b: 麒麟侠
|-fieldstart|move: Trick Room|[of] p1b: 麒麟侠
|
|-weather|SunnyDay|[upkeep]
|upkeep
|
|t:|1750848543
|switch|p1a: バドレックス|Calyrex-Ice, L50|100/100
|-ability|p1a: バドレックス|As One
|-ability|p1a: バドレックス|Unnerve
|turn|3
|inactive|Hans17-9 has 30 seconds left.
|
|t:|1750848573
|switch|p2a: Lunala|Lunala, L50|100/100
|-terastallize|p1a: バドレックス|Fire
|move|p1b: 麒麟侠|Helping Hand|p1a: バドレックス
|-singleturn|p1a: バドレックス|Helping Hand|[of] p1b: 麒麟侠
|move|p1a: バドレックス|Glacial Lance|p2a: Lunala|[spread] p2a,p2b
|-crit|p2a: Lunala
|-damage|p2a: Lunala|43/100
|-damage|p2b: Indeedee|0 fnt
|faint|p2b: Indeedee
|-ability|p1a: バドレックス|Chilling Neigh|boost
|-boost|p1a: バドレックス|atk|1
|
|-weather|SunnyDay|[upkeep]
|-heal|p2a: Lunala|49/100|[from] item: Leftovers
|upkeep
|
|t:|1750848590
|switch|p2b: Koraidon|Koraidon, L50|91/100
|-activate|p2b: Koraidon|ability: Orichalcum Pulse
|turn|4
|
|t:|1750848609
|move|p2a: Lunala|Wide Guard|p2a: Lunala
|-singleturn|p2a: Lunala|Wide Guard
|move|p1a: バドレックス|High Horsepower|p2a: Lunala
|-damage|p2a: Lunala|0 fnt
|faint|p2a: Lunala
|-ability|p1a: バドレックス|Chilling Neigh|boost
|-boost|p1a: バドレックス|atk|1
|move|p1b: 麒麟侠|Psychic|p2b: Koraidon
|-supereffective|p2b: Koraidon
|-damage|p2b: Koraidon|0 fnt
|faint|p2b: Koraidon
|
|-weather|SunnyDay|[upkeep]
|upkeep
|
|t:|1750848624
|switch|p2b: Flutter Mane|Flutter Mane, L50|100/100
|-activate|p2b: Flutter Mane|ability: Protosynthesis
|-start|p2b: Flutter Mane|protosynthesisspe
|turn|5
|
|t:|1750848631
|move|p1a: バドレックス|Glacial Lance|p2b: Flutter Mane
|-enditem|p2b: Flutter Mane|Focus Sash
|-damage|p2b: Flutter Mane|1/100
|move|p1b: 麒麟侠|Psychic|p2b: Flutter Mane
|-damage|p2b: Flutter Mane|0 fnt
|faint|p2b: Flutter Mane
|-end|p2b: Flutter Mane|Protosynthesis|[silent]
|
|win|leolc0926
|raw|leolc0926's rating: 1045 &rarr; <strong>1074</strong><br />(+29 for winning)
|raw|Hans17-9's rating: 1000 &rarr; <strong>1000</strong><br />(+0 for losing)
|l|☆Hans17-9
|player|p2|
