|j|☆imperial lemons
|j|☆Untamedshane
|t:|1750710998
|gametype|doubles
|player|p1|imperial lemons|170|1210
|player|p2|Untamedshane|sage|1268
|teamsize|p1|6
|teamsize|p2|6
|gen|9
|tier|[Gen 9] VGC 2025 Reg I
|rated|
|rule|Species Clause: Limit one of each Pokémon
|rule|Item Clause: Limit 1 of each item
|clearpoke
|poke|p1|Zamazenta-*, L50|
|poke|p1|Miraidon, L50|
|poke|p1|Chien-Pao, L50|
|poke|p1|Volcarona, L50, F|
|poke|p1|Whimsicott, L50, M|
|poke|p1|Urshifu-*, L50, M|
|poke|p2|Calyrex-Ice, L50|
|poke|p2|Regieleki, L50|
|poke|p2|Azelf, L50|
|poke|p2|Oranguru, L50, F|
|poke|p2|Spidops, L50, M|
|poke|p2|Palkia-Origin, L50|
|teampreview|4
|inactive|Battle timer is ON: inactive players will automatically lose when time's up. (requested by Untamedshane)
|
|t:|1750711031
|start
|switch|p1a: Miraidon|Miraidon, L50|100/100
|switch|p1b: Volcarona|Volcarona, L50, F|100/100
|switch|p2a: Azelf|Azelf, L50|100/100
|switch|p2b: Manzana|Spidops, L50, M, shiny|100/100
|-fieldstart|move: Electric Terrain|[from] ability: Hadron Engine|[of] p1a: Miraidon
|-enditem|p1b: Volcarona|Electric Seed
|-boost|p1b: Volcarona|def|1|[from] item: Electric Seed
|turn|1
|inactive|Untamedshane has 30 seconds left.
|
|t:|1750711059
|move|p2a: Azelf|Ally Switch|p2a: Azelf
|swap|p2a: Azelf|1|[from] move: Ally Switch
|move|p1a: Miraidon|Volt Switch|p2a: Manzana
|-enditem|p2a: Manzana|Focus Sash
|-damage|p2a: Manzana|1/100
|
|t:|1750711067
|switch|p1a: Zamazenta|Zamazenta-Crowned, L50|100/100|[from] Volt Switch
|-ability|p1a: Zamazenta|Dauntless Shield|boost
|-boost|p1a: Zamazenta|def|1
|move|p1b: Volcarona|Quiver Dance|p1b: Volcarona
|-boost|p1b: Volcarona|spa|1
|-boost|p1b: Volcarona|spd|1
|-boost|p1b: Volcarona|spe|1
|move|p2a: Manzana|Sticky Web|p1b: Volcarona
|-sidestart|p1: imperial lemons|move: Sticky Web
|
|upkeep
|turn|2
|
|t:|1750711087
|move|p2a: Manzana|Sucker Punch|p2b: Azelf
|-supereffective|p2b: Azelf
|-crit|p2b: Azelf
|-damage|p2b: Azelf|45/100
|-enditem|p2b: Azelf|Weakness Policy
|-boost|p2b: Azelf|atk|2|[from] item: Weakness Policy
|-boost|p2b: Azelf|spa|2|[from] item: Weakness Policy
|move|p1b: Volcarona|Struggle Bug|p2a: Manzana|[spread] p2a,p2b
|-supereffective|p2b: Azelf
|-damage|p2a: Manzana|0 fnt
|-damage|p2b: Azelf|0 fnt
|faint|p2a: Manzana
|faint|p2b: Azelf
|move|p1a: Zamazenta|Heavy Slam|p2: Manzana|[notarget]
|-fail|p1a: Zamazenta
|
|upkeep
|
|t:|1750711100
|switch|p2b: ooOO oo00|Oranguru, L50, F|100/100
|switch|p2a: Berrt|Calyrex-Ice, L50|100/100
|-ability|p2a: Berrt|As One
|-ability|p2a: Berrt|Unnerve
|turn|3
|
|t:|1750711110
|move|p2a: Berrt|Protect|p2a: Berrt
|-singleturn|p2a: Berrt|Protect
|move|p1b: Volcarona|Fiery Dance|p2a: Berrt
|-activate|p2a: Berrt|move: Protect
|move|p1a: Zamazenta|Body Press|p2a: Berrt
|-activate|p2a: Berrt|move: Protect
|move|p2b: ooOO oo00|Trick Room|p2b: ooOO oo00
|-fieldstart|move: Trick Room|[of] p2b: ooOO oo00
|
|upkeep
|turn|4
|
|t:|1750711126
|-terastallize|p2a: Berrt|Ice
|move|p1a: Zamazenta|Wide Guard|p1a: Zamazenta
|-singleturn|p1a: Zamazenta|Wide Guard
|move|p2a: Berrt|Glacial Lance|p1b: Volcarona|[spread] 
|-activate|p1a: Zamazenta|move: Wide Guard
|-activate|p1b: Volcarona|move: Wide Guard
|move|p2b: ooOO oo00|Instruct|p2a: Berrt
|-singleturn|p2a: Berrt|move: Instruct|[of] p2b: ooOO oo00
|move|p2a: Berrt|Glacial Lance|p1b: Volcarona|[spread] 
|-activate|p1a: Zamazenta|move: Wide Guard
|-activate|p1b: Volcarona|move: Wide Guard
|move|p1b: Volcarona|Struggle Bug|p2a: Berrt|[spread] p2a,p2b
|-supereffective|p2b: ooOO oo00
|-damage|p2a: Berrt|78/100
|-damage|p2b: ooOO oo00|50/100
|-unboost|p2a: Berrt|spa|1
|-unboost|p2b: ooOO oo00|spa|1
|
|upkeep
|turn|5
|-message|Untamedshane forfeited.
|
|win|imperial lemons
|raw|imperial lemons's rating: 1210 &rarr; <strong>1239</strong><br />(+29 for winning)
|raw|Untamedshane's rating: 1268 &rarr; <strong>1239</strong><br />(-29 for losing)
|l|☆Untamedshane
|player|p2|
|l|☆imperial lemons
|player|p1|
