|j|☆Hysui Of Hyrule
|j|☆DayneGerous
|t:|1750804874
|gametype|doubles
|player|p1|Hysui Of Hyrule|jacq|1065
|player|p2|DayneGerous|unknown|1110
|teamsize|p1|6
|teamsize|p2|6
|gen|9
|tier|[Gen 9] VGC 2025 Reg I
|rated|
|rule|Species Clause: Limit one of each Pokémon
|rule|Item Clause: Limit 1 of each item
|clearpoke
|poke|p1|Amoonguss, L50, M|
|poke|p1|Lunala, L50|
|poke|p1|Urshifu-*, L50, F|
|poke|p1|Grimmsnarl, L50, M|
|poke|p1|Zacian-*, L50|
|poke|p1|Noivern, L50, F|
|poke|p2|Dudunsparce-*, L50, F|
|poke|p2|Lunala, L50|
|poke|p2|Stonjourner, L50, M|
|poke|p2|Farigiraf, L50, F|
|poke|p2|Muk, L50, F|
|poke|p2|Hatterene, L50, F|
|teampreview|4
|
|t:|1750804901
|start
|switch|p1a: Grimmsnarl|Grimmsnarl, L50, M|100/100
|switch|p1b: Urshifu|Urshifu-Rapid-Strike, L50, F|100/100
|switch|p2a: Farigiraf|Farigiraf, L50, F|100/100
|switch|p2b: Dudunsparce|Dudunsparce, L50, F|100/100
|turn|1
|
|t:|1750804918
|switch|p2b: Lunala|Lunala, L50|100/100
|move|p1a: Grimmsnarl|Reflect|p1a: Grimmsnarl
|-sidestart|p1: Hysui Of Hyrule|Reflect
|move|p1b: Urshifu|Surging Strikes|p2a: Farigiraf
|-crit|p2a: Farigiraf
|-damage|p2a: Farigiraf|81/100
|-crit|p2a: Farigiraf
|-damage|p2a: Farigiraf|63/100
|-crit|p2a: Farigiraf
|-damage|p2a: Farigiraf|44/100
|-hitcount|p2a: Farigiraf|3
|-damage|p1b: Urshifu|90/100|[from] item: Life Orb
|move|p2a: Farigiraf|Trick Room|p2a: Farigiraf
|-fieldstart|move: Trick Room|[of] p2a: Farigiraf
|
|upkeep
|turn|2
|
|t:|1750804936
|switch|p2b: Dudunsparce|Dudunsparce, L50, F|100/100
|move|p1a: Grimmsnarl|Light Screen|p1a: Grimmsnarl
|-sidestart|p1: Hysui Of Hyrule|move: Light Screen
|move|p2a: Farigiraf|Hyper Voice|p1a: Grimmsnarl|[spread] p1a,p1b
|-crit|p1a: Grimmsnarl
|-damage|p1a: Grimmsnarl|61/100
|-damage|p1b: Urshifu|67/100
|move|p1b: Urshifu|Surging Strikes|p2a: Farigiraf
|-crit|p2a: Farigiraf
|-damage|p2a: Farigiraf|27/100
|-crit|p2a: Farigiraf
|-damage|p2a: Farigiraf|6/100
|-crit|p2a: Farigiraf
|-damage|p2a: Farigiraf|0 fnt
|faint|p2a: Farigiraf
|-hitcount|p2: Farigiraf|3
|-damage|p1b: Urshifu|57/100|[from] item: Life Orb
|
|upkeep
|
|t:|1750804952
|switch|p2a: Lunala|Lunala, L50|100/100
|turn|3
|
|t:|1750804962
|move|p1a: Grimmsnarl|Parting Shot|p2a: Lunala
|-unboost|p2a: Lunala|atk|1
|-unboost|p2a: Lunala|spa|1
|
|t:|1750804968
|switch|p1a: Zacian|Zacian-Crowned, L50|100/100|[from] Parting Shot
|-ability|p1a: Zacian|Intrepid Sword|boost
|-boost|p1a: Zacian|atk|1
|move|p2b: Dudunsparce|Rock Slide|p1b: Urshifu|[spread] p1a,p1b
|-resisted|p1a: Zacian
|-resisted|p1b: Urshifu
|-damage|p1a: Zacian|95/100
|-damage|p1b: Urshifu|51/100
|move|p2a: Lunala|Moongeist Beam|p1b: Urshifu
|-damage|p1b: Urshifu|14/100
|cant|p1b: Urshifu|flinch
|
|upkeep
|turn|4
|
|t:|1750804987
|move|p1b: Urshifu|Aqua Jet|p2a: Lunala
|-damage|p2a: Lunala|89/100
|-damage|p1b: Urshifu|4/100|[from] item: Life Orb
|move|p2b: Dudunsparce|Rock Slide|p1a: Zacian|[spread] p1a,p1b
|-resisted|p1a: Zacian
|-resisted|p1b: Urshifu
|-damage|p1a: Zacian|90/100
|-damage|p1b: Urshifu|0 fnt
|faint|p1b: Urshifu
|move|p2a: Lunala|Calm Mind|p2a: Lunala
|-boost|p2a: Lunala|spa|1
|-boost|p2a: Lunala|spd|1
|cant|p1a: Zacian|flinch
|
|-heal|p2a: Lunala|96/100|[from] item: Leftovers
|upkeep
|
|t:|1750805007
|switch|p1b: Grimmsnarl|Grimmsnarl, L50, M|61/100
|turn|5
|
|t:|1750805016
|move|p1b: Grimmsnarl|Parting Shot|p2a: Lunala
|-unboost|p2a: Lunala|atk|1
|-unboost|p2a: Lunala|spa|1
|
|t:|1750805022
|switch|p1b: Noivern|Noivern, L50, F|100/100|[from] Parting Shot
|move|p2b: Dudunsparce|Body Slam|p1b: Noivern
|-damage|p1b: Noivern|63/100
|move|p2a: Lunala|Heat Wave|p1a: Zacian|[spread] p1b
|-miss|p2a: Lunala|p1a: Zacian
|-resisted|p1b: Noivern
|-damage|p1b: Noivern|55/100
|move|p1a: Zacian|Sacred Sword|p2b: Dudunsparce
|-supereffective|p2b: Dudunsparce
|-damage|p2b: Dudunsparce|0 fnt
|faint|p2b: Dudunsparce
|
|-heal|p2a: Lunala|100/100|[from] item: Leftovers
|-fieldend|move: Trick Room
|upkeep
|
|t:|1750805034
|switch|p2b: Hatterene|Hatterene, L50, F|100/100
|turn|6
|
|t:|1750805044
|-terastallize|p2b: Hatterene|Psychic
|move|p1b: Noivern|Boomburst|p2b: Hatterene|[spread] p1a,p2b
|-immune|p2a: Lunala
|-resisted|p1a: Zacian
|-damage|p1a: Zacian|78/100
|-damage|p2b: Hatterene|78/100
|-enditem|p1b: Noivern|Throat Spray
|-boost|p1b: Noivern|spa|1|[from] item: Throat Spray
|move|p1a: Zacian|Behemoth Blade|p2a: Lunala
|-damage|p2a: Lunala|67/100
|move|p2a: Lunala|Calm Mind|p2a: Lunala
|-boost|p2a: Lunala|spa|1
|-boost|p2a: Lunala|spd|1
|move|p2b: Hatterene|Trick Room|p2b: Hatterene
|-fieldstart|move: Trick Room|[of] p2b: Hatterene
|
|-heal|p2a: Lunala|73/100|[from] item: Leftovers
|upkeep
|turn|7
|
|t:|1750805076
|move|p2b: Hatterene|Psychic|p1a: Zacian
|-resisted|p1a: Zacian
|-damage|p1a: Zacian|62/100
|move|p2a: Lunala|Heat Wave|p1b: Noivern|[spread] p1a,p1b
|-supereffective|p1a: Zacian
|-resisted|p1b: Noivern
|-damage|p1a: Zacian|30/100
|-damage|p1b: Noivern|42/100
|move|p1a: Zacian|Behemoth Blade|p2a: Lunala
|-damage|p2a: Lunala|9/100
|move|p1b: Noivern|Boomburst|p2a: Lunala|[spread] p1a,p2b
|-immune|p2a: Lunala
|-resisted|p1a: Zacian
|-damage|p1a: Zacian|10/100
|-damage|p2b: Hatterene|43/100
|
|-heal|p2a: Lunala|15/100|[from] item: Leftovers
|upkeep
|turn|8
|
|t:|1750805111
|move|p2b: Hatterene|Life Dew|p2b: Hatterene|[spread] p2a,p2b
|-heal|p2a: Lunala|40/100
|-heal|p2b: Hatterene|68/100
|move|p2a: Lunala|Moongeist Beam|p1a: Zacian
|-damage|p1a: Zacian|0 fnt
|faint|p1a: Zacian
|move|p1b: Noivern|Dragon Pulse|p2a: Lunala
|-damage|p2a: Lunala|21/100
|
|-heal|p2a: Lunala|28/100|[from] item: Leftovers
|-sideend|p1: Hysui Of Hyrule|Reflect
|upkeep
|
|t:|1750805122
|switch|p1a: Grimmsnarl|Grimmsnarl, L50, M|61/100
|turn|9
|
|t:|1750805134
|move|p2b: Hatterene|Life Dew|p2b: Hatterene|[spread] p2a,p2b
|-heal|p2a: Lunala|53/100
|-heal|p2b: Hatterene|93/100
|move|p1a: Grimmsnarl|Spirit Break|p2a: Lunala
|-damage|p2a: Lunala|23/100
|-unboost|p2a: Lunala|spa|1
|move|p2a: Lunala|Moongeist Beam|p1b: Noivern
|-damage|p1b: Noivern|5/100
|move|p1b: Noivern|Air Slash|p2b: Hatterene
|-damage|p2b: Hatterene|58/100
|
|-heal|p2a: Lunala|29/100|[from] item: Leftovers
|-sideend|p1: Hysui Of Hyrule|move: Light Screen
|upkeep
|turn|10
|
|t:|1750805159
|move|p2b: Hatterene|Dazzling Gleam|p1a: Grimmsnarl|[spread] p1a,p1b
|-supereffective|p1a: Grimmsnarl
|-supereffective|p1b: Noivern
|-damage|p1a: Grimmsnarl|8/100
|-damage|p1b: Noivern|0 fnt
|faint|p1b: Noivern
|move|p1a: Grimmsnarl|Spirit Break|p2a: Lunala
|-damage|p2a: Lunala|1/100
|-unboost|p2a: Lunala|spa|1
|move|p2a: Lunala|Calm Mind|p2a: Lunala
|-boost|p2a: Lunala|spa|1
|-boost|p2a: Lunala|spd|1
|
|-heal|p2a: Lunala|7/100|[from] item: Leftovers
|-fieldend|move: Trick Room
|upkeep
|turn|11
|
|t:|1750805183
|move|p2a: Lunala|Moongeist Beam|p1a: Grimmsnarl
|-resisted|p1a: Grimmsnarl
|-damage|p1a: Grimmsnarl|0 fnt
|faint|p1a: Grimmsnarl
|
|win|DayneGerous
|raw|Hysui Of Hyrule's rating: 1065 &rarr; <strong>1048</strong><br />(-17 for losing)
|raw|DayneGerous's rating: 1110 &rarr; <strong>1132</strong><br />(+22 for winning)
|l|☆Hysui Of Hyrule
|player|p1|
|l|☆DayneGerous
|player|p2|
