|j|☆Npc red panther
|j|☆bambam420
|t:|1750772908
|gametype|doubles
|player|p1|Npc red panther|266|1508
|player|p2|bambam420|janitor|1651
|teamsize|p1|6
|teamsize|p2|6
|gen|9
|tier|[Gen 9] VGC 2025 Reg I
|rated|
|rule|Species Clause: Limit one of each Pokémon
|rule|Item Clause: Limit 1 of each item
|clearpoke
|poke|p1|Smeargle, L50, M|
|poke|p1|Calyrex-Ice, L50|
|poke|p1|Rillaboom, L50, M|
|poke|p1|Ditto, L50|
|poke|p1|Grimmsnarl, L50, M|
|poke|p1|Kyogre, L50|
|poke|p2|Amoonguss, L50, F|
|poke|p2|Calyrex-Ice, L50|
|poke|p2|Kyogre, L50|
|poke|p2|Grimmsnarl, L50, M|
|poke|p2|Flutter Mane, L50|
|poke|p2|Basculegion, L50, M|
|teampreview|4
|
|t:|1750772945
|start
|switch|p1a: Smeargle|Smeargle, L50, M|100/100
|switch|p1b: Calyrex|Calyrex-Ice, L50|100/100
|switch|p2a: Flutter Mane|Flutter Mane, L50|100/100
|switch|p2b: Kyogre|Kyogre, L50|100/100
|-ability|p1b: Calyrex|As One
|-ability|p1b: Calyrex|Unnerve
|-weather|RainDance|[from] ability: Drizzle|[of] p2b: Kyogre
|turn|1
|
|t:|1750772960
|move|p2b: Kyogre|Protect|p2b: Kyogre
|-singleturn|p2b: Kyogre|Protect
|move|p1a: Smeargle|Fake Out|p2b: Kyogre
|-activate|p2b: Kyogre|move: Protect
|move|p2a: Flutter Mane|Taunt|p1a: Smeargle
|-start|p1a: Smeargle|move: Taunt
|move|p1b: Calyrex|Trick Room|p1b: Calyrex
|-fieldstart|move: Trick Room|[of] p1b: Calyrex
|
|-weather|RainDance|[upkeep]
|-ability|p1a: Smeargle|Moody|boost
|-boost|p1a: Smeargle|spa|2
|-unboost|p1a: Smeargle|atk|1
|upkeep
|turn|2
|
|t:|1750772980
|switch|p1a: Rillaboom|Rillaboom, L50, M|100/100
|-fieldstart|move: Grassy Terrain|[from] ability: Grassy Surge|[of] p1a: Rillaboom
|move|p1b: Calyrex|Protect|p1b: Calyrex
|-singleturn|p1b: Calyrex|Protect
|move|p2b: Kyogre|Origin Pulse|p1a: Rillaboom|[spread] p1a
|-activate|p1b: Calyrex|move: Protect
|-resisted|p1a: Rillaboom
|-damage|p1a: Rillaboom|74/100
|move|p2a: Flutter Mane|Shadow Ball|p1b: Calyrex
|-activate|p1b: Calyrex|move: Protect
|
|-weather|RainDance|[upkeep]
|-heal|p1a: Rillaboom|80/100|[from] Grassy Terrain
|upkeep
|turn|3
|
|t:|1750772997
|-end|p2a: Flutter Mane|Protosynthesis|[silent]
|switch|p2a: Calyrex|Calyrex-Ice, L50|100/100
|-ability|p2a: Calyrex|As One
|-ability|p2a: Calyrex|Unnerve
|move|p2b: Kyogre|Protect|p2b: Kyogre
|-singleturn|p2b: Kyogre|Protect
|move|p1a: Rillaboom|Fake Out|p2b: Kyogre
|-activate|p2b: Kyogre|move: Protect
|move|p1b: Calyrex|Glacial Lance|p2a: Calyrex|[spread] p2a
|-activate|p2b: Kyogre|move: Protect
|-resisted|p2a: Calyrex
|-damage|p2a: Calyrex|87/100
|
|-weather|RainDance|[upkeep]
|-heal|p2a: Calyrex|93/100|[from] Grassy Terrain
|-heal|p2a: Calyrex|99/100|[from] item: Leftovers
|-heal|p1a: Rillaboom|86/100|[from] Grassy Terrain
|upkeep
|turn|4
|
|t:|1750773025
|move|p1a: Rillaboom|Grassy Glide|p2b: Kyogre
|-supereffective|p2b: Kyogre
|-damage|p2b: Kyogre|33/100
|move|p2a: Calyrex|Glacial Lance|p1b: Calyrex|[spread] p1a,p1b
|-supereffective|p1a: Rillaboom
|-crit|p1a: Rillaboom
|-resisted|p1b: Calyrex
|-damage|p1a: Rillaboom|0 fnt
|-damage|p1b: Calyrex|86/100
|faint|p1a: Rillaboom
|-ability|p2a: Calyrex|Chilling Neigh|boost
|-boost|p2a: Calyrex|atk|1
|move|p1b: Calyrex|Glacial Lance|p2b: Kyogre|[spread] p2a,p2b
|-resisted|p2a: Calyrex
|-resisted|p2b: Kyogre
|-damage|p2a: Calyrex|85/100
|-damage|p2b: Kyogre|2/100
|move|p2b: Kyogre|Origin Pulse|p1b: Calyrex
|-damage|p1b: Calyrex|6/100
|
|-weather|RainDance|[upkeep]
|-heal|p2a: Calyrex|90/100|[from] Grassy Terrain
|-heal|p2a: Calyrex|96/100|[from] item: Leftovers
|-heal|p1b: Calyrex|12/100|[from] Grassy Terrain
|-heal|p1b: Calyrex|18/100|[from] item: Leftovers
|-heal|p2b: Kyogre|8/100|[from] Grassy Terrain
|upkeep
|
|t:|1750773033
|switch|p1a: Smeargle|Smeargle, L50, M|100/100
|turn|5
|
|t:|1750773054
|switch|p2b: Basculegion|Basculegion, L50, M|100/100
|move|p2a: Calyrex|Protect|p2a: Calyrex
|-singleturn|p2a: Calyrex|Protect
|move|p1b: Calyrex|Protect|p1b: Calyrex
|-singleturn|p1b: Calyrex|Protect
|move|p1a: Smeargle|Decorate|p1b: Calyrex
|-boost|p1b: Calyrex|atk|2
|-boost|p1b: Calyrex|spa|2
|
|-weather|none
|-heal|p2a: Calyrex|100/100|[from] Grassy Terrain
|-heal|p1b: Calyrex|24/100|[from] Grassy Terrain
|-heal|p1b: Calyrex|29/100|[from] item: Leftovers
|-fieldend|move: Trick Room
|-ability|p1a: Smeargle|Moody|boost
|-boost|p1a: Smeargle|spe|2
|-unboost|p1a: Smeargle|spa|1
|upkeep
|turn|6
|
|t:|1750773097
|move|p1a: Smeargle|Follow Me|p1a: Smeargle
|-singleturn|p1a: Smeargle|move: Follow Me
|move|p2b: Basculegion|Wave Crash|p1a: Smeargle
|-enditem|p1a: Smeargle|Focus Sash
|-damage|p1a: Smeargle|1/100
|-damage|p2b: Basculegion|80/100|[from] Recoil
|-damage|p2b: Basculegion|70/100|[from] item: Life Orb
|move|p1b: Calyrex|Glacial Lance|p2b: Basculegion|[spread] p2a,p2b
|-resisted|p2a: Calyrex
|-resisted|p2b: Basculegion
|-crit|p2b: Basculegion
|-damage|p2a: Calyrex|69/100
|-damage|p2b: Basculegion|0 fnt
|faint|p2b: Basculegion
|-ability|p1b: Calyrex|Chilling Neigh|boost
|-boost|p1b: Calyrex|atk|1
|move|p2a: Calyrex|Glacial Lance|p1b: Calyrex|[spread] p1a,p1b
|-resisted|p1b: Calyrex
|-damage|p1a: Smeargle|0 fnt
|-damage|p1b: Calyrex|7/100
|faint|p1a: Smeargle
|-ability|p2a: Calyrex|Chilling Neigh|boost
|-boost|p2a: Calyrex|atk|1
|
|-heal|p1b: Calyrex|13/100|[from] Grassy Terrain
|-heal|p1b: Calyrex|19/100|[from] item: Leftovers
|-heal|p2a: Calyrex|75/100|[from] Grassy Terrain
|-heal|p2a: Calyrex|81/100|[from] item: Leftovers
|-fieldend|move: Grassy Terrain
|upkeep
|
|t:|1750773123
|switch|p1a: Ditto|Ditto, L50|100/100
|switch|p2b: Flutter Mane|Flutter Mane, L50|100/100
|-transform|p1a: Ditto|p2b: Flutter Mane|[from] ability: Imposter
|turn|7
|
|t:|1750773149
|-terastallize|p1b: Calyrex|Fire
|move|p2a: Calyrex|Protect|p2a: Calyrex
|-singleturn|p2a: Calyrex|Protect
|move|p1a: Ditto|Shadow Ball|p2a: Calyrex
|-activate|p2a: Calyrex|move: Protect
|move|p2b: Flutter Mane|Icy Wind|p1b: Calyrex|[spread] p1a,p1b
|-resisted|p1b: Calyrex
|-damage|p1a: Ditto|86/100
|-damage|p1b: Calyrex|14/100
|-unboost|p1a: Ditto|spe|1
|-unboost|p1b: Calyrex|spe|1
|move|p1b: Calyrex|Leech Seed|p2b: Flutter Mane
|-start|p2b: Flutter Mane|move: Leech Seed
|
|-heal|p2a: Calyrex|86/100|[from] item: Leftovers
|-heal|p1b: Calyrex|20/100|[from] item: Leftovers
|-damage|p2b: Flutter Mane|88/100|[from] Leech Seed|[of] p1b: Calyrex
|-heal|p1b: Calyrex|28/100|[silent]
|upkeep
|turn|8
|
|t:|1750773178
|move|p1b: Calyrex|Protect|p1b: Calyrex
|-singleturn|p1b: Calyrex|Protect
|move|p2b: Flutter Mane|Shadow Ball|p1a: Ditto
|-supereffective|p1a: Ditto
|-damage|p1a: Ditto|1/100
|move|p1a: Ditto|Shadow Ball|p2a: Calyrex
|-supereffective|p2a: Calyrex
|-damage|p2a: Calyrex|37/100
|-unboost|p2a: Calyrex|spd|1
|move|p2a: Calyrex|Leech Seed|p1b: Calyrex
|-activate|p1b: Calyrex|move: Protect
|
|-heal|p2a: Calyrex|43/100|[from] item: Leftovers
|-heal|p1b: Calyrex|33/100|[from] item: Leftovers
|-damage|p2b: Flutter Mane|76/100|[from] Leech Seed|[of] p1b: Calyrex
|-heal|p1b: Calyrex|41/100|[silent]
|upkeep
|turn|9
|
|t:|1750773196
|move|p2b: Flutter Mane|Icy Wind|p1a: Ditto|[spread] p1a,p1b
|-resisted|p1b: Calyrex
|-damage|p1a: Ditto|0 fnt
|-damage|p1b: Calyrex|37/100
|-unboost|p1b: Calyrex|spe|1
|faint|p1a: Ditto
|-end|p1a: Ditto|Protosynthesis|[silent]
|move|p2a: Calyrex|Leech Seed|p1b: Calyrex|[miss]
|-miss|p2a: Calyrex|p1b: Calyrex
|move|p1b: Calyrex|Glacial Lance|p2a: Calyrex|[spread] p2a,p2b
|-resisted|p2a: Calyrex
|-damage|p2a: Calyrex|7/100
|-damage|p2b: Flutter Mane|0 fnt
|faint|p2b: Flutter Mane
|-end|p2b: Flutter Mane|Protosynthesis|[silent]
|-ability|p1b: Calyrex|Chilling Neigh|boost
|-boost|p1b: Calyrex|atk|1
|
|-heal|p2a: Calyrex|13/100|[from] item: Leftovers
|-heal|p1b: Calyrex|43/100|[from] item: Leftovers
|upkeep
|
|t:|1750773209
|switch|p2b: Kyogre|Kyogre, L50|8/100
|-weather|RainDance|[from] ability: Drizzle|[of] p2b: Kyogre
|turn|10
|
|t:|1750773219
|move|p1b: Calyrex|Protect|p1b: Calyrex
|-singleturn|p1b: Calyrex|Protect
|move|p2b: Kyogre|Origin Pulse|p1b: Calyrex
|-activate|p1b: Calyrex|move: Protect
|move|p2a: Calyrex|Glacial Lance|p1b: Calyrex
|-activate|p1b: Calyrex|move: Protect
|
|-weather|RainDance|[upkeep]
|-heal|p2a: Calyrex|18/100|[from] item: Leftovers
|-heal|p1b: Calyrex|48/100|[from] item: Leftovers
|upkeep
|turn|11
|
|t:|1750773225
|move|p2b: Kyogre|Origin Pulse|p1b: Calyrex
|-supereffective|p1b: Calyrex
|-damage|p1b: Calyrex|0 fnt
|faint|p1b: Calyrex
|
|win|bambam420
|raw|Npc red panther's rating: 1508 &rarr; <strong>1496</strong><br />(-12 for losing)
|raw|bambam420's rating: 1651 &rarr; <strong>1663</strong><br />(+12 for winning)
|l|☆Npc red panther
|player|p1|
|l|☆bambam420
|player|p2|
