|j|☆konkonmatcha
|j|☆peachykeane
|t:|1750806968
|gametype|doubles
|player|p1|konkonmatcha|170|1327
|player|p2|peachykeane|cowgirl|1414
|teamsize|p1|6
|teamsize|p2|6
|gen|9
|tier|[Gen 9] VGC 2025 Reg I
|rated|
|rule|Species Clause: Limit one of each Pokémon
|rule|Item Clause: Limit 1 of each item
|clearpoke
|poke|p1|Dialga, L50|
|poke|p1|Calyrex-Shadow, L50|
|poke|p1|Ursaluna, L50, F|
|poke|p1|Regieleki, L50|
|poke|p1|Grimmsnarl, L50, M|
|poke|p1|Empoleon, L50, M|
|poke|p2|Calyrex-Shadow, L50|
|poke|p2|Zamazenta-*, L50|
|poke|p2|Rillaboom, L50, M|
|poke|p2|Raging Bolt, L50|
|poke|p2|Incineroar, L50, F|
|poke|p2|Urshifu-*, L50, M|
|teampreview|4
|
|t:|1750806982
|start
|switch|p1a: Regieleki|Regieleki, L50|100/100
|switch|p1b: Empoleon|Empoleon, L50, M|100/100
|switch|p2a: Calyrex|Calyrex-Shadow, L50|100/100
|switch|p2b: Incineroar|Incineroar, L50, F|100/100
|-ability|p2a: Calyrex|As One
|-ability|p2a: Calyrex|Unnerve
|-item|p1a: Regieleki|Air Balloon
|-ability|p2b: Incineroar|Intimidate|boost
|-unboost|p1a: Regieleki|atk|1
|-unboost|p1b: Empoleon|atk|1
|-ability|p1b: Empoleon|Competitive|boost
|-boost|p1b: Empoleon|spa|2
|-enditem|p1b: Empoleon|Adrenaline Orb
|-boost|p1b: Empoleon|spe|1|[from] item: Adrenaline Orb
|turn|1
|inactive|Battle timer is ON: inactive players will automatically lose when time's up. (requested by konkonmatcha)
|inactive|konkonmatcha has 60 seconds left.
|
|t:|1750807039
|move|p2a: Calyrex|Protect|p2a: Calyrex
|-singleturn|p2a: Calyrex|Protect
|move|p2b: Incineroar|Fake Out|p1b: Empoleon
|-resisted|p1b: Empoleon
|-damage|p1b: Empoleon|93/100
|move|p1a: Regieleki|Electroweb|p2a: Calyrex|[spread] p2b
|-activate|p2a: Calyrex|move: Protect
|-damage|p2b: Incineroar|82/100
|-unboost|p2b: Incineroar|spe|1
|cant|p1b: Empoleon|flinch
|
|upkeep
|turn|2
|inactive|peachykeane has 30 seconds left.
|inactive|peachykeane has 20 seconds left.
|
|t:|1750807079
|switch|p2b: Rillaboom|Rillaboom, L50, M|100/100
|-fieldstart|move: Grassy Terrain|[from] ability: Grassy Surge|[of] p2b: Rillaboom
|move|p1a: Regieleki|Volt Switch|p2a: Calyrex
|-damage|p2a: Calyrex|56/100
|
|t:|1750807096
|switch|p1a: Dialga|Dialga, L50|100/100|[from] Volt Switch
|move|p2a: Calyrex|Astral Barrage|p1a: Dialga|[spread] p1a,p1b
|-damage|p1a: Dialga|54/100
|-damage|p1b: Empoleon|49/100
|move|p1b: Empoleon|Surf|p2b: Rillaboom|[spread] p2a,p2b
|-activate|p1a: Dialga|ability: Telepathy
|-resisted|p2b: Rillaboom
|-damage|p2a: Calyrex|0 fnt
|-damage|p2b: Rillaboom|70/100
|faint|p2a: Calyrex
|
|-heal|p2b: Rillaboom|75/100|[from] Grassy Terrain
|-heal|p1b: Empoleon|54/100|[from] Grassy Terrain
|-heal|p1a: Dialga|60/100|[from] Grassy Terrain
|upkeep
|
|t:|1750807103
|switch|p2a: Zamazenta|Zamazenta-Crowned, L50|100/100
|-ability|p2a: Zamazenta|Dauntless Shield|boost
|-boost|p2a: Zamazenta|def|1
|turn|3
|inactive|konkonmatcha has 30 seconds left.
|
|t:|1750807135
|switch|p1b: Calyrex|Calyrex-Shadow, L50|100/100
|-ability|p1b: Calyrex|As One
|-ability|p1b: Calyrex|Unnerve
|-terastallize|p1a: Dialga|Ghost
|move|p2a: Zamazenta|Wide Guard|p2a: Zamazenta
|-singleturn|p2a: Zamazenta|Wide Guard
|move|p2b: Rillaboom|Grassy Glide|p1b: Calyrex
|-damage|p1b: Calyrex|57/100
|move|p1a: Dialga|Trick Room|p1a: Dialga
|-fieldstart|move: Trick Room|[of] p1a: Dialga
|
|-heal|p1a: Dialga|66/100|[from] Grassy Terrain
|-heal|p2b: Rillaboom|81/100|[from] Grassy Terrain
|-heal|p1b: Calyrex|63/100|[from] Grassy Terrain
|upkeep
|turn|4
|inactive|konkonmatcha has 30 seconds left.
|
|t:|1750807163
|switch|p2a: Incineroar|Incineroar, L50, F|82/100
|-ability|p2a: Incineroar|Intimidate|boost
|-unboost|p1a: Dialga|atk|1
|-unboost|p1b: Calyrex|atk|1
|move|p2b: Rillaboom|Grassy Glide|p1a: Dialga
|-damage|p1a: Dialga|41/100
|move|p1a: Dialga|Aura Sphere|p2a: Incineroar
|-supereffective|p2a: Incineroar
|-damage|p2a: Incineroar|25/100
|move|p1b: Calyrex|Shadow Ball|p2a: Incineroar
|-resisted|p2a: Incineroar
|-damage|p2a: Incineroar|0 fnt
|faint|p2a: Incineroar
|-ability|p1b: Calyrex|Grim Neigh|boost
|-boost|p1b: Calyrex|spa|1
|
|-heal|p1a: Dialga|46/100|[from] Grassy Terrain
|-heal|p2b: Rillaboom|87/100|[from] Grassy Terrain
|-heal|p1b: Calyrex|68/100|[from] Grassy Terrain
|upkeep
|
|t:|1750807166
|switch|p2a: Zamazenta|Zamazenta-Crowned, L50|100/100
|turn|5
|inactive|peachykeane has 30 seconds left.
|
|t:|1750807193
|-terastallize|p2a: Zamazenta|Dragon
|move|p2b: Rillaboom|Grassy Glide|p1b: Calyrex
|-damage|p1b: Calyrex|24/100
|move|p1a: Dialga|Dragon Pulse|p2b: Rillaboom
|-damage|p2b: Rillaboom|36/100
|move|p2a: Zamazenta|Behemoth Bash|p1b: Calyrex
|-damage|p1b: Calyrex|0 fnt
|faint|p1b: Calyrex
|
|-heal|p1a: Dialga|52/100|[from] Grassy Terrain
|-heal|p2b: Rillaboom|42/100|[from] Grassy Terrain
|upkeep
|
|t:|1750807211
|switch|p1b: Empoleon|Empoleon, L50, M|54/100
|turn|6
|
|t:|1750807230
|move|p2b: Rillaboom|Grassy Glide|p1a: Dialga
|-damage|p1a: Dialga|23/100
|move|p1b: Empoleon|Yawn|p2a: Zamazenta
|-start|p2a: Zamazenta|move: Yawn|[of] p1b: Empoleon
|move|p1a: Dialga|Dragon Pulse|p2b: Rillaboom
|-damage|p2b: Rillaboom|0 fnt
|faint|p2b: Rillaboom
|move|p2a: Zamazenta|Body Press|p1b: Empoleon
|-supereffective|p1b: Empoleon
|-damage|p1b: Empoleon|0 fnt
|faint|p1b: Empoleon
|
|-heal|p1a: Dialga|29/100|[from] Grassy Terrain
|-fieldend|move: Grassy Terrain
|upkeep
|
|t:|1750807243
|switch|p1b: Regieleki|Regieleki, L50|100/100
|-item|p1b: Regieleki|Air Balloon
|turn|7
|
|t:|1750807255
|move|p1a: Dialga|Dragon Pulse|p2a: Zamazenta
|-supereffective|p2a: Zamazenta
|-damage|p2a: Zamazenta|17/100
|move|p2a: Zamazenta|Behemoth Bash|p1a: Dialga
|-damage|p1a: Dialga|0 fnt
|faint|p1a: Dialga
|move|p1b: Regieleki|Tera Blast|p2a: Zamazenta
|-damage|p2a: Zamazenta|0 fnt
|faint|p2a: Zamazenta
|
|win|konkonmatcha
|raw|konkonmatcha's rating: 1327 &rarr; <strong>1352</strong><br />(+25 for winning)
|raw|peachykeane's rating: 1414 &rarr; <strong>1389</strong><br />(-25 for losing)
|l|☆peachykeane
|player|p2|
|l|☆konkonmatcha
|player|p1|
