|j|☆TheCheekyMeek
|j|☆sunnypp
|t:|1750776522
|gametype|doubles
|player|p1|TheCheekyMeek|101|1433
|player|p2|sunnypp|arven-s|1526
|teamsize|p1|6
|teamsize|p2|6
|gen|9
|tier|[Gen 9] VGC 2025 Reg I
|rated|
|rule|Species Clause: Limit one of each Pokémon
|rule|Item Clause: Limit 1 of each item
|clearpoke
|poke|p1|Zacian-*, L50|
|poke|p1|Kyogre, L50|
|poke|p1|Urshifu-*, L50, F|
|poke|p1|Amoonguss, L50, F|
|poke|p1|Iron Hands, L50|
|poke|p1|Roaring Moon, L50|
|poke|p2|Koraidon, L50|
|poke|p2|Groudon, L50|
|poke|p2|Hariyama, L50, M|
|poke|p2|Chien-Pao, L50|
|poke|p2|Flutter Mane, L50|
|poke|p2|Ogerpon-Cornerstone, L50, F|
|teampreview|4
|inactive|Battle timer is ON: inactive players will automatically lose when time's up. (requested by sunnypp)
|
|t:|1750776542
|start
|switch|p1a: Roaring Moon|Roaring Moon, L50|100/100
|switch|p1b: Zacian|Zacian-Crowned, L50|100/100
|switch|p2a: Groudon|Groudon, L50|100/100
|switch|p2b: Hariyama|Hariyama, L50, M|100/100
|-ability|p1b: Zacian|Intrepid Sword|boost
|-boost|p1b: Zacian|atk|1
|-weather|SunnyDay|[from] ability: Drought|[of] p2a: Groudon
|-activate|p1a: Roaring Moon|ability: Protosynthesis
|-start|p1a: Roaring Moon|protosynthesisspe
|turn|1
|
|t:|1750776566
|-terastallize|p2b: Hariyama|Steel
|move|p1a: Roaring Moon|Protect|p1a: Roaring Moon
|-singleturn|p1a: Roaring Moon|Protect
|move|p1b: Zacian|Protect|p1b: Zacian
|-singleturn|p1b: Zacian|Protect
|move|p2a: Groudon|Precipice Blades|p1a: Roaring Moon|[spread] 
|-activate|p1a: Roaring Moon|move: Protect
|-activate|p1b: Zacian|move: Protect
|move|p2b: Hariyama|Coaching|p2a: Groudon
|-boost|p2a: Groudon|atk|1
|-boost|p2a: Groudon|def|1
|
|-weather|SunnyDay|[upkeep]
|upkeep
|turn|2
|inactive|TheCheekyMeek has 30 seconds left.
|
|t:|1750776597
|-terastallize|p1b: Zacian|Fairy
|move|p1a: Roaring Moon|Knock Off|p2a: Groudon
|-damage|p2a: Groudon|77/100
|-enditem|p2a: Groudon|Assault Vest|[from] move: Knock Off|[of] p1a: Roaring Moon
|move|p1b: Zacian|Behemoth Blade|p2a: Groudon
|-damage|p2a: Groudon|42/100
|move|p2a: Groudon|Precipice Blades|p1b: Zacian|[spread] p1a,p1b
|-damage|p1a: Roaring Moon|4/100
|-damage|p1b: Zacian|35/100
|move|p2b: Hariyama|Coaching|p2a: Groudon
|-boost|p2a: Groudon|atk|1
|-boost|p2a: Groudon|def|1
|
|-weather|SunnyDay|[upkeep]
|upkeep
|turn|3
|inactive|TheCheekyMeek has 30 seconds left.
|inactive|sunnypp has 30 seconds left.
|
|t:|1750776624
|move|p1a: Roaring Moon|Tailwind|p1a: Roaring Moon
|-sidestart|p1: TheCheekyMeek|move: Tailwind
|move|p1b: Zacian|Play Rough|p2a: Groudon
|-damage|p2a: Groudon|11/100
|move|p2a: Groudon|Precipice Blades|p1a: Roaring Moon|[spread] p1a,p1b
|-damage|p1a: Roaring Moon|0 fnt
|-damage|p1b: Zacian|0 fnt
|faint|p1a: Roaring Moon
|-end|p1a: Roaring Moon|Protosynthesis|[silent]
|faint|p1b: Zacian
|move|p2b: Hariyama|Knock Off|p1: Roaring Moon|[notarget]
|-fail|p2b: Hariyama
|
|-weather|SunnyDay|[upkeep]
|upkeep
|
|t:|1750776641
|switch|p1b: Kyogre|Kyogre, L50|100/100
|switch|p1a: Urshifu|Urshifu-Rapid-Strike, L50, F|100/100
|-weather|RainDance|[from] ability: Drizzle|[of] p1b: Kyogre
|turn|4
|
|t:|1750776661
|move|p2b: Hariyama|Wide Guard|p2b: Hariyama
|-singleturn|p2b: Hariyama|Wide Guard
|move|p1a: Urshifu|Surging Strikes|p2a: Groudon
|-supereffective|p2a: Groudon
|-crit|p2a: Groudon
|-damage|p2a: Groudon|0 fnt
|faint|p2a: Groudon
|-hitcount|p2: Groudon|1
|move|p1b: Kyogre|Ice Beam|p2b: Hariyama
|-resisted|p2b: Hariyama
|-damage|p2b: Hariyama|94/100
|
|-weather|RainDance|[upkeep]
|upkeep
|
|t:|1750776673
|switch|p2a: Koraidon|Koraidon, L50|100/100
|-weather|SunnyDay|[from] ability: Orichalcum Pulse|[of] p2a: Koraidon
|-activate|p2a: Koraidon|Orichalcum Pulse|[source]
|turn|5
|
|t:|1750776685
|move|p1a: Urshifu|Surging Strikes|p2b: Hariyama
|-crit|p2b: Hariyama
|-damage|p2b: Hariyama|84/100
|-crit|p2b: Hariyama
|-damage|p2b: Hariyama|75/100
|-crit|p2b: Hariyama
|-damage|p2b: Hariyama|65/100
|-hitcount|p2b: Hariyama|3
|move|p1b: Kyogre|Ice Beam|p2a: Koraidon
|-supereffective|p2a: Koraidon
|-damage|p2a: Koraidon|43/100
|move|p2a: Koraidon|Collision Course|p1a: Urshifu
|-damage|p1a: Urshifu|20/100
|move|p2b: Hariyama|Low Kick|p1a: Urshifu
|-damage|p1a: Urshifu|0 fnt
|faint|p1a: Urshifu
|
|-weather|SunnyDay|[upkeep]
|upkeep
|turn|6
|-message|TheCheekyMeek forfeited.
|
|win|sunnypp
|raw|TheCheekyMeek's rating: 1433 &rarr; <strong>1418</strong><br />(-15 for losing)
|raw|sunnypp's rating: 1526 &rarr; <strong>1541</strong><br />(+15 for winning)
|l|☆TheCheekyMeek
|player|p1|
|l|☆sunnypp
|player|p2|
