|j|☆RayneNoire
|j|☆ogerpog
|t:|1750739964
|gametype|doubles
|player|p1|RayneNoire|101|1216
|player|p2|ogerpog|1|1186
|teamsize|p1|6
|teamsize|p2|6
|gen|9
|tier|[Gen 9] VGC 2025 Reg I
|rated|
|rule|Species Clause: Limit one of each Pokémon
|rule|Item Clause: Limit 1 of each item
|clearpoke
|poke|p1|Calyrex-Shadow, L50|
|poke|p1|Urshifu-*, L50, M|
|poke|p1|Tornadus, L50, M|
|poke|p1|Zacian-*, L50|
|poke|p1|Roaring Moon, L50|
|poke|p1|Flutter Mane, L50|
|poke|p2|Miraidon, L50|
|poke|p2|Whimsicott, L50, M|
|poke|p2|Iron Bundle, L50|
|poke|p2|Raging Bolt, L50|
|poke|p2|Farigiraf, L50, F|
|poke|p2|Groudon, L50|
|teampreview|4
|inactive|Battle timer is ON: inactive players will automatically lose when time's up. (requested by ogerpog)
|
|t:|1750739993
|start
|switch|p1a: Tornadus|Tornadus, L50, M|100/100
|switch|p1b: Urshifu|Urshifu-Rapid-Strike, L50, M|100/100
|switch|p2a: Iron Bundle|Iron Bundle, L50|100/100
|switch|p2b: Miraidon|Miraidon, L50|100/100
|-fieldstart|move: Electric Terrain|[from] ability: Hadron Engine|[of] p2b: Miraidon
|-activate|p2a: Iron Bundle|ability: Quark Drive
|-start|p2a: Iron Bundle|quarkdrivespe
|turn|1
|inactive|RayneNoire has 30 seconds left.
|
|t:|1750740021
|-terastallize|p2a: Iron Bundle|Ground
|move|p1a: Tornadus|Tailwind|p1a: Tornadus
|-sidestart|p1: RayneNoire|move: Tailwind
|move|p2a: Iron Bundle|Icy Wind|p1a: Tornadus|[spread] p1a,p1b
|-supereffective|p1a: Tornadus
|-resisted|p1b: Urshifu
|-damage|p1a: Tornadus|61/100
|-damage|p1b: Urshifu|85/100
|-unboost|p1a: Tornadus|spe|1
|-unboost|p1b: Urshifu|spe|1
|move|p1b: Urshifu|Close Combat|p2b: Miraidon
|-damage|p2b: Miraidon|30/100
|-unboost|p1b: Urshifu|def|1
|-unboost|p1b: Urshifu|spd|1
|move|p2b: Miraidon|Parabolic Charge|p1a: Tornadus|[spread] p1a,p1b
|-immune|p2a: Iron Bundle
|-supereffective|p1a: Tornadus
|-supereffective|p1b: Urshifu
|-damage|p1a: Tornadus|0 fnt
|-heal|p2b: Miraidon|55/100|[from] drain|[of] p1a: Tornadus
|-damage|p1b: Urshifu|0 fnt
|-heal|p2b: Miraidon|94/100|[from] drain|[of] p1b: Urshifu
|faint|p1a: Tornadus
|faint|p1b: Urshifu
|
|upkeep
|
|t:|1750740042
|switch|p1b: Calyrex|Calyrex-Shadow, L50|100/100
|switch|p1a: Flutter Mane|Flutter Mane, L50|100/100
|-ability|p1b: Calyrex|As One
|-ability|p1b: Calyrex|Unnerve
|turn|2
|inactive|ogerpog has 30 seconds left.
|
|t:|1750740070
|switch|p2b: Farigiraf|Farigiraf, L50, F|100/100
|-enditem|p2b: Farigiraf|Electric Seed
|-boost|p2b: Farigiraf|def|1|[from] item: Electric Seed
|move|p2a: Iron Bundle|Protect|p2a: Iron Bundle
|-singleturn|p2a: Iron Bundle|Protect
|move|p1b: Calyrex|Astral Barrage|p2a: Iron Bundle|[spread] 
|-activate|p2a: Iron Bundle|move: Protect
|-immune|p2b: Farigiraf
|move|p1a: Flutter Mane|Dazzling Gleam|p2b: Farigiraf|[spread] p2b
|-activate|p2a: Iron Bundle|move: Protect
|-damage|p2b: Farigiraf|62/100
|
|upkeep
|turn|3
|inactive|ogerpog has 30 seconds left.
|inactive|RayneNoire has 30 seconds left.
|
|t:|1750740109
|move|p1b: Calyrex|Dark Pulse|p2b: Farigiraf
|-supereffective|p2b: Farigiraf
|-damage|p2b: Farigiraf|9/100
|move|p1a: Flutter Mane|Dazzling Gleam|p2a: Iron Bundle|[spread] p2a,p2b
|-damage|p2a: Iron Bundle|9/100
|-damage|p2b: Farigiraf|0 fnt
|faint|p2b: Farigiraf
|move|p2a: Iron Bundle|Icy Wind|p1b: Calyrex|[spread] p1a,p1b
|-damage|p1a: Flutter Mane|80/100
|-damage|p1b: Calyrex|78/100
|-unboost|p1a: Flutter Mane|spe|1
|-unboost|p1b: Calyrex|spe|1
|
|upkeep
|
|t:|1750740121
|switch|p2b: Groudon|Groudon, L50|100/100
|-weather|SunnyDay|[from] ability: Drought|[of] p2b: Groudon
|-activate|p1a: Flutter Mane|ability: Protosynthesis
|-start|p1a: Flutter Mane|protosynthesisspa
|turn|4
|
|t:|1750740130
|move|p2a: Iron Bundle|Protect|p2a: Iron Bundle
|-singleturn|p2a: Iron Bundle|Protect
|move|p2b: Groudon|Protect|p2b: Groudon
|-singleturn|p2b: Groudon|Protect
|move|p1b: Calyrex|Astral Barrage|p2b: Groudon|[spread] 
|-activate|p2a: Iron Bundle|move: Protect
|-activate|p2b: Groudon|move: Protect
|move|p1a: Flutter Mane|Dazzling Gleam|p2a: Iron Bundle|[spread] 
|-activate|p2a: Iron Bundle|move: Protect
|-activate|p2b: Groudon|move: Protect
|
|-weather|SunnyDay|[upkeep]
|-sideend|p1: RayneNoire|move: Tailwind
|upkeep
|turn|5
|
|t:|1750740150
|move|p2a: Iron Bundle|Icy Wind|p1b: Calyrex|[spread] p1a,p1b
|-damage|p1a: Flutter Mane|59/100
|-damage|p1b: Calyrex|57/100
|-unboost|p1a: Flutter Mane|spe|1
|-unboost|p1b: Calyrex|spe|1
|move|p1b: Calyrex|Astral Barrage|p2a: Iron Bundle|[spread] p2a,p2b
|-damage|p2a: Iron Bundle|0 fnt
|-damage|p2b: Groudon|44/100
|faint|p2a: Iron Bundle
|-end|p2a: Iron Bundle|Quark Drive|[silent]
|-ability|p1b: Calyrex|Grim Neigh|boost
|-boost|p1b: Calyrex|spa|1
|move|p2b: Groudon|Heat Crash|p1b: Calyrex
|-damage|p1b: Calyrex|0 fnt
|faint|p1b: Calyrex
|move|p1a: Flutter Mane|Dazzling Gleam|p2b: Groudon
|-damage|p2b: Groudon|0 fnt
|faint|p2b: Groudon
|
|-weather|SunnyDay|[upkeep]
|-fieldend|move: Electric Terrain
|upkeep
|
|t:|1750740163
|switch|p2b: Miraidon|Miraidon, L50|94/100
|-fieldstart|move: Electric Terrain|[from] ability: Hadron Engine|[of] p2b: Miraidon
|turn|6
|
|t:|1750740173
|-terastallize|p1a: Flutter Mane|Ghost
|move|p2b: Miraidon|Electro Drift|p1a: Flutter Mane
|-damage|p1a: Flutter Mane|0 fnt
|faint|p1a: Flutter Mane
|-end|p1a: Flutter Mane|Protosynthesis|[silent]
|
|win|ogerpog
|raw|RayneNoire's rating: 1216 &rarr; <strong>1189</strong><br />(-27 for losing)
|raw|ogerpog's rating: 1186 &rarr; <strong>1213</strong><br />(+27 for winning)
|l|☆ogerpog
|player|p2|
