|j|☆mgndnr
|j|☆Pooooder34
|t:|1750798262
|gametype|doubles
|player|p1|mgndnr|rancher|1365
|player|p2|Pooooder34|1|1357
|teamsize|p1|6
|teamsize|p2|6
|gen|9
|tier|[Gen 9] VGC 2025 Reg I
|rated|
|rule|Species Clause: Limit one of each Pokémon
|rule|Item Clause: Limit 1 of each item
|clearpoke
|poke|p1|Kyogre, L50|
|poke|p1|Moltres-Galar, L50|
|poke|p1|Dialga-Origin, L50|
|poke|p1|Flutter Mane, L50|
|poke|p1|Rhyperior, L50, F|
|poke|p1|Amoonguss, L50, F|
|poke|p2|Chi-Yu, L50|
|poke|p2|Weezing-Galar, L50, F|
|poke|p2|Walking Wake, L50|
|poke|p2|Calyrex-Shadow, L50|
|poke|p2|Brute Bonnet, L50|
|poke|p2|Koraidon, L50|
|teampreview|4
|inactive|Battle timer is ON: inactive players will automatically lose when time's up. (requested by Pooooder34)
|
|t:|1750798299
|start
|switch|p1a: Dialga|Dialga-Origin, L50, shiny|100/100
|switch|p1b: Amoonguss|Amoonguss, L50, F, shiny|100/100
|switch|p2a: Koraidon|Koraidon, L50|100/100
|switch|p2b: Weezing|Weezing-Galar, L50, F|100/100
|-ability|p2b: Weezing|Neutralizing Gas
|-block|p2a: Koraidon|item: Ability Shield
|-weather|SunnyDay|[from] ability: Orichalcum Pulse|[of] p2a: Koraidon
|-activate|p2a: Koraidon|Orichalcum Pulse|[source]
|turn|1
|c|☆mgndnr|Crazy off the bat
|c|☆mgndnr|Respect
|inactive|mgndnr has 30 seconds left.
|c|☆Pooooder34|Crazy? I was crazy once
|inactive|mgndnr has 20 seconds left.
|inactive|mgndnr has 15 seconds left.
|
|t:|1750798342
|move|p2a: Koraidon|Protect|p2a: Koraidon
|-singleturn|p2a: Koraidon|Protect
|move|p1b: Amoonguss|Rage Powder|p1b: Amoonguss
|-singleturn|p1b: Amoonguss|move: Rage Powder
|move|p2b: Weezing|Taunt|p1b: Amoonguss
|-start|p1b: Amoonguss|move: Taunt
|-enditem|p1b: Amoonguss|Mental Herb
|-end|p1b: Amoonguss|move: Taunt
|move|p1a: Dialga|Trick Room|p1a: Dialga
|-fieldstart|move: Trick Room|[of] p1a: Dialga
|
|-weather|SunnyDay|[upkeep]
|upkeep
|turn|2
|inactive|Pooooder34 has 30 seconds left.
|
|t:|1750798369
|switch|p2a: Walking Wake|Walking Wake, L50|100/100
|move|p1b: Amoonguss|Spore|p2a: Walking Wake
|-status|p2a: Walking Wake|slp|[from] move: Spore
|move|p2b: Weezing|Taunt|p1b: Amoonguss
|-start|p1b: Amoonguss|move: Taunt
|move|p1a: Dialga|Flash Cannon|p2b: Weezing
|-supereffective|p2b: Weezing
|-crit|p2b: Weezing
|-damage|p2b: Weezing|0 fnt
|faint|p2b: Weezing
|-end|p2b: Weezing|ability: Neutralizing Gas
|-ability|p1a: Dialga|Pressure
|-activate|p2a: Walking Wake|ability: Protosynthesis
|-start|p2a: Walking Wake|protosynthesisspe
|
|-weather|SunnyDay|[upkeep]
|upkeep
|
|t:|1750798379
|switch|p2b: Koraidon|Koraidon, L50|100/100
|-activate|p2b: Koraidon|ability: Orichalcum Pulse
|turn|3
|
|t:|1750798395
|switch|p1b: Kyogre|Kyogre, L50, shiny|100/100
|-weather|RainDance|[from] ability: Drizzle|[of] p1b: Kyogre
|-end|p2a: Walking Wake|Protosynthesis
|move|p2b: Koraidon|Protect|p2b: Koraidon
|-singleturn|p2b: Koraidon|Protect
|move|p1a: Dialga|Earth Power|p2b: Koraidon
|-activate|p2b: Koraidon|move: Protect
|cant|p2a: Walking Wake|slp
|
|-weather|RainDance|[upkeep]
|upkeep
|turn|4
|
|t:|1750798412
|move|p1a: Dialga|Earth Power|p2b: Koraidon
|-damage|p2b: Koraidon|76/100
|move|p1b: Kyogre|Calm Mind|p1b: Kyogre
|-boost|p1b: Kyogre|spa|1
|-boost|p1b: Kyogre|spd|1
|move|p2b: Koraidon|Flame Charge|p1a: Dialga
|-crit|p1a: Dialga
|-damage|p1a: Dialga|92/100
|-boost|p2b: Koraidon|spe|1
|-curestatus|p2a: Walking Wake|slp|[msg]
|move|p2a: Walking Wake|Snarl|p1a: Dialga|[spread] p1a,p1b
|-damage|p1a: Dialga|81/100
|-damage|p1b: Kyogre|95/100
|-unboost|p1a: Dialga|spa|1
|-unboost|p1b: Kyogre|spa|1
|
|-weather|RainDance|[upkeep]
|upkeep
|turn|5
|inactive|mgndnr has 30 seconds left.
|
|t:|1750798446
|switch|p1a: Amoonguss|Amoonguss, L50, F, shiny|100/100
|move|p2b: Koraidon|Protect|p2b: Koraidon
|-singleturn|p2b: Koraidon|Protect
|move|p1b: Kyogre|Calm Mind|p1b: Kyogre
|-boost|p1b: Kyogre|spa|1
|-boost|p1b: Kyogre|spd|1
|move|p2a: Walking Wake|Snarl|p1a: Amoonguss|[spread] p1a
|-miss|p2a: Walking Wake|p1b: Kyogre
|-damage|p1a: Amoonguss|88/100
|-unboost|p1a: Amoonguss|spa|1
|
|-weather|RainDance|[upkeep]
|-fieldend|move: Trick Room
|upkeep
|turn|6
|inactive|mgndnr has 30 seconds left.
|
|t:|1750798475
|move|p2b: Koraidon|Flare Blitz|p1a: Amoonguss
|-supereffective|p1a: Amoonguss
|-damage|p1a: Amoonguss|57/100
|-status|p1a: Amoonguss|brn
|-damage|p2b: Koraidon|65/100|[from] Recoil
|move|p2a: Walking Wake|Snarl|p1b: Kyogre|[spread] p1a
|-miss|p2a: Walking Wake|p1b: Kyogre
|-damage|p1a: Amoonguss|45/100 brn
|-unboost|p1a: Amoonguss|spa|1
|move|p1b: Kyogre|Ice Beam|p2b: Koraidon
|-supereffective|p2b: Koraidon
|-damage|p2b: Koraidon|0 fnt
|faint|p2b: Koraidon
|move|p1a: Amoonguss|Spore|p2a: Walking Wake
|-status|p2a: Walking Wake|slp|[from] move: Spore
|
|-weather|RainDance|[upkeep]
|-damage|p1a: Amoonguss|39/100 brn|[from] brn
|upkeep
|
|t:|1750798480
|switch|p2b: Calyrex|Calyrex-Shadow, L50|100/100
|-ability|p2b: Calyrex|As One
|-ability|p2b: Calyrex|Unnerve
|turn|7
|
|t:|1750798504
|switch|p1a: Moltres|Moltres-Galar, L50, shiny|100/100
|move|p2b: Calyrex|Protect|p2b: Calyrex
|-singleturn|p2b: Calyrex|Protect
|cant|p2a: Walking Wake|slp
|move|p1b: Kyogre|Ice Beam|p2a: Walking Wake
|-crit|p2a: Walking Wake
|-damage|p2a: Walking Wake|45/100 slp
|
|-weather|none
|upkeep
|turn|8
|
|t:|1750798522
|-terastallize|p2b: Calyrex|Ghost
|move|p1b: Kyogre|Protect|p1b: Kyogre
|-singleturn|p1b: Kyogre|Protect
|move|p2b: Calyrex|Astral Barrage|p1a: Moltres|[spread] p1a
|-activate|p1b: Kyogre|move: Protect
|-resisted|p1a: Moltres
|-damage|p1a: Moltres|71/100
|-curestatus|p2a: Walking Wake|slp|[msg]
|move|p2a: Walking Wake|Draco Meteor|p1a: Moltres
|-damage|p1a: Moltres|24/100
|-unboost|p2a: Walking Wake|spa|2
|-ability|p1a: Moltres|Berserk|boost
|-boost|p1a: Moltres|spa|1
|move|p1a: Moltres|Fiery Wrath|p2b: Calyrex|[spread] p2a,p2b
|-supereffective|p2b: Calyrex
|-damage|p2a: Walking Wake|14/100
|-damage|p2b: Calyrex|22/100
|
|upkeep
|turn|9
|inactive|mgndnr has 30 seconds left.
|
|t:|1750798549
|move|p1a: Moltres|Protect|p1a: Moltres
|-singleturn|p1a: Moltres|Protect
|move|p2b: Calyrex|Encore|p1b: Kyogre
|-start|p1b: Kyogre|Encore
|move|p2a: Walking Wake|Draco Meteor|p1a: Moltres
|-activate|p1a: Moltres|move: Protect
|move|p1b: Kyogre|Protect||[still]
|-fail|p1b: Kyogre
|
|upkeep
|turn|10
|
|t:|1750798563
|move|p1a: Moltres|Protect|p1a: Moltres
|-singleturn|p1a: Moltres|Protect
|move|p1b: Kyogre|Protect|p1b: Kyogre
|-singleturn|p1b: Kyogre|Protect
|move|p2b: Calyrex|Astral Barrage|p1a: Moltres|[spread] 
|-activate|p1a: Moltres|move: Protect
|-activate|p1b: Kyogre|move: Protect
|move|p2a: Walking Wake|Snarl|p1b: Kyogre|[spread] 
|-activate|p1a: Moltres|move: Protect
|-activate|p1b: Kyogre|move: Protect
|
|upkeep
|turn|11
|inactive|mgndnr has 30 seconds left.
|
|t:|1750798589
|move|p1b: Kyogre|Protect|p1b: Kyogre
|-singleturn|p1b: Kyogre|Protect
|move|p2b: Calyrex|Astral Barrage|p1a: Moltres|[spread] p1a
|-activate|p1b: Kyogre|move: Protect
|-resisted|p1a: Moltres
|-damage|p1a: Moltres|0 fnt
|faint|p1a: Moltres
|-ability|p2b: Calyrex|Grim Neigh|boost
|-boost|p2b: Calyrex|spa|1
|move|p2a: Walking Wake|Snarl|p1b: Kyogre
|-activate|p1b: Kyogre|move: Protect
|
|-end|p1b: Kyogre|Encore
|upkeep
|
|t:|1750798605
|switch|p1a: Amoonguss|Amoonguss, L50, F, shiny|72/100 brn
|turn|12
|
|t:|1750798615
|move|p1a: Amoonguss|Rage Powder|p1a: Amoonguss
|-singleturn|p1a: Amoonguss|move: Rage Powder
|move|p2b: Calyrex|Astral Barrage|p1b: Kyogre|[spread] p1a,p1b
|-damage|p1a: Amoonguss|0 fnt
|-damage|p1b: Kyogre|62/100
|faint|p1a: Amoonguss
|-ability|p2b: Calyrex|Grim Neigh|boost
|-boost|p2b: Calyrex|spa|1
|move|p2a: Walking Wake|Snarl|p1b: Kyogre
|-damage|p1b: Kyogre|58/100
|-unboost|p1b: Kyogre|spa|1
|move|p1b: Kyogre|Ice Beam|p2b: Calyrex
|-damage|p2b: Calyrex|0 fnt
|faint|p2b: Calyrex
|
|upkeep
|-message|Pooooder34 forfeited.
|
|win|mgndnr
|raw|mgndnr's rating: 1365 &rarr; <strong>1385</strong><br />(+20 for winning)
|raw|Pooooder34's rating: 1357 &rarr; <strong>1337</strong><br />(-20 for losing)
|l|☆Pooooder34
|player|p2|
