|j|☆Pika_Plays Pokemon
|j|☆DrPraykuh
|t:|1750743706
|gametype|doubles
|player|p1|Pika_Plays Pokemon|pokekid|1175
|player|p2|DrPraykuh|266|1187
|teamsize|p1|6
|teamsize|p2|6
|gen|9
|tier|[Gen 9] VGC 2025 Reg I
|rated|
|rule|Species Clause: Limit one of each Pokémon
|rule|Item Clause: Limit 1 of each item
|clearpoke
|poke|p1|Sneasler, L50, M|
|poke|p1|Ursaluna, L50, M|
|poke|p1|Lunala, L50|
|poke|p1|Incineroar, L50, F|
|poke|p1|Urshifu-*, L50, F|
|poke|p1|Miraidon, L50|
|poke|p2|Kyogre, L50|
|poke|p2|Tornadus, L50, M|
|poke|p2|Zacian-*, L50|
|poke|p2|Hitmontop, L50, M|
|poke|p2|Fezandipiti, L50, M|
|poke|p2|Urshifu-*, L50, M|
|teampreview|4
|inactive|Battle timer is ON: inactive players will automatically lose when time's up. (requested by DrPraykuh)
|inactive|Pika_Plays Pokemon also wants the timer to be on.
|inactive|DrPraykuh has 60 seconds left.
|inactive|DrPraykuh has 30 seconds left.
|inactive|DrPraykuh has 20 seconds left.
|inactive|DrPraykuh has 15 seconds left.
|inactive|DrPraykuh has 10 seconds left.
|inactive|DrPraykuh has 5 seconds left.
|
|t:|1750743793
|start
|switch|p1a: Lunala|Lunala, L50|100/100
|switch|p1b: Incineroar|Incineroar, L50, F|100/100
|switch|p2a: Fezandipiti|Fezandipiti, L50, M|100/100
|switch|p2b: Hitmontop|Hitmontop, L50, M|100/100
|-ability|p2b: Hitmontop|Intimidate|boost
|-unboost|p1a: Lunala|atk|1
|-unboost|p1b: Incineroar|atk|1
|-ability|p1b: Incineroar|Intimidate|boost
|-unboost|p2a: Fezandipiti|atk|1
|-unboost|p2b: Hitmontop|atk|1
|turn|1
|inactive|DrPraykuh has 30 seconds left.
|inactive|DrPraykuh has 20 seconds left.
|
|t:|1750743831
|move|p1b: Incineroar|Fake Out|p2a: Fezandipiti
|-damage|p2a: Fezandipiti|94/100
|move|p2b: Hitmontop|Close Combat|p1b: Incineroar
|-supereffective|p1b: Incineroar
|-damage|p1b: Incineroar|43/100
|-unboost|p2b: Hitmontop|def|1
|-unboost|p2b: Hitmontop|spd|1
|move|p1a: Lunala|Meteor Beam||[still]
|-prepare|p1a: Lunala|Meteor Beam
|-boost|p1a: Lunala|spa|1
|-enditem|p1a: Lunala|Power Herb
|-anim|p1a: Lunala|Meteor Beam|p2a: Fezandipiti|[miss]
|-miss|p1a: Lunala|p2a: Fezandipiti
|cant|p2a: Fezandipiti|flinch
|
|upkeep
|turn|2
|inactive|Pika_Plays Pokemon has 30 seconds left.
|inactive|DrPraykuh has 30 seconds left.
|inactive|DrPraykuh has 20 seconds left.
|
|t:|1750743870
|move|p1b: Incineroar|Protect|p1b: Incineroar
|-singleturn|p1b: Incineroar|Protect
|move|p1a: Lunala|Moongeist Beam|p2b: Hitmontop
|-enditem|p2b: Hitmontop|Focus Sash
|-damage|p2b: Hitmontop|1/100
|move|p2b: Hitmontop|Close Combat|p1b: Incineroar
|-activate|p1b: Incineroar|move: Protect
|move|p2a: Fezandipiti|Dazzling Gleam|p1a: Lunala|[spread] p1a
|-activate|p1b: Incineroar|move: Protect
|-damage|p1a: Lunala|96/100
|
|upkeep
|turn|3
|
|t:|1750743892
|move|p1a: Lunala|Moongeist Beam|p2b: Hitmontop
|-damage|p2b: Hitmontop|0 fnt
|faint|p2b: Hitmontop
|move|p2a: Fezandipiti|Dazzling Gleam|p1b: Incineroar|[spread] p1a,p1b
|-damage|p1a: Lunala|85/100
|-damage|p1b: Incineroar|32/100
|-status|p1a: Lunala|tox|[from] ability: Toxic Chain|[of] p2a: Fezandipiti
|move|p1b: Incineroar|Flare Blitz|p2a: Fezandipiti
|-damage|p2a: Fezandipiti|63/100
|-damage|p1b: Incineroar|23/100|[from] Recoil
|
|-damage|p1a: Lunala|79/100 tox|[from] psn
|upkeep
|
|t:|1750743909
|switch|p2b: Zacian|Zacian-Crowned, L50|100/100
|-ability|p2b: Zacian|Intrepid Sword|boost
|-boost|p2b: Zacian|atk|1
|turn|4
|inactive|Pika_Plays Pokemon has 30 seconds left.
|inactive|DrPraykuh has 30 seconds left.
|inactive|Pika_Plays Pokemon has 20 seconds left.
|inactive|Pika_Plays Pokemon has 15 seconds left.
|inactive|Pika_Plays Pokemon has 10 seconds left.
|inactive|Pika_Plays Pokemon has 5 seconds left.
|
|t:|1750743960
|move|p1b: Incineroar|Fake Out||[still]
|-hint|Fake Out only works on your first turn out.
|-fail|p1b: Incineroar
|move|p2b: Zacian|Play Rough|p1a: Lunala
|-damage|p1a: Lunala|21/100 tox
|move|p2a: Fezandipiti|Dazzling Gleam|p1b: Incineroar|[spread] p1a,p1b
|-damage|p1a: Lunala|11/100 tox
|-damage|p1b: Incineroar|9/100
|move|p1a: Lunala|Trick Room|p1a: Lunala
|-fieldstart|move: Trick Room|[of] p1a: Lunala
|
|-damage|p1a: Lunala|0 fnt|[from] psn
|faint|p1a: Lunala
|upkeep
|
|t:|1750743975
|switch|p1a: Ursaluna|Ursaluna, L50, M|100/100
|turn|5
|inactive|DrPraykuh has 30 seconds left.
|inactive|Pika_Plays Pokemon has 30 seconds left.
|
|t:|1750744009
|switch|p2a: Tornadus|Tornadus, L50, M|100/100
|move|p2b: Zacian|Protect|p2b: Zacian
|-singleturn|p2b: Zacian|Protect
|move|p1a: Ursaluna|Headlong Rush|p1b: Incineroar
|-supereffective|p1b: Incineroar
|-damage|p1b: Incineroar|0 fnt
|-unboost|p1a: Ursaluna|def|1
|-unboost|p1a: Ursaluna|spd|1
|faint|p1b: Incineroar
|
|-status|p1a: Ursaluna|brn|[from] item: Flame Orb
|upkeep
|
|t:|1750744017
|switch|p1b: Miraidon|Miraidon, L50|100/100
|-fieldstart|move: Electric Terrain|[from] ability: Hadron Engine|[of] p1b: Miraidon
|turn|6
|inactive|Pika_Plays Pokemon has 30 seconds left.
|inactive|DrPraykuh has 30 seconds left.
|c|☆Pika_Plays Pokemon|Im having technical problems
|inactive|Pika_Plays Pokemon has 20 seconds left.
|inactive|DrPraykuh has 20 seconds left.
|inactive|Pika_Plays Pokemon has 15 seconds left.
|
|t:|1750744062
|-terastallize|p2b: Zacian|Ground
|-terastallize|p1b: Miraidon|Fairy
|move|p1a: Ursaluna|Headlong Rush|p2b: Zacian
|-damage|p2b: Zacian|15/100
|-unboost|p1a: Ursaluna|def|1
|-unboost|p1a: Ursaluna|spd|1
|move|p2a: Tornadus|Bleakwind Storm|p1b: Miraidon|[spread] p1a,p1b
|-damage|p1a: Ursaluna|44/100 brn
|-damage|p1b: Miraidon|73/100
|move|p2b: Zacian|Tera Blast|p1a: Ursaluna|[anim] Tera Blast Ground
|-damage|p1a: Ursaluna|0 fnt
|faint|p1a: Ursaluna
|move|p1b: Miraidon|Dazzling Gleam|p2a: Tornadus|[spread] p2a,p2b
|-damage|p2a: Tornadus|27/100
|-damage|p2b: Zacian|0 fnt
|faint|p2b: Zacian
|
|upkeep
|c|☆DrPraykuh|srry
|
|t:|1750744079
|switch|p2b: Fezandipiti|Fezandipiti, L50, M|63/100
|turn|7
|
|t:|1750744102
|move|p2b: Fezandipiti|Icy Wind|p1b: Miraidon
|-damage|p1b: Miraidon|64/100
|-unboost|p1b: Miraidon|spe|1
|move|p1b: Miraidon|Dazzling Gleam|p2a: Tornadus|[spread] p2a,p2b
|-resisted|p2b: Fezandipiti
|-damage|p2a: Tornadus|0 fnt
|-damage|p2b: Fezandipiti|51/100
|faint|p2a: Tornadus
|
|upkeep
|turn|8
|
|t:|1750744119
|move|p2b: Fezandipiti|Acid Spray|p1b: Miraidon
|-supereffective|p1b: Miraidon
|-damage|p1b: Miraidon|47/100
|-unboost|p1b: Miraidon|spd|2
|move|p1b: Miraidon|Dazzling Gleam|p2b: Fezandipiti
|-resisted|p2b: Fezandipiti
|-damage|p2b: Fezandipiti|35/100
|
|-fieldend|move: Trick Room
|upkeep
|turn|9
|
|t:|1750744131
|move|p1b: Miraidon|Dazzling Gleam|p2b: Fezandipiti
|-resisted|p2b: Fezandipiti
|-damage|p2b: Fezandipiti|18/100
|move|p2b: Fezandipiti|Acid Spray|p1b: Miraidon
|-supereffective|p1b: Miraidon
|-damage|p1b: Miraidon|12/100
|-unboost|p1b: Miraidon|spd|2
|-status|p1b: Miraidon|tox|[from] ability: Toxic Chain|[of] p2b: Fezandipiti
|
|-damage|p1b: Miraidon|6/100 tox|[from] psn
|upkeep
|turn|10
|
|t:|1750744145
|move|p1b: Miraidon|Dazzling Gleam|p2b: Fezandipiti
|-resisted|p2b: Fezandipiti
|-damage|p2b: Fezandipiti|0 fnt
|faint|p2b: Fezandipiti
|
|win|Pika_Plays Pokemon
|raw|Pika_Plays Pokemon's rating: 1175 &rarr; <strong>1201</strong><br />(+26 for winning)
|raw|DrPraykuh's rating: 1187 &rarr; <strong>1161</strong><br />(-26 for losing)
|l|☆Pika_Plays Pokemon
|player|p1|
|l|☆DrPraykuh
|player|p2|
