|j|☆RyanExists
|j|☆h_dizzel37
|t:|1750715622
|gametype|doubles
|player|p1|RyanExists|allister|1375
|player|p2|h_dizzel37|1|1338
|teamsize|p1|6
|teamsize|p2|6
|gen|9
|tier|[Gen 9] VGC 2025 Reg I
|rated|
|rule|Species Clause: Limit one of each Pokémon
|rule|Item Clause: Limit 1 of each item
|clearpoke
|poke|p1|Koraidon, L50|
|poke|p1|Tornadus, L50, M|
|poke|p1|Annihilape, L50, F|
|poke|p1|Flutter Mane, L50|
|poke|p1|Eternatus, L50|
|poke|p1|Incineroar, L50, M|
|poke|p2|Calyrex-Ice, L50|
|poke|p2|Glastrier, L50|
|poke|p2|Raichu, L50, F|
|poke|p2|Oranguru, L50, M|
|poke|p2|Necrozma-Dusk-Mane, L50|
|poke|p2|Torkoal, L50, F|
|teampreview|4
|inactive|Battle timer is ON: inactive players will automatically lose when time's up. (requested by h_dizzel37)
|inactive|RyanExists has 60 seconds left.
|
|t:|1750715657
|start
|switch|p1a: Annihilape|Annihilape, L50, F|100/100
|switch|p1b: Flutter Mane|Flutter Mane, L50|100/100
|switch|p2a: Oranguru|Oranguru, L50, M|100/100
|switch|p2b: Necrozma|Necrozma-Dusk-Mane, L50|100/100
|turn|1
|
|t:|1750715668
|move|p1b: Flutter Mane|Imprison|p1b: Flutter Mane
|-start|p1b: Flutter Mane|move: Imprison
|move|p1a: Annihilape|Bulk Up|p1a: Annihilape
|-boost|p1a: Annihilape|atk|1
|-boost|p1a: Annihilape|def|1
|move|p2b: Necrozma|Photon Geyser|p1a: Annihilape
|-supereffective|p1a: Annihilape
|-damage|p1a: Annihilape|19/100
|cant|p2a: Oranguru|move: Imprison|Trick Room
|
|upkeep
|turn|2
|inactive|h_dizzel37 has 30 seconds left.
|
|t:|1750715701
|move|p1b: Flutter Mane|Shadow Ball|p2b: Necrozma
|-supereffective|p2b: Necrozma
|-damage|p2b: Necrozma|49/100
|-enditem|p2b: Necrozma|Weakness Policy
|-boost|p2b: Necrozma|atk|2|[from] item: Weakness Policy
|-boost|p2b: Necrozma|spa|2|[from] item: Weakness Policy
|move|p1a: Annihilape|Rage Fist|p2b: Necrozma
|-supereffective|p2b: Necrozma
|-damage|p2b: Necrozma|0 fnt
|faint|p2b: Necrozma
|move|p2a: Oranguru|Instruct|p2: Necrozma|[notarget]
|-fail|p2a: Oranguru
|
|upkeep
|
|t:|1750715709
|switch|p2b: Calyrex|Calyrex-Ice, L50|100/100
|-ability|p2b: Calyrex|As One
|-ability|p2b: Calyrex|Unnerve
|turn|3
|
|t:|1750715730
|-terastallize|p2b: Calyrex|Water
|move|p1b: Flutter Mane|Shadow Ball|p2b: Calyrex
|-damage|p2b: Calyrex|71/100
|-unboost|p2b: Calyrex|spd|1
|move|p1a: Annihilape|Rage Fist|p2b: Calyrex
|-damage|p2b: Calyrex|35/100
|move|p2b: Calyrex|Glacial Lance|p1a: Annihilape|[spread] p1a,p1b
|-damage|p1a: Annihilape|0 fnt
|-enditem|p1b: Flutter Mane|Focus Sash
|-damage|p1b: Flutter Mane|1/100
|faint|p1a: Annihilape
|-ability|p2b: Calyrex|Chilling Neigh|boost
|-boost|p2b: Calyrex|atk|1
|move|p2a: Oranguru|Instruct|p2b: Calyrex
|-singleturn|p2b: Calyrex|move: Instruct|[of] p2a: Oranguru
|move|p2b: Calyrex|Glacial Lance|p1b: Flutter Mane
|-damage|p1b: Flutter Mane|0 fnt
|faint|p1b: Flutter Mane
|-end|p1b: Flutter Mane|Protosynthesis|[silent]
|-ability|p2b: Calyrex|Chilling Neigh|boost
|-boost|p2b: Calyrex|atk|1
|
|-heal|p2b: Calyrex|41/100|[from] item: Leftovers
|upkeep
|
|t:|1750715742
|switch|p1b: Eternatus|Eternatus, L50|100/100
|switch|p1a: Koraidon|Koraidon, L50|100/100
|-weather|SunnyDay|[from] ability: Orichalcum Pulse|[of] p1a: Koraidon
|-activate|p1a: Koraidon|Orichalcum Pulse|[source]
|-ability|p1b: Eternatus|Pressure
|turn|4
|
|t:|1750715762
|-terastallize|p1a: Koraidon|Fire
|move|p2b: Calyrex|Protect|p2b: Calyrex
|-singleturn|p2b: Calyrex|Protect
|move|p1a: Koraidon|Flare Blitz|p2a: Oranguru
|-damage|p2a: Oranguru|0 fnt
|faint|p2a: Oranguru
|-damage|p1a: Koraidon|63/100|[from] Recoil
|-damage|p1a: Koraidon|54/100|[from] item: Life Orb
|move|p1b: Eternatus|Solar Beam||[still]
|-prepare|p1b: Eternatus|Solar Beam
|-anim|p1b: Eternatus|Solar Beam|p2b: Calyrex
|-activate|p2b: Calyrex|move: Protect
|
|-weather|SunnyDay|[upkeep]
|-heal|p2b: Calyrex|46/100|[from] item: Leftovers
|upkeep
|
|t:|1750715769
|switch|p2a: Glastrier|Glastrier, L50|100/100
|turn|5
|
|t:|1750715775
|move|p1a: Koraidon|Flare Blitz|p2a: Glastrier
|-supereffective|p2a: Glastrier
|-damage|p2a: Glastrier|0 fnt
|faint|p2a: Glastrier
|-damage|p1a: Koraidon|15/100|[from] Recoil
|-damage|p1a: Koraidon|5/100|[from] item: Life Orb
|move|p1b: Eternatus|Solar Beam||[still]
|-prepare|p1b: Eternatus|Solar Beam
|-anim|p1b: Eternatus|Solar Beam|p2b: Calyrex
|-supereffective|p2b: Calyrex
|-damage|p2b: Calyrex|0 fnt
|faint|p2b: Calyrex
|
|win|RyanExists
|raw|RyanExists's rating: 1375 &rarr; <strong>1393</strong><br />(+18 for winning)
|raw|h_dizzel37's rating: 1338 &rarr; <strong>1320</strong><br />(-18 for losing)
|l|☆h_dizzel37
|player|p2|
|c|☆RyanExists|gg
|l|☆RyanExists
|player|p1|
