|j|☆gomibako35
|j|☆SpicySpicy1374
|t:|1750834864
|gametype|doubles
|player|p1|gomibako35|2|1217
|player|p2|SpicySpicy1374|170|1189
|teamsize|p1|6
|teamsize|p2|6
|gen|9
|tier|[Gen 9] VGC 2025 Reg I
|rated|
|rule|Species Clause: Limit one of each Pokémon
|rule|Item Clause: Limit 1 of each item
|clearpoke
|poke|p1|Lunala, L50|
|poke|p1|Koraidon, L50|
|poke|p1|Ursaluna, L50, F|
|poke|p1|Indeedee-F, L50, F|
|poke|p1|Urshifu-*, L50, M|
|poke|p1|Regieleki, L50|
|poke|p2|Meowstic, L50, M|
|poke|p2|Groudon, L50|
|poke|p2|Miraidon, L50|
|poke|p2|Iron Valiant, L50|
|poke|p2|Porygon2, L50|
|poke|p2|Incineroar, L50, M|
|teampreview|4
|inactive|Battle timer is ON: inactive players will automatically lose when time's up. (requested by gomibako35)
|inactive|gomibako35 has 60 seconds left.
|
|t:|1750834924
|start
|switch|p1a: Urshifu|Urshifu, L50, M|100/100
|switch|p1b: Lunala|Lunala, L50|100/100
|switch|p2a: Meowstic|Meowstic, L50, M, shiny|100/100
|switch|p2b: Iron Valiant|Iron Valiant, L50|100/100
|turn|1
|inactive|gomibako35 has 30 seconds left.
|
|t:|1750834951
|move|p2a: Meowstic|Gravity|p2a: Meowstic
|-fieldstart|move: Gravity
|move|p2b: Iron Valiant|Hypnosis|p1a: Urshifu
|-status|p1a: Urshifu|slp|[from] move: Hypnosis
|cant|p1a: Urshifu|slp
|move|p1b: Lunala|Expanding Force|p2b: Iron Valiant
|-supereffective|p2b: Iron Valiant
|-enditem|p2b: Iron Valiant|Focus Sash
|-damage|p2b: Iron Valiant|1/100
|
|upkeep
|turn|2
|inactive|gomibako35 has 30 seconds left.
|inactive|gomibako35 has 20 seconds left.
|inactive|gomibako35 has 15 seconds left.
|
|t:|1750834994
|move|p2a: Meowstic|Light Screen|p2a: Meowstic
|-sidestart|p2: SpicySpicy1374|move: Light Screen
|move|p2b: Iron Valiant|Spirit Break|p1a: Urshifu
|-supereffective|p1a: Urshifu
|-damage|p1a: Urshifu|0 fnt
|faint|p1a: Urshifu
|move|p1b: Lunala|Expanding Force|p2b: Iron Valiant
|-supereffective|p2b: Iron Valiant
|-damage|p2b: Iron Valiant|0 fnt
|faint|p2b: Iron Valiant
|-end|p2b: Iron Valiant|Quark Drive|[silent]
|
|upkeep
|
|t:|1750835008
|switch|p2b: Miraidon|Miraidon, L50|100/100
|switch|p1a: Indeedee|Indeedee-F, L50, F|100/100
|-fieldstart|move: Electric Terrain|[from] ability: Hadron Engine|[of] p2b: Miraidon
|-fieldstart|move: Psychic Terrain|[from] ability: Psychic Surge|[of] p1a: Indeedee
|-enditem|p1b: Lunala|Psychic Seed
|-boost|p1b: Lunala|spd|1|[from] item: Psychic Seed
|turn|3
|
|t:|1750835033
|switch|p2b: Porygon2|Porygon2, L50|100/100
|-ability|p2b: Porygon2|Download|boost
|-boost|p2b: Porygon2|atk|1
|move|p1a: Indeedee|Helping Hand|p1b: Lunala
|-singleturn|p1b: Lunala|Helping Hand|[of] p1a: Indeedee
|move|p2a: Meowstic|Psychic|p1b: Lunala
|-resisted|p1b: Lunala
|-damage|p1b: Lunala|96/100
|move|p1b: Lunala|Expanding Force|p2a: Meowstic|[spread] p2a,p2b
|-resisted|p2a: Meowstic
|-damage|p2a: Meowstic|71/100
|-damage|p2b: Porygon2|60/100
|
|upkeep
|turn|4
|inactive|gomibako35 has 30 seconds left.
|inactive|SpicySpicy1374 has 30 seconds left.
|
|t:|1750835065
|move|p1a: Indeedee|Follow Me|p1a: Indeedee
|-singleturn|p1a: Indeedee|move: Follow Me
|move|p2a: Meowstic|Reflect|p2a: Meowstic
|-sidestart|p2: SpicySpicy1374|Reflect
|move|p1b: Lunala|Moongeist Beam|p2a: Meowstic
|-supereffective|p2a: Meowstic
|-damage|p2a: Meowstic|0 fnt
|faint|p2a: Meowstic
|move|p2b: Porygon2|Ice Beam|p1a: Indeedee
|-damage|p1a: Indeedee|78/100
|-status|p1a: Indeedee|frz
|
|upkeep
|
|t:|1750835074
|switch|p2a: Miraidon|Miraidon, L50|100/100
|-fieldstart|move: Electric Terrain|[from] ability: Hadron Engine|[of] p2a: Miraidon
|turn|5
|inactive|gomibako35 has 30 seconds left.
|
|t:|1750835102
|cant|p1a: Indeedee|frz
|move|p2a: Miraidon|Snarl|p1b: Lunala|[spread] p1a,p1b
|-supereffective|p1a: Indeedee
|-supereffective|p1b: Lunala
|-damage|p1a: Indeedee|43/100 frz
|-damage|p1b: Lunala|60/100
|-unboost|p1a: Indeedee|spa|1
|-unboost|p1b: Lunala|spa|1
|move|p1b: Lunala|Moongeist Beam|p2a: Miraidon
|-damage|p2a: Miraidon|88/100
|move|p2b: Porygon2|Ice Beam|p1b: Lunala
|-damage|p1b: Lunala|48/100
|
|-fieldend|move: Gravity
|upkeep
|turn|6
|-message|gomibako35 forfeited.
|
|win|SpicySpicy1374
|raw|gomibako35's rating: 1217 &rarr; <strong>1190</strong><br />(-27 for losing)
|raw|SpicySpicy1374's rating: 1189 &rarr; <strong>1216</strong><br />(+27 for winning)
|l|☆gomibako35
|player|p1|
|l|☆SpicySpicy1374
|player|p2|
