|j|☆Kumquat2099
|j|☆LoCaramerda
|t:|1750777422
|gametype|doubles
|player|p1|Kumquat2099|169|1131
|player|p2|LoCaramerda|101|1092
|teamsize|p1|6
|teamsize|p2|6
|gen|9
|tier|[Gen 9] VGC 2025 Reg I
|rated|
|rule|Species Clause: Limit one of each Pokémon
|rule|Item Clause: Limit 1 of each item
|clearpoke
|poke|p1|Kyurem-White, L50|
|poke|p1|Abomasnow, L50, M|
|poke|p1|Ogerpon-Hearthflame, L50, F|
|poke|p1|Urshifu-*, L50, F|
|poke|p1|Terapagos, L50, M|
|poke|p1|Malamar, L50, F|
|poke|p2|Miraidon, L50|
|poke|p2|Kingambit, L50, M|
|poke|p2|Ogerpon-Wellspring, L50, F|
|poke|p2|Incineroar, L50, F|
|poke|p2|Tornadus, L50, M|
|poke|p2|Zacian-*, L50|
|teampreview|4
|inactive|Battle timer is ON: inactive players will automatically lose when time's up. (requested by LoCaramerda)
|inactive|LoCaramerda has 60 seconds left.
|inactive|LoCaramerda has 30 seconds left.
|
|t:|1750777484
|start
|switch|p1a: Kyurem|Kyurem-White, L50|100/100
|switch|p1b: Abomasnow|Abomasnow, L50, M|100/100
|switch|p2a: Miraidon|Miraidon, L50|100/100
|switch|p2b: Incineroar|Incineroar, L50, F|100/100
|-ability|p1a: Kyurem|Turboblaze
|-fieldstart|move: Electric Terrain|[from] ability: Hadron Engine|[of] p2a: Miraidon
|-weather|Snowscape|[from] ability: Snow Warning|[of] p1b: Abomasnow
|-ability|p2b: Incineroar|Intimidate|boost
|-unboost|p1a: Kyurem|atk|1
|-unboost|p1b: Abomasnow|atk|1
|turn|1
|inactive|Kumquat2099 has 30 seconds left.
|inactive|LoCaramerda has 30 seconds left.
|
|t:|1750777512
|move|p1a: Kyurem|Earth Power|p2b: Incineroar
|-supereffective|p2b: Incineroar
|-damage|p2b: Incineroar|26/100
|move|p2a: Miraidon|Volt Switch|p1a: Kyurem
|-resisted|p1a: Kyurem
|-damage|p1a: Kyurem|55/100
|
|t:|1750777519
|switch|p2a: Kingambit|Kingambit, L50, M|100/100|[from] Volt Switch
|move|p2b: Incineroar|Knock Off|p1a: Kyurem
|-damage|p1a: Kyurem|31/100
|-enditem|p1a: Kyurem|Choice Scarf|[from] move: Knock Off|[of] p2b: Incineroar
|move|p1b: Abomasnow|Blizzard|p2a: Kingambit|[spread] p2a,p2b
|-resisted|p2a: Kingambit
|-resisted|p2b: Incineroar
|-damage|p2a: Kingambit|83/100
|-damage|p2b: Incineroar|9/100
|
|-weather|Snowscape|[upkeep]
|upkeep
|turn|2
|
|t:|1750777544
|move|p2a: Kingambit|Sucker Punch|p1a: Kyurem
|-damage|p1a: Kyurem|5/100
|move|p1a: Kyurem|Fusion Flare|p2a: Kingambit
|-supereffective|p2a: Kingambit
|-damage|p2a: Kingambit|0 fnt
|faint|p2a: Kingambit
|move|p1b: Abomasnow|Icy Wind|p2b: Incineroar
|-resisted|p2b: Incineroar
|-damage|p2b: Incineroar|0 fnt
|faint|p2b: Incineroar
|
|-weather|Snowscape|[upkeep]
|upkeep
|
|t:|1750777552
|switch|p2b: Miraidon|Miraidon, L50|100/100
|switch|p2a: Zacian|Zacian-Crowned, L50|100/100
|-ability|p2a: Zacian|Intrepid Sword|boost
|-boost|p2a: Zacian|atk|1
|-activate|p2b: Miraidon|ability: Hadron Engine
|turn|3
|inactive|Kumquat2099 has 30 seconds left.
|inactive|LoCaramerda has 30 seconds left.
|inactive|Kumquat2099 has 20 seconds left.
|
|t:|1750777597
|-terastallize|p2b: Miraidon|Fairy
|move|p2a: Zacian|Play Rough|p1a: Kyurem
|-supereffective|p1a: Kyurem
|-damage|p1a: Kyurem|0 fnt
|faint|p1a: Kyurem
|move|p2b: Miraidon|Dazzling Gleam|p1b: Abomasnow
|-damage|p1b: Abomasnow|10/100
|move|p1b: Abomasnow|Blizzard|p2a: Zacian|[spread] p2a,p2b
|-resisted|p2a: Zacian
|-damage|p2a: Zacian|83/100
|-damage|p2b: Miraidon|67/100
|
|-weather|Snowscape|[upkeep]
|upkeep
|
|t:|1750777605
|switch|p1a: Ogerpon|Ogerpon-Hearthflame, L50, F|100/100
|-ability|p1a: Ogerpon|Mold Breaker
|turn|4
|
|t:|1750777617
|-terastallize|p1a: Ogerpon|Fire
|detailschange|p1a: Ogerpon|Ogerpon-Hearthflame-Tera, L50, F, tera:Fire
|-ability|p1a: Ogerpon|Embody Aspect (Hearthflame)|boost
|-boost|p1a: Ogerpon|atk|1
|move|p2a: Zacian|Protect|p2a: Zacian
|-singleturn|p2a: Zacian|Protect
|move|p2b: Miraidon|Dazzling Gleam|p1b: Abomasnow|[spread] p1a,p1b
|-resisted|p1a: Ogerpon
|-damage|p1a: Ogerpon|70/100
|-damage|p1b: Abomasnow|0 fnt
|faint|p1b: Abomasnow
|move|p1a: Ogerpon|Ivy Cudgel|p2a: Zacian|[anim] Ivy Cudgel Fire
|-activate|p2a: Zacian|move: Protect
|
|-weather|Snowscape|[upkeep]
|upkeep
|
|t:|1750777626
|switch|p1b: Urshifu|Urshifu-Rapid-Strike, L50, F|100/100
|turn|5
|
|t:|1750777648
|move|p2a: Zacian|Play Rough|p1b: Urshifu
|-supereffective|p1b: Urshifu
|-damage|p1b: Urshifu|0 fnt
|faint|p1b: Urshifu
|move|p2b: Miraidon|Dazzling Gleam|p1a: Ogerpon
|-resisted|p1a: Ogerpon
|-damage|p1a: Ogerpon|24/100
|move|p1a: Ogerpon|Ivy Cudgel|p2a: Zacian|[anim] Ivy Cudgel Fire
|-supereffective|p2a: Zacian
|-damage|p2a: Zacian|0 fnt
|faint|p2a: Zacian
|
|-weather|none
|-fieldend|move: Electric Terrain
|upkeep
|turn|6
|
|t:|1750777659
|move|p1a: Ogerpon|Spiky Shield|p1a: Ogerpon
|-singleturn|p1a: Ogerpon|move: Protect
|move|p2b: Miraidon|Dazzling Gleam|p1a: Ogerpon
|-activate|p1a: Ogerpon|move: Protect
|
|upkeep
|turn|7
|
|t:|1750777668
|move|p2b: Miraidon|Dazzling Gleam|p1a: Ogerpon
|-resisted|p1a: Ogerpon
|-damage|p1a: Ogerpon|0 fnt
|faint|p1a: Ogerpon
|detailschange|p1: Ogerpon|Ogerpon-Hearthflame, L50, F|[silent]
|
|win|LoCaramerda
|raw|Kumquat2099's rating: 1131 &rarr; <strong>1103</strong><br />(-28 for losing)
|raw|LoCaramerda's rating: 1092 &rarr; <strong>1121</strong><br />(+29 for winning)
|l|☆Kumquat2099
|player|p1|
|l|☆LoCaramerda
|player|p2|
