|j|☆not vgc lugia
|j|☆matthewman64
|t:|1750842834
|gametype|doubles
|player|p1|not vgc lugia|ethan|1511
|player|p2|matthewman64|265|1476
|teamsize|p1|6
|teamsize|p2|6
|gen|9
|tier|[Gen 9] VGC 2025 Reg I
|rated|
|rule|Species Clause: Limit one of each Pokémon
|rule|Item Clause: Limit 1 of each item
|clearpoke
|poke|p1|Lugia, L50|
|poke|p1|Miraidon, L50|
|poke|p1|Chien-Pao, L50|
|poke|p1|Iron Hands, L50|
|poke|p1|Ogerpon-Wellspring, L50, F|
|poke|p1|Entei, L50|
|poke|p2|Zamazenta-*, L50|
|poke|p2|Calyrex-Shadow, L50|
|poke|p2|Tornadus, L50, M|
|poke|p2|Urshifu-*, L50, F|
|poke|p2|Rillaboom, L50, M|
|poke|p2|Chien-Pao, L50|
|teampreview|4
|inactive|Battle timer is ON: inactive players will automatically lose when time's up. (requested by not vgc lugia)
|inactive|not vgc lugia has 60 seconds left.
|inactive|matthewman64 has 60 seconds left.
|inactive|not vgc lugia has 30 seconds left.
|inactive|not vgc lugia has 20 seconds left.
|inactive|not vgc lugia has 15 seconds left.
|inactive|not vgc lugia has 10 seconds left.
|
|t:|1750842914
|start
|switch|p1a: Miraidon|Miraidon, L50|100/100
|switch|p1b: Entei|Entei, L50|100/100
|switch|p2a: Rillaboom|Rillaboom, L50, M|100/100
|switch|p2b: Chien-Pao|Chien-Pao, L50|100/100
|-fieldstart|move: Electric Terrain|[from] ability: Hadron Engine|[of] p1a: Miraidon
|-ability|p2b: Chien-Pao|Sword of Ruin
|-fieldstart|move: Grassy Terrain|[from] ability: Grassy Surge|[of] p2a: Rillaboom
|turn|1
|inactive|not vgc lugia has 30 seconds left.
|inactive|matthewman64 has 30 seconds left.
|
|t:|1750842948
|-terastallize|p1a: Miraidon|Fairy
|move|p2a: Rillaboom|Fake Out|p1a: Miraidon
|-damage|p1a: Miraidon|84/100
|cant|p1a: Miraidon|flinch
|move|p2b: Chien-Pao|Icicle Crash|p1a: Miraidon|[miss]
|-miss|p2b: Chien-Pao|p1a: Miraidon
|move|p1b: Entei|Sacred Fire|p2a: Rillaboom
|-supereffective|p2a: Rillaboom
|-damage|p2a: Rillaboom|0 fnt
|faint|p2a: Rillaboom
|
|-heal|p1a: Miraidon|90/100|[from] Grassy Terrain
|upkeep
|
|t:|1750842965
|switch|p2a: Urshifu|Urshifu-Rapid-Strike, L50, F|100/100
|turn|2
|
|t:|1750842980
|move|p2a: Urshifu|Detect|p2a: Urshifu
|-singleturn|p2a: Urshifu|Protect
|move|p1a: Miraidon|Volt Switch|p2a: Urshifu
|-activate|p2a: Urshifu|move: Protect
|move|p2b: Chien-Pao|Icicle Crash|p1a: Miraidon
|-damage|p1a: Miraidon|29/100
|-damage|p2b: Chien-Pao|91/100|[from] item: Life Orb
|move|p1b: Entei|Sacred Fire|p2b: Chien-Pao
|-supereffective|p2b: Chien-Pao
|-damage|p2b: Chien-Pao|0 fnt
|faint|p2b: Chien-Pao
|
|-heal|p1a: Miraidon|35/100|[from] Grassy Terrain
|upkeep
|
|t:|1750842996
|switch|p2b: Calyrex|Calyrex-Shadow, L50|100/100
|-ability|p2b: Calyrex|As One
|-ability|p2b: Calyrex|Unnerve
|turn|3
|
|t:|1750843012
|switch|p1a: Chien-Pao|Chien-Pao, L50|100/100
|-ability|p1a: Chien-Pao|Sword of Ruin
|move|p2b: Calyrex|Astral Barrage|p1b: Entei|[spread] p1a,p1b
|-resisted|p1a: Chien-Pao
|-damage|p1a: Chien-Pao|54/100
|-damage|p1b: Entei|36/100
|move|p1b: Entei|Sacred Fire|p2b: Calyrex
|-enditem|p2b: Calyrex|Focus Sash
|-damage|p2b: Calyrex|1/100
|-status|p2b: Calyrex|brn
|move|p2a: Urshifu|Surging Strikes|p1b: Entei
|-supereffective|p1b: Entei
|-crit|p1b: Entei
|-damage|p1b: Entei|0 fnt
|faint|p1b: Entei
|-hitcount|p1: Entei|1
|
|-heal|p2b: Calyrex|7/100 brn|[from] Grassy Terrain
|-heal|p1a: Chien-Pao|60/100|[from] Grassy Terrain
|-damage|p2b: Calyrex|1/100 brn|[from] brn
|upkeep
|
|t:|1750843033
|switch|p1b: Lugia|Lugia, L50|100/100
|turn|4
|
|t:|1750843046
|move|p2b: Calyrex|Protect|p2b: Calyrex
|-singleturn|p2b: Calyrex|Protect
|move|p1a: Chien-Pao|Sucker Punch||[still]
|-fail|p1a: Chien-Pao
|move|p1b: Lugia|Aeroblast|p2a: Urshifu
|-supereffective|p2a: Urshifu
|-crit|p2a: Urshifu
|-damage|p2a: Urshifu|0 fnt
|faint|p2a: Urshifu
|
|-heal|p2b: Calyrex|7/100 brn|[from] Grassy Terrain
|-heal|p1a: Chien-Pao|66/100|[from] Grassy Terrain
|-damage|p2b: Calyrex|1/100 brn|[from] brn
|upkeep
|turn|5
|-message|matthewman64 forfeited.
|
|win|not vgc lugia
|raw|not vgc lugia's rating: 1511 &rarr; <strong>1529</strong><br />(+18 for winning)
|raw|matthewman64's rating: 1476 &rarr; <strong>1458</strong><br />(-18 for losing)
|l|☆matthewman64
|player|p2|
