|j|☆sk4rpov
|j|☆DimensionalFool
|t:|1750795569
|gametype|doubles
|player|p1|sk4rpov|plasmagrunt|1373
|player|p2|DimensionalFool|265|1460
|teamsize|p1|6
|teamsize|p2|6
|gen|9
|tier|[Gen 9] VGC 2025 Reg I
|rated|
|rule|Species Clause: Limit one of each Pokémon
|rule|Item Clause: Limit 1 of each item
|clearpoke
|poke|p1|Calyrex-Ice, L50|
|poke|p1|Kyogre, L50|
|poke|p1|Flutter Mane, L50|
|poke|p1|Iron Hands, L50|
|poke|p1|Scream Tail, L50|
|poke|p1|Amoonguss, L50, M|
|poke|p2|Koraidon, L50|
|poke|p2|Scovillain, L50, M|
|poke|p2|Miraidon, L50|
|poke|p2|Chesnaught, L50, F|
|poke|p2|Clefairy, L50, F|
|poke|p2|Indeedee-F, L50, F|
|teampreview|4
|inactive|Battle timer is ON: inactive players will automatically lose when time's up. (requested by DimensionalFool)
|inactive|DimensionalFool has 60 seconds left.
|
|t:|1750795607
|start
|switch|p1a: Petitponey|Calyrex-Ice, L50|100/100
|switch|p1b: le défoncé|Amoonguss, L50, M|100/100
|switch|p2a: Chesnaught|Chesnaught, L50, F|100/100
|switch|p2b: Miraidon|Miraidon, L50|100/100
|-ability|p1a: Petitponey|As One
|-ability|p1a: Petitponey|Unnerve
|-fieldstart|move: Electric Terrain|[from] ability: Hadron Engine|[of] p2b: Miraidon
|-enditem|p2a: Chesnaught|Electric Seed
|-boost|p2a: Chesnaught|def|1|[from] item: Electric Seed
|turn|1
|
|t:|1750795625
|move|p2a: Chesnaught|Wide Guard|p2a: Chesnaught
|-singleturn|p2a: Chesnaught|Wide Guard
|move|p1b: le défoncé|Rage Powder|p1b: le défoncé
|-singleturn|p1b: le défoncé|move: Rage Powder
|move|p2b: Miraidon|Electro Drift|p1b: le défoncé
|-resisted|p1b: le défoncé
|-damage|p1b: le défoncé|54/100
|move|p1a: Petitponey|Taunt|p2a: Chesnaught
|-start|p2a: Chesnaught|move: Taunt
|
|upkeep
|turn|2
|
|t:|1750795641
|-terastallize|p2b: Miraidon|Electric
|move|p1b: le défoncé|Rage Powder|p1b: le défoncé
|-singleturn|p1b: le défoncé|move: Rage Powder
|move|p2b: Miraidon|Electro Drift|p1b: le défoncé
|-resisted|p1b: le défoncé
|-damage|p1b: le défoncé|0 fnt
|faint|p1b: le défoncé
|move|p2a: Chesnaught|Body Press|p1a: Petitponey
|-damage|p1a: Petitponey|64/100
|move|p1a: Petitponey|Glacial Lance|p2a: Chesnaught|[spread] p2a,p2b
|-supereffective|p2a: Chesnaught
|-damage|p2a: Chesnaught|54/100
|-damage|p2b: Miraidon|43/100
|
|upkeep
|
|t:|1750795657
|switch|p1b: Pascal lgrand frer|Iron Hands, L50|100/100
|-activate|p1b: Pascal lgrand frer|ability: Quark Drive
|-start|p1b: Pascal lgrand frer|quarkdriveatk
|turn|3
|
|t:|1750795670
|switch|p2b: Koraidon|Koraidon, L50|100/100
|-weather|SunnyDay|[from] ability: Orichalcum Pulse|[of] p2b: Koraidon
|-activate|p2b: Koraidon|Orichalcum Pulse|[source]
|switch|p2a: Clefairy|Clefairy, L50, F|100/100
|move|p1b: Pascal lgrand frer|Fake Out|p2b: Koraidon
|-damage|p2b: Koraidon|87/100
|move|p1a: Petitponey|Glacial Lance|p2b: Koraidon|[spread] p2a,p2b
|-supereffective|p2b: Koraidon
|-damage|p2a: Clefairy|52/100
|-damage|p2b: Koraidon|1/100
|
|-weather|SunnyDay|[upkeep]
|upkeep
|turn|4
|inactive|DimensionalFool has 30 seconds left.
|
|t:|1750795698
|move|p2b: Koraidon|Protect|p2b: Koraidon
|-singleturn|p2b: Koraidon|Protect
|move|p1a: Petitponey|Protect|p1a: Petitponey
|-singleturn|p1a: Petitponey|Protect
|move|p1b: Pascal lgrand frer|Volt Switch|p2b: Koraidon
|-activate|p2b: Koraidon|move: Protect
|move|p2a: Clefairy|Life Dew|p2a: Clefairy|[spread] p2a,p2b
|-heal|p2a: Clefairy|77/100
|-heal|p2b: Koraidon|26/100
|
|-weather|SunnyDay|[upkeep]
|upkeep
|turn|5
|inactive|sk4rpov has 30 seconds left.
|inactive|sk4rpov has 20 seconds left.
|inactive|DimensionalFool has 30 seconds left.
|
|t:|1750795745
|switch|p1a: La fontaine|Kyogre, L50|100/100
|-weather|RainDance|[from] ability: Drizzle|[of] p1a: La fontaine
|move|p2b: Koraidon|Collision Course|p1b: Pascal lgrand frer
|-damage|p1b: Pascal lgrand frer|65/100
|move|p1b: Pascal lgrand frer|Supercell Slam|p2b: Koraidon|[miss]
|-miss|p1b: Pascal lgrand frer|p2b: Koraidon
|-damage|p1b: Pascal lgrand frer|15/100|[from] supercellslam
|move|p2a: Clefairy|After You||[still]
|-fail|p2a: Clefairy
|
|-weather|RainDance|[upkeep]
|-fieldend|move: Electric Terrain
|-end|p1b: Pascal lgrand frer|Quark Drive
|upkeep
|turn|6
|inactive|sk4rpov has 30 seconds left.
|inactive|DimensionalFool has 30 seconds left.
|inactive|sk4rpov has 20 seconds left.
|inactive|DimensionalFool has 20 seconds left.
|
|t:|1750795782
|move|p2b: Koraidon|Protect|p2b: Koraidon
|-singleturn|p2b: Koraidon|Protect
|move|p1a: La fontaine|Origin Pulse|p2a: Clefairy|[spread] p2a
|-activate|p2b: Koraidon|move: Protect
|-damage|p2a: Clefairy|0 fnt
|faint|p2a: Clefairy
|move|p1b: Pascal lgrand frer|Close Combat|p2b: Koraidon
|-activate|p2b: Koraidon|move: Protect
|
|-weather|RainDance|[upkeep]
|upkeep
|
|t:|1750795789
|switch|p2a: Miraidon|Miraidon, L50, tera:Electric|43/100
|-fieldstart|move: Electric Terrain|[from] ability: Hadron Engine|[of] p2a: Miraidon
|-activate|p1b: Pascal lgrand frer|ability: Quark Drive
|-start|p1b: Pascal lgrand frer|quarkdriveatk
|turn|7
|
|t:|1750795803
|-terastallize|p1a: La fontaine|Grass
|move|p2a: Miraidon|Electro Drift|p1a: La fontaine
|-resisted|p1a: La fontaine
|-damage|p1a: La fontaine|60/100
|move|p2b: Koraidon|Collision Course|p1b: Pascal lgrand frer
|-damage|p1b: Pascal lgrand frer|0 fnt
|faint|p1b: Pascal lgrand frer
|-end|p1b: Pascal lgrand frer|Quark Drive|[silent]
|move|p1a: La fontaine|Origin Pulse|p2a: Miraidon|[spread] p2a,p2b
|-resisted|p2b: Koraidon
|-damage|p2a: Miraidon|0 fnt
|-damage|p2b: Koraidon|0 fnt
|faint|p2a: Miraidon
|faint|p2b: Koraidon
|
|-weather|RainDance|[upkeep]
|upkeep
|-message|DimensionalFool forfeited.
|
|win|sk4rpov
|raw|sk4rpov's rating: 1373 &rarr; <strong>1398</strong><br />(+25 for winning)
|raw|DimensionalFool's rating: 1460 &rarr; <strong>1435</strong><br />(-25 for losing)
|l|☆DimensionalFool
|player|p2|
|l|☆sk4rpov
|player|p1|
