|j|☆caZISA
|j|☆Aabraao
|t:|1750867436
|gametype|doubles
|player|p1|caZISA|red|1649
|player|p2|Aabraao|hilbert|1667
|teamsize|p1|6
|teamsize|p2|6
|gen|9
|tier|[Gen 9] VGC 2025 Reg I
|rated|
|rule|Species Clause: Limit one of each Pokémon
|rule|Item Clause: Limit 1 of each item
|clearpoke
|poke|p1|Miraidon, L50|
|poke|p1|Calyrex-Ice, L50|
|poke|p1|Urshifu-*, L50, M|
|poke|p1|Landorus, L50, M|
|poke|p1|Volcarona, L50, M|
|poke|p1|Farigiraf, L50, M|
|poke|p2|Lunala, L50|
|poke|p2|Calyrex-Ice, L50|
|poke|p2|Incineroar, L50, M|
|poke|p2|Kingambit, L50, F|
|poke|p2|Ogerpon-Cornerstone, L50, F|
|poke|p2|Torkoal, L50, M|
|teampreview|4
|inactive|Battle timer is ON: inactive players will automatically lose when time's up. (requested by Aabraao)
|inactive|Aabraao has 60 seconds left.
|inactive|Aabraao has 30 seconds left.
|inactive|Aabraao has 20 seconds left.
|inactive|Aabraao has 15 seconds left.
|inactive|Aabraao has 10 seconds left.
|inactive|Aabraao has 5 seconds left.
|
|t:|1750867526
|start
|switch|p1a: Miraidon|Miraidon, L50|100/100
|switch|p1b: Skidush|Urshifu-Rapid-Strike, L50, M|100/100
|switch|p2a: Lunala|Lunala, L50|100/100
|switch|p2b: Calyrex|Calyrex-Ice, L50|100/100
|-ability|p2b: Calyrex|As One
|-ability|p2b: Calyrex|Unnerve
|-fieldstart|move: Electric Terrain|[from] ability: Hadron Engine|[of] p1a: Miraidon
|turn|1
|inactive|Aabraao has 30 seconds left.
|inactive|caZISA has 30 seconds left.
|inactive|Aabraao has 20 seconds left.
|inactive|Aabraao has 15 seconds left.
|inactive|Aabraao has 10 seconds left.
|inactive|Aabraao has 5 seconds left.
|
|t:|1750867581
|-terastallize|p1a: Miraidon|Electric
|move|p1a: Miraidon|Snarl|p2a: Lunala|[spread] p2a,p2b
|-supereffective|p2a: Lunala
|-supereffective|p2b: Calyrex
|-damage|p2a: Lunala|74/100
|-damage|p2b: Calyrex|72/100
|-unboost|p2a: Lunala|spa|1
|move|p1b: Skidush|Taunt|p2a: Lunala
|-start|p2a: Lunala|move: Taunt
|move|p2a: Lunala|Moongeist Beam|p1b: Skidush
|-damage|p1b: Skidush|47/100
|move|p2b: Calyrex|Glacial Lance|p1a: Miraidon|[spread] p1a,p1b
|-resisted|p1b: Skidush
|-damage|p1a: Miraidon|42/100
|-damage|p1b: Skidush|18/100
|
|-heal|p2a: Lunala|80/100|[from] item: Leftovers
|upkeep
|turn|2
|inactive|Aabraao has 30 seconds left.
|inactive|Aabraao has 20 seconds left.
|inactive|Aabraao has 15 seconds left.
|inactive|Aabraao has 10 seconds left.
|inactive|Aabraao has 5 seconds left.
|
|t:|1750867636
|move|p1b: Skidush|Detect|p1b: Skidush
|-singleturn|p1b: Skidush|Protect
|move|p1a: Miraidon|Volt Switch|p2a: Lunala
|-damage|p2a: Lunala|22/100
|
|t:|1750867643
|switch|p1a: Chicken Jockey|Calyrex-Ice, L50|100/100|[from] Volt Switch
|-ability|p1a: Chicken Jockey|As One
|-ability|p1a: Chicken Jockey|Unnerve
|move|p2a: Lunala|Moongeist Beam|p1b: Skidush
|-activate|p1b: Skidush|move: Protect
|move|p2b: Calyrex|Glacial Lance|p1a: Chicken Jockey|[spread] p1a
|-activate|p1b: Skidush|move: Protect
|-resisted|p1a: Chicken Jockey
|-damage|p1a: Chicken Jockey|85/100
|
|-heal|p2a: Lunala|28/100|[from] item: Leftovers
|upkeep
|turn|3
|inactive|Aabraao has 30 seconds left.
|inactive|Aabraao has 20 seconds left.
|inactive|Aabraao has 15 seconds left.
|inactive|Aabraao has 10 seconds left.
|inactive|Aabraao has 5 seconds left.
|
|t:|1750867698
|move|p1b: Skidush|Surging Strikes|p2b: Calyrex
|-crit|p2b: Calyrex
|-damage|p2b: Calyrex|61/100
|-crit|p2b: Calyrex
|-damage|p2b: Calyrex|49/100
|-crit|p2b: Calyrex
|-damage|p2b: Calyrex|37/100
|-hitcount|p2b: Calyrex|3
|move|p2a: Lunala|Moongeist Beam|p1a: Chicken Jockey
|-supereffective|p1a: Chicken Jockey
|-damage|p1a: Chicken Jockey|37/100
|move|p1a: Chicken Jockey|Glacial Lance|p2b: Calyrex|[spread] p2a,p2b
|-resisted|p2b: Calyrex
|-damage|p2a: Lunala|0 fnt
|-damage|p2b: Calyrex|19/100
|faint|p2a: Lunala
|-ability|p1a: Chicken Jockey|Chilling Neigh|boost
|-boost|p1a: Chicken Jockey|atk|1
|move|p2b: Calyrex|Glacial Lance|p1a: Chicken Jockey|[spread] p1a,p1b
|-resisted|p1a: Chicken Jockey
|-resisted|p1b: Skidush
|-damage|p1a: Chicken Jockey|21/100
|-damage|p1b: Skidush|0 fnt
|faint|p1b: Skidush
|-ability|p2b: Calyrex|Chilling Neigh|boost
|-boost|p2b: Calyrex|atk|1
|
|upkeep
|inactive|Aabraao has 30 seconds left.
|inactive|Aabraao has 20 seconds left.
|inactive|Aabraao has 15 seconds left.
|inactive|Aabraao has 10 seconds left.
|inactive|Aabraao has 5 seconds left.
|
|t:|1750867753
|switch|p1b: Miraidon|Miraidon, L50, tera:Electric|42/100
|switch|p2a: Incineroar|Incineroar, L50, M|100/100
|-activate|p1b: Miraidon|ability: Hadron Engine
|-ability|p2a: Incineroar|Intimidate|boost
|-fail|p1a: Chicken Jockey|unboost|[from] item: Clear Amulet|[of] p1a: Chicken Jockey
|-unboost|p1b: Miraidon|atk|1
|turn|4
|inactive|Aabraao has 30 seconds left.
|inactive|Aabraao has 20 seconds left.
|inactive|Aabraao has 15 seconds left.
|inactive|Aabraao has 10 seconds left.
|inactive|Aabraao has 5 seconds left.
|
|t:|1750867809
|switch|p1a: Melman|Farigiraf, L50, M|100/100
|-enditem|p1a: Melman|Electric Seed
|-boost|p1a: Melman|def|1|[from] item: Electric Seed
|move|p2a: Incineroar|Fake Out||[still]
|cant|p1a: Melman|ability: Armor Tail|Fake Out|[of] p2a: Incineroar
|move|p1b: Miraidon|Electro Drift|p2b: Calyrex
|-damage|p2b: Calyrex|0 fnt
|faint|p2b: Calyrex
|
|upkeep
|inactive|Aabraao has 30 seconds left.
|inactive|Aabraao has 20 seconds left.
|inactive|Aabraao has 15 seconds left.
|inactive|Aabraao has 10 seconds left.
|inactive|Aabraao has 5 seconds left.
|
|t:|1750867864
|switch|p2b: Kingambit|Kingambit, L50, F|100/100
|turn|5
|inactive|Aabraao has 30 seconds left.
|inactive|Aabraao has 20 seconds left.
|inactive|Aabraao has 15 seconds left.
|inactive|Aabraao has 10 seconds left.
|inactive|Aabraao has 5 seconds left.
|
|t:|1750867919
|move|p1a: Melman|Helping Hand|p1b: Miraidon
|-singleturn|p1b: Miraidon|Helping Hand|[of] p1a: Melman
|move|p2a: Incineroar|Fake Out||[still]
|cant|p1a: Melman|ability: Armor Tail|Fake Out|[of] p2a: Incineroar
|move|p1b: Miraidon|Electro Drift|p2b: Kingambit
|-damage|p2b: Kingambit|0 fnt
|faint|p2b: Kingambit
|
|-fieldend|move: Electric Terrain
|upkeep
|turn|6
|inactive|Aabraao has 30 seconds left.
|inactive|Aabraao has 20 seconds left.
|inactive|Aabraao has 15 seconds left.
|inactive|Aabraao has 10 seconds left.
|inactive|Aabraao has 5 seconds left.
|-message|Aabraao lost due to inactivity.
|
|win|caZISA
|raw|caZISA's rating: 1649 &rarr; <strong>1670</strong><br />(+21 for winning)
|raw|Aabraao's rating: 1667 &rarr; <strong>1646</strong><br />(-21 for losing)
|l|☆caZISA
|player|p1|
