|j|☆faceless_knigght
|j|☆anaverageguitarist
|t:|1750739047
|gametype|doubles
|player|p1|faceless_knigght|101|1337
|player|p2|anaverageguitarist|benga|1248
|teamsize|p1|6
|teamsize|p2|6
|gen|9
|tier|[Gen 9] VGC 2025 Reg I
|rated|
|rule|Species Clause: Limit one of each Pokémon
|rule|Item Clause: Limit 1 of each item
|clearpoke
|poke|p1|Urshifu-*, L50, F|
|poke|p1|Zacian-*, L50|
|poke|p1|Ho-Oh, L50|
|poke|p1|Tyranitar, L50, M|
|poke|p1|Amoonguss, L50, F|
|poke|p1|Rillaboom, L50, M|
|poke|p2|Raging Bolt, L50|
|poke|p2|Koraidon, L50|
|poke|p2|Lunala, L50|
|poke|p2|Flutter Mane, L50|
|poke|p2|Incineroar, L50, F|
|poke|p2|Rillaboom, L50, F|
|teampreview|4
|inactive|Battle timer is ON: inactive players will automatically lose when time's up. (requested by faceless_knigght)
anaverageguitarist has agreed to open team sheets.
|inactive|faceless_knigght has 60 seconds left.
|inactive|anaverageguitarist has 60 seconds left.
|
|t:|1750739081
|start
|switch|p1a: Urshifu|Urshifu-Rapid-Strike, L50, F|100/100
|switch|p1b: Ho-Oh|Ho-Oh, L50|100/100
|switch|p2a: Fleetwood Mac|Raging Bolt, L50|100/100
|switch|p2b: Lunala|Lunala, L50|100/100
|turn|1
|
|t:|1750739105
|switch|p1a: Amoonguss|Amoonguss, L50, F|100/100
|switch|p2b: Koraidon|Koraidon, L50|100/100
|-weather|SunnyDay|[from] ability: Orichalcum Pulse|[of] p2b: Koraidon
|-activate|p2a: Fleetwood Mac|ability: Protosynthesis
|-start|p2a: Fleetwood Mac|protosynthesisspa
|-activate|p2b: Koraidon|Orichalcum Pulse|[source]
|-terastallize|p2a: Fleetwood Mac|Electric
|move|p1b: Ho-Oh|Protect|p1b: Ho-Oh
|-singleturn|p1b: Ho-Oh|Protect
|move|p2a: Fleetwood Mac|Thunderbolt|p1b: Ho-Oh
|-activate|p1b: Ho-Oh|move: Protect
|
|-weather|SunnyDay|[upkeep]
|upkeep
|turn|2
|inactive|faceless_knigght has 30 seconds left.
|
|t:|1750739133
|switch|p1a: Tyranitar|Tyranitar, L50, M|100/100
|-weather|Sandstorm|[from] ability: Sand Stream|[of] p1a: Tyranitar
|-end|p2a: Fleetwood Mac|Protosynthesis
|-terastallize|p1b: Ho-Oh|Grass
|move|p2b: Koraidon|Protect|p2b: Koraidon
|-singleturn|p2b: Koraidon|Protect
|move|p1b: Ho-Oh|Brave Bird|p2b: Koraidon
|-activate|p2b: Koraidon|move: Protect
|move|p2a: Fleetwood Mac|Draco Meteor|p1a: Tyranitar
|-damage|p1a: Tyranitar|57/100
|-unboost|p2a: Fleetwood Mac|spa|2
|
|-weather|Sandstorm|[upkeep]
|-damage|p2b: Koraidon|94/100|[from] Sandstorm
|-damage|p1b: Ho-Oh|95/100|[from] Sandstorm
|-damage|p2a: Fleetwood Mac|94/100|[from] Sandstorm
|upkeep
|turn|3
|inactive|anaverageguitarist has 30 seconds left.
|inactive|anaverageguitarist has 20 seconds left.
|inactive|anaverageguitarist has 15 seconds left.
|
|t:|1750739183
|switch|p1a: Amoonguss|Amoonguss, L50, F|100/100
|-end|p2a: Fleetwood Mac|Protosynthesis|[silent]
|switch|p2a: Rillaboom|Rillaboom, L50, F|100/100
|-fieldstart|move: Grassy Terrain|[from] ability: Grassy Surge|[of] p2a: Rillaboom
|move|p2b: Koraidon|Protect||[still]
|-fail|p2b: Koraidon
|move|p1b: Ho-Oh|Protect||[still]
|-fail|p1b: Ho-Oh
|
|-weather|Sandstorm|[upkeep]
|-damage|p2b: Koraidon|88/100|[from] Sandstorm
|-damage|p1b: Ho-Oh|89/100|[from] Sandstorm
|-damage|p2a: Rillaboom|95/100|[from] Sandstorm
|-damage|p1a: Amoonguss|95/100|[from] Sandstorm
|-heal|p2b: Koraidon|94/100|[from] Grassy Terrain
|-heal|p1b: Ho-Oh|95/100|[from] Grassy Terrain
|-heal|p2a: Rillaboom|100/100|[from] Grassy Terrain
|-heal|p1a: Amoonguss|100/100|[from] Grassy Terrain
|upkeep
|turn|4
|inactive|faceless_knigght has 30 seconds left.
|
|t:|1750739217
|switch|p1b: Tyranitar|Tyranitar, L50, M|57/100
|move|p2a: Rillaboom|Fake Out|p1b: Tyranitar
|-resisted|p1b: Tyranitar
|-damage|p1b: Tyranitar|52/100
|move|p2b: Koraidon|Flare Blitz|p1a: Amoonguss
|-supereffective|p1a: Amoonguss
|-damage|p1a: Amoonguss|16/100
|-damage|p2b: Koraidon|78/100|[from] item: Rocky Helmet|[of] p1a: Amoonguss
|-damage|p2b: Koraidon|44/100|[from] Recoil
|-damage|p2b: Koraidon|35/100|[from] item: Life Orb
|move|p1a: Amoonguss|Spore|p2b: Koraidon
|-status|p2b: Koraidon|slp|[from] move: Spore
|
|-weather|Sandstorm|[upkeep]
|-damage|p2b: Koraidon|29/100 slp|[from] Sandstorm
|-damage|p2a: Rillaboom|95/100|[from] Sandstorm
|-damage|p1a: Amoonguss|10/100|[from] Sandstorm
|-heal|p2b: Koraidon|35/100 slp|[from] Grassy Terrain
|-heal|p1b: Tyranitar|58/100|[from] Grassy Terrain
|-heal|p2a: Rillaboom|100/100|[from] Grassy Terrain
|-heal|p1a: Amoonguss|16/100|[from] Grassy Terrain
|upkeep
|turn|5
|inactive|faceless_knigght has 30 seconds left.
|inactive|faceless_knigght has 20 seconds left.
|inactive|faceless_knigght has 15 seconds left.
|
|t:|1750739257
|switch|p1a: Ho-Oh|Ho-Oh, L50, tera:Grass|100/100
|move|p2a: Rillaboom|Grassy Glide|p1b: Tyranitar
|-supereffective|p1b: Tyranitar
|-damage|p1b: Tyranitar|3/100
|cant|p2b: Koraidon|slp
|move|p1b: Tyranitar|Knock Off|p2a: Rillaboom
|-damage|p2a: Rillaboom|56/100
|-enditem|p2a: Rillaboom|Assault Vest|[from] move: Knock Off|[of] p1b: Tyranitar
|
|-weather|Sandstorm|[upkeep]
|-damage|p2b: Koraidon|29/100 slp|[from] Sandstorm
|-damage|p1a: Ho-Oh|95/100|[from] Sandstorm
|-damage|p2a: Rillaboom|50/100|[from] Sandstorm
|-heal|p2b: Koraidon|35/100 slp|[from] Grassy Terrain
|-heal|p1a: Ho-Oh|100/100|[from] Grassy Terrain
|-heal|p1b: Tyranitar|9/100|[from] Grassy Terrain
|-heal|p2a: Rillaboom|56/100|[from] Grassy Terrain
|upkeep
|turn|6
|
|t:|1750739278
|switch|p1b: Amoonguss|Amoonguss, L50, F|49/100
|-curestatus|p2b: Koraidon|slp|[msg]
|move|p2b: Koraidon|Flare Blitz|p1a: Ho-Oh
|-supereffective|p1a: Ho-Oh
|-damage|p1a: Ho-Oh|8/100
|-damage|p2b: Koraidon|1/100|[from] Recoil
|-damage|p2b: Koraidon|0 fnt|[from] item: Life Orb
|faint|p2b: Koraidon
|move|p1a: Ho-Oh|Brave Bird|p2a: Rillaboom
|-supereffective|p2a: Rillaboom
|-damage|p2a: Rillaboom|0 fnt
|faint|p2a: Rillaboom
|-damage|p1a: Ho-Oh|0 fnt|[from] Recoil
|faint|p1a: Ho-Oh
|
|-weather|none
|-heal|p1b: Amoonguss|55/100|[from] Grassy Terrain
|upkeep
|
|t:|1750739302
|switch|p2b: Fleetwood Mac|Raging Bolt, L50, tera:Electric|94/100
|switch|p1a: Tyranitar|Tyranitar, L50, M|9/100
|switch|p2a: Lunala|Lunala, L50|100/100
|-weather|Sandstorm|[from] ability: Sand Stream|[of] p1a: Tyranitar
|turn|7
|
|t:|1750739326
|move|p1b: Amoonguss|Rage Powder|p1b: Amoonguss
|-singleturn|p1b: Amoonguss|move: Rage Powder
|move|p2b: Fleetwood Mac|Thunderclap||[still]
|-fail|p2b: Fleetwood Mac
|move|p2a: Lunala|Calm Mind|p2a: Lunala
|-boost|p2a: Lunala|spa|1
|-boost|p2a: Lunala|spd|1
|move|p1a: Tyranitar|Knock Off|p2a: Lunala
|-supereffective|p2a: Lunala
|-damage|p2a: Lunala|1/100
|-enditem|p2a: Lunala|Leftovers|[from] move: Knock Off|[of] p1a: Tyranitar
|
|-weather|Sandstorm|[upkeep]
|-damage|p2a: Lunala|0 fnt|[from] Sandstorm
|-damage|p2b: Fleetwood Mac|88/100|[from] Sandstorm
|-damage|p1b: Amoonguss|49/100|[from] Sandstorm
|faint|p2a: Lunala
|-heal|p1a: Tyranitar|15/100|[from] Grassy Terrain
|-heal|p2b: Fleetwood Mac|94/100|[from] Grassy Terrain
|-heal|p1b: Amoonguss|55/100|[from] Grassy Terrain
|-fieldend|move: Grassy Terrain
|upkeep
|turn|8
|-message|anaverageguitarist forfeited.
|
|win|faceless_knigght
|raw|faceless_knigght's rating: 1337 &rarr; <strong>1352</strong><br />(+15 for winning)
|raw|anaverageguitarist's rating: 1248 &rarr; <strong>1229</strong><br />(-19 for losing)
|l|☆anaverageguitarist
|player|p2|
|l|☆faceless_knigght
|player|p1|
