|j|☆neebieplayersea
|j|☆xiaoliyunVGC
|t:|1750725698
|gametype|doubles
|player|p1|neebieplayersea|265|1731
|player|p2|xiaoliyunVGC|lillie-masters2|1611
|teamsize|p1|6
|teamsize|p2|6
|gen|9
|tier|[Gen 9] VGC 2025 Reg I
|rated|
|rule|Species Clause: Limit one of each Pokémon
|rule|Item Clause: Limit 1 of each item
|clearpoke
|poke|p1|Miraidon, L50|
|poke|p1|Calyrex-Ice, L50|
|poke|p1|Urshifu-*, L50, F|
|poke|p1|Incineroar, L50, F|
|poke|p1|Ditto, L50|
|poke|p1|Tornadus, L50, M|
|poke|p2|Zamazenta-*, L50|
|poke|p2|Kyogre, L50|
|poke|p2|Amoonguss, L50, M|
|poke|p2|Rillaboom, L50, F|
|poke|p2|Chien-Pao, L50|
|poke|p2|Iron Jugulis, L50|
|teampreview|4
|inactive|Battle timer is ON: inactive players will automatically lose when time's up. (requested by xiaoliyunVGC)
|inactive|neebieplayersea has 60 seconds left.
|inactive|xiaoliyunVGC has 60 seconds left.
|
|t:|1750725730
|start
|switch|p1a: Incineroar|Incineroar, L50, F|100/100
|switch|p1b: Urshifu|Urshifu-Rapid-Strike, L50, F|100/100
|switch|p2a: Zamazenta|Zamazenta-Crowned, L50, shiny|100/100
|switch|p2b: Rillaboom|Rillaboom, L50, F, shiny|100/100
|-ability|p2a: Zamazenta|Dauntless Shield|boost
|-boost|p2a: Zamazenta|def|1
|-fieldstart|move: Grassy Terrain|[from] ability: Grassy Surge|[of] p2b: Rillaboom
|-ability|p1a: Incineroar|Intimidate|boost
|-unboost|p2a: Zamazenta|atk|1
|-unboost|p2b: Rillaboom|atk|1
|turn|1
|inactive|neebieplayersea has 30 seconds left.
|
|t:|1750725758
|-terastallize|p1a: Incineroar|Grass
|move|p1b: Urshifu|Detect|p1b: Urshifu
|-singleturn|p1b: Urshifu|Protect
|move|p2b: Rillaboom|Fake Out|p1a: Incineroar
|-damage|p1a: Incineroar|95/100
|move|p2a: Zamazenta|Body Press|p1a: Incineroar
|-crit|p1a: Incineroar
|-damage|p1a: Incineroar|17/100
|move|p1a: Incineroar|Will-O-Wisp|p2a: Zamazenta
|-status|p2a: Zamazenta|brn
|
|-heal|p1a: Incineroar|23/100|[from] Grassy Terrain
|-damage|p2a: Zamazenta|95/100 brn|[from] brn
|upkeep
|turn|2
|j| PiuCoNMoCo
|l| PiuCoNMoCo
|inactive|neebieplayersea has 30 seconds left.
|
|t:|1750725791
|switch|p1a: Miraidon|Miraidon, L50|100/100
|-fieldstart|move: Electric Terrain|[from] ability: Hadron Engine|[of] p1a: Miraidon
|move|p2a: Zamazenta|Body Press|p1b: Urshifu
|-damage|p1b: Urshifu|69/100
|move|p1b: Urshifu|Surging Strikes|p2a: Zamazenta
|-crit|p2a: Zamazenta
|-damage|p2a: Zamazenta|80/100 brn
|-crit|p2a: Zamazenta
|-damage|p2a: Zamazenta|65/100 brn
|-crit|p2a: Zamazenta
|-damage|p2a: Zamazenta|50/100 brn
|-hitcount|p2a: Zamazenta|3
|move|p2b: Rillaboom|U-turn|p1a: Miraidon
|-damage|p1a: Miraidon|83/100
|
|t:|1750725808
|switch|p2b: Chien-Pao|Chien-Pao, L50|100/100|[from] U-turn
|-ability|p2b: Chien-Pao|Sword of Ruin
|
|-damage|p2a: Zamazenta|44/100 brn|[from] brn
|upkeep
|turn|3
|
|t:|1750725827
|switch|p2b: Amoonguss|Amoonguss, L50, M, shiny|100/100
|switch|p1a: Calyrex|Calyrex-Ice, L50|100/100
|-ability|p1a: Calyrex|As One
|-ability|p1a: Calyrex|Unnerve
|move|p2a: Zamazenta|Body Press|p1b: Urshifu
|-damage|p1b: Urshifu|37/100
|move|p1b: Urshifu|Surging Strikes|p2b: Amoonguss
|-resisted|p2b: Amoonguss
|-crit|p2b: Amoonguss
|-damage|p2b: Amoonguss|88/100
|-damage|p1b: Urshifu|20/100|[from] item: Rocky Helmet|[of] p2b: Amoonguss
|-resisted|p2b: Amoonguss
|-crit|p2b: Amoonguss
|-damage|p2b: Amoonguss|76/100
|-damage|p1b: Urshifu|4/100|[from] item: Rocky Helmet|[of] p2b: Amoonguss
|-resisted|p2b: Amoonguss
|-crit|p2b: Amoonguss
|-damage|p2b: Amoonguss|64/100
|-damage|p1b: Urshifu|0 fnt|[from] item: Rocky Helmet|[of] p2b: Amoonguss
|faint|p1b: Urshifu
|-hitcount|p2b: Amoonguss|3
|
|-damage|p2a: Zamazenta|38/100 brn|[from] brn
|upkeep
|
|t:|1750725852
|switch|p1b: Miraidon|Miraidon, L50|83/100
|-activate|p1b: Miraidon|ability: Hadron Engine
|turn|4
|
|t:|1750725863
|switch|p2b: Rillaboom|Rillaboom, L50, F, shiny|100/100
|-fieldstart|move: Grassy Terrain|[from] ability: Grassy Surge|[of] p2b: Rillaboom
|move|p2a: Zamazenta|Wide Guard|p2a: Zamazenta
|-singleturn|p2a: Zamazenta|Wide Guard
|move|p1b: Miraidon|Volt Switch|p2a: Zamazenta
|-damage|p2a: Zamazenta|0 fnt
|faint|p2a: Zamazenta
|
|t:|1750725875
|switch|p1b: Incineroar|Incineroar, L50, F, tera:Grass|23/100|[from] Volt Switch
|-ability|p1b: Incineroar|Intimidate|boost
|-unboost|p2b: Rillaboom|atk|1
|move|p1a: Calyrex|Glacial Lance|p2b: Rillaboom
|-activate|p2b: Rillaboom|move: Wide Guard
|
|-heal|p1b: Incineroar|29/100|[from] Grassy Terrain
|upkeep
|
|t:|1750725880
|switch|p2a: Chien-Pao|Chien-Pao, L50|100/100
|-ability|p2a: Chien-Pao|Sword of Ruin
|turn|5
|
|t:|1750725890
|-terastallize|p2a: Chien-Pao|Stellar
|move|p2b: Rillaboom|Fake Out|p1b: Incineroar
|-damage|p1b: Incineroar|21/100
|move|p1b: Incineroar|Fake Out|p2a: Chien-Pao
|-damage|p2a: Chien-Pao|87/100
|cant|p2a: Chien-Pao|flinch
|move|p1a: Calyrex|Trick Room|p1a: Calyrex
|-fieldstart|move: Trick Room|[of] p1a: Calyrex
|
|-heal|p1b: Incineroar|27/100|[from] Grassy Terrain
|-heal|p2a: Chien-Pao|93/100|[from] Grassy Terrain
|upkeep
|turn|6
|
|t:|1750725910
|switch|p1b: Miraidon|Miraidon, L50|83/100
|-fieldstart|move: Electric Terrain|[from] ability: Hadron Engine|[of] p1b: Miraidon
|move|p1a: Calyrex|Protect|p1a: Calyrex
|-singleturn|p1a: Calyrex|Protect
|move|p2a: Chien-Pao|Sucker Punch||[still]
|-fail|p2a: Chien-Pao
|move|p2b: Rillaboom|Grassy Glide|p1a: Calyrex
|-activate|p1a: Calyrex|move: Protect
|
|upkeep
|turn|7
|
|t:|1750725927
|switch|p1b: Incineroar|Incineroar, L50, F, tera:Grass|27/100
|-ability|p1b: Incineroar|Intimidate|boost
|-unboost|p2a: Chien-Pao|atk|1
|-unboost|p2b: Rillaboom|atk|1
|move|p2a: Chien-Pao|Sucker Punch|p1a: Calyrex
|-supereffective|p1a: Calyrex
|-crit|p1a: Calyrex
|-damage|p1a: Calyrex|0 fnt
|faint|p1a: Calyrex
|move|p2b: Rillaboom|U-turn|p1b: Incineroar
|-supereffective|p1b: Incineroar
|-damage|p1b: Incineroar|2/100
|
|t:|1750725936
|switch|p2b: Amoonguss|Amoonguss, L50, M, shiny|97/100|[from] U-turn
|
|upkeep
|-message|neebieplayersea forfeited.
|
|win|xiaoliyunVGC
|raw|neebieplayersea's rating: 1731 &rarr; <strong>1704</strong><br />(-27 for losing)
|raw|xiaoliyunVGC's rating: 1611 &rarr; <strong>1638</strong><br />(+27 for winning)
|l|☆xiaoliyunVGC
|player|p2|
