|j|☆Crocalors
|j|☆Oathplate
|t:|1750739322
|gametype|doubles
|player|p1|Crocalors|youngster-gen4|1305
|player|p2|Oathplate|265|1244
|teamsize|p1|6
|teamsize|p2|6
|gen|9
|tier|[Gen 9] VGC 2025 Reg I
|rated|
|rule|Species Clause: Limit one of each Pokémon
|rule|Item Clause: Limit 1 of each item
|clearpoke
|poke|p1|Koraidon, L50|
|poke|p1|Raging Bolt, L50|
|poke|p1|Chien-Pao, L50|
|poke|p1|Zamazenta-*, L50|
|poke|p1|Incineroar, L50, M|
|poke|p1|Scream Tail, L50|
|poke|p2|Calyrex-Ice, L50|
|poke|p2|Lunala, L50|
|poke|p2|Torkoal, L50, F|
|poke|p2|Grimmsnarl, L50, M|
|poke|p2|Rillaboom, L50, M|
|poke|p2|Toxapex, L50, M|
|teampreview|4
|inactive|Battle timer is ON: inactive players will automatically lose when time's up. (requested by Oathplate)
Crocalors has agreed to open team sheets.
|inactive|Oathplate has 60 seconds left.
|
|t:|1750739369
|start
|switch|p1a: Koraidon|Koraidon, L50|100/100
|switch|p1b: Incineroar|Incineroar, L50, M|100/100
|switch|p2a: Toxapex|Toxapex, L50, M|100/100
|switch|p2b: Lunala|Lunala, L50|100/100
|-weather|SunnyDay|[from] ability: Orichalcum Pulse|[of] p1a: Koraidon
|-activate|p1a: Koraidon|Orichalcum Pulse|[source]
|-ability|p1b: Incineroar|Intimidate|boost
|-unboost|p2a: Toxapex|atk|1
|-unboost|p2b: Lunala|atk|1
|turn|1
|
|t:|1750739391
|-terastallize|p2b: Lunala|Fairy
|move|p1a: Koraidon|Flare Blitz|p2b: Lunala
|-damage|p2b: Lunala|58/100
|-damage|p1a: Koraidon|82/100|[from] Recoil
|-damage|p1a: Koraidon|73/100|[from] item: Life Orb
|move|p1b: Incineroar|Flare Blitz|p2b: Lunala
|-damage|p2b: Lunala|0 fnt
|faint|p2b: Lunala
|-damage|p1b: Incineroar|79/100|[from] Recoil
|move|p2a: Toxapex|Gunk Shot|p1a: Koraidon
|-crit|p1a: Koraidon
|-damage|p1a: Koraidon|33/100
|
|-weather|SunnyDay|[upkeep]
|upkeep
|
|t:|1750739408
|switch|p2b: Grimmsnarl|Grimmsnarl, L50, M|100/100
|turn|2
|
|t:|1750739415
|move|p2b: Grimmsnarl|Reflect|p2b: Grimmsnarl
|-sidestart|p2: Oathplate|Reflect
|move|p1a: Koraidon|Close Combat|p2b: Grimmsnarl
|-crit|p2b: Grimmsnarl
|-damage|p2b: Grimmsnarl|0 fnt
|-unboost|p1a: Koraidon|def|1
|-unboost|p1a: Koraidon|spd|1
|faint|p2b: Grimmsnarl
|-damage|p1a: Koraidon|23/100|[from] item: Life Orb
|move|p1b: Incineroar|Flare Blitz|p2a: Toxapex
|-resisted|p2a: Toxapex
|-damage|p2a: Toxapex|82/100
|-damage|p1b: Incineroar|63/100|[from] item: Rocky Helmet|[of] p2a: Toxapex
|-damage|p1b: Incineroar|58/100|[from] Recoil
|move|p2a: Toxapex|Toxic Spikes|p1a: Koraidon
|-sidestart|p1: Crocalors|move: Toxic Spikes
|
|-weather|SunnyDay|[upkeep]
|upkeep
|
|t:|1750739434
|switch|p2b: Torkoal|Torkoal, L50, F|100/100
|turn|3
|
|t:|1750739440
|move|p2b: Torkoal|Protect|p2b: Torkoal
|-singleturn|p2b: Torkoal|Protect
|move|p1a: Koraidon|Close Combat|p2b: Torkoal
|-activate|p2b: Torkoal|move: Protect
|move|p1b: Incineroar|Knock Off|p2b: Torkoal
|-activate|p2b: Torkoal|move: Protect
|move|p2a: Toxapex|Toxic Spikes|p1a: Koraidon
|-sidestart|p1: Crocalors|move: Toxic Spikes
|
|-weather|SunnyDay|[upkeep]
|upkeep
|turn|4
|
|t:|1750739454
|move|p2b: Torkoal|Protect|p2b: Torkoal
|-singleturn|p2b: Torkoal|Protect
|move|p1a: Koraidon|Close Combat|p2b: Torkoal
|-activate|p2b: Torkoal|move: Protect
|move|p1b: Incineroar|Knock Off|p2b: Torkoal
|-activate|p2b: Torkoal|move: Protect
|move|p2a: Toxapex|Gunk Shot|p1a: Koraidon
|-damage|p1a: Koraidon|0 fnt
|faint|p1a: Koraidon
|
|-weather|SunnyDay|[upkeep]
|upkeep
|
|t:|1750739460
|switch|p1a: Zamazenta|Zamazenta-Crowned, L50|100/100
|-ability|p1a: Zamazenta|Dauntless Shield|boost
|-boost|p1a: Zamazenta|def|1
|turn|5
|
|t:|1750739474
|-terastallize|p1a: Zamazenta|Dragon
|move|p1a: Zamazenta|Body Press|p2b: Torkoal
|-damage|p2b: Torkoal|64/100
|move|p1b: Incineroar|Knock Off|p2b: Torkoal
|-crit|p2b: Torkoal
|-damage|p2b: Torkoal|12/100
|-enditem|p2b: Torkoal|Charcoal|[from] move: Knock Off|[of] p1b: Incineroar
|move|p2a: Toxapex|Gunk Shot|p1b: Incineroar
|-damage|p1b: Incineroar|40/100
|-status|p1b: Incineroar|psn
|move|p2b: Torkoal|Weather Ball|p1a: Zamazenta
|-resisted|p1a: Zamazenta
|-damage|p1a: Zamazenta|78/100
|
|-weather|none
|-damage|p1b: Incineroar|27/100 psn|[from] psn
|upkeep
|turn|6
|inactive|Oathplate has 30 seconds left.
|
|t:|1750739502
|move|p2b: Torkoal|Protect|p2b: Torkoal
|-singleturn|p2b: Torkoal|Protect
|move|p1a: Zamazenta|Body Press|p2a: Toxapex
|-resisted|p2a: Toxapex
|-damage|p2a: Toxapex|68/100
|-damage|p1a: Zamazenta|61/100|[from] item: Rocky Helmet|[of] p2a: Toxapex
|move|p1b: Incineroar|Knock Off|p2a: Toxapex
|-damage|p2a: Toxapex|49/100
|-damage|p1b: Incineroar|11/100 psn|[from] item: Rocky Helmet|[of] p2a: Toxapex
|-enditem|p2a: Toxapex|Rocky Helmet|[from] move: Knock Off|[of] p1b: Incineroar
|move|p2a: Toxapex|Gunk Shot|p1a: Zamazenta
|-damage|p1a: Zamazenta|53/100
|
|-damage|p1b: Incineroar|0 fnt|[from] psn
|faint|p1b: Incineroar
|upkeep
|
|t:|1750739505
|switch|p1b: Raging Bolt|Raging Bolt, L50|100/100
|-status|p1b: Raging Bolt|tox
|turn|7
|
|t:|1750739525
|move|p1a: Zamazenta|Body Press|p2b: Torkoal
|-damage|p2b: Torkoal|0 fnt
|faint|p2b: Torkoal
|move|p1b: Raging Bolt|Electroweb|p2a: Toxapex
|-supereffective|p2a: Toxapex
|-damage|p2a: Toxapex|1/100
|-unboost|p2a: Toxapex|spe|1
|move|p2a: Toxapex|Recover|p2a: Toxapex
|-heal|p2a: Toxapex|51/100
|
|-damage|p1b: Raging Bolt|94/100 tox|[from] psn
|upkeep
|turn|8
|
|t:|1750739539
|move|p2a: Toxapex|Baneful Bunker|p2a: Toxapex
|-singleturn|p2a: Toxapex|move: Protect
|move|p1a: Zamazenta|Body Press|p2a: Toxapex
|-activate|p2a: Toxapex|move: Protect
|-status|p1a: Zamazenta|psn
|move|p1b: Raging Bolt|Thunderbolt|p2a: Toxapex
|-activate|p2a: Toxapex|move: Protect
|
|-damage|p1a: Zamazenta|41/100 psn|[from] psn
|-damage|p1b: Raging Bolt|82/100 tox|[from] psn
|upkeep
|turn|9
|
|t:|1750739555
|move|p2a: Toxapex|Baneful Bunker||[still]
|-fail|p2a: Toxapex
|move|p1a: Zamazenta|Body Press|p2a: Toxapex
|-resisted|p2a: Toxapex
|-damage|p2a: Toxapex|36/100
|move|p1b: Raging Bolt|Thunderbolt|p2a: Toxapex
|-supereffective|p2a: Toxapex
|-damage|p2a: Toxapex|0 fnt
|faint|p2a: Toxapex
|
|win|Crocalors
|raw|Crocalors's rating: 1305 &rarr; <strong>1322</strong><br />(+17 for winning)
|raw|Oathplate's rating: 1244 &rarr; <strong>1223</strong><br />(-21 for losing)
|l|☆Oathplate
|player|p2|
