|j|☆Yiyimox
|j|‽Ndjdhdhd
|t:|1750798451
|gametype|doubles
|player|p1|Yiyimox|hoopster|1304
|player|p2|Ndjdhdhd|170|1224
|teamsize|p1|6
|teamsize|p2|6
|gen|9
|tier|[Gen 9] VGC 2025 Reg I
|rated|
|rule|Species Clause: Limit one of each Pokémon
|rule|Item Clause: Limit 1 of each item
|clearpoke
|poke|p1|Kyogre, L50|
|poke|p1|Archaludon, L50, F|
|poke|p1|Incineroar, L50, F|
|poke|p1|Tornadus, L50, M|
|poke|p1|Calyrex-Shadow, L50|
|poke|p1|Flutter Mane, L50|
|poke|p2|Yanmega, L50, F|
|poke|p2|Iron Crown, L50|
|poke|p2|Indeedee-F, L50, F|
|poke|p2|Lilligant-Hisui, L50, F|
|poke|p2|Calyrex-Ice, L50|
|poke|p2|Groudon, L50|
|teampreview|4
|inactive|Battle timer is ON: inactive players will automatically lose when time's up. (requested by Ndjdhdhd)
|
|t:|1750798490
|start
|switch|p1a: Kyogre|Kyogre, L50|100/100
|switch|p1b: Flutter Mane|Flutter Mane, L50|100/100
|switch|p2a: Calyrex|Calyrex-Ice, L50|100/100
|switch|p2b: Indeedee|Indeedee-F, L50, F|100/100
|-ability|p2a: Calyrex|As One
|-ability|p2a: Calyrex|Unnerve
|-weather|RainDance|[from] ability: Drizzle|[of] p1a: Kyogre
|-fieldstart|move: Psychic Terrain|[from] ability: Psychic Surge|[of] p2b: Indeedee
|-enditem|p1b: Flutter Mane|Booster Energy
|-activate|p1b: Flutter Mane|ability: Protosynthesis|[fromitem]
|-start|p1b: Flutter Mane|protosynthesisspe
|turn|1
|
|t:|1750798509
|-terastallize|p1a: Kyogre|Water
|-terastallize|p2b: Indeedee|Water
|move|p2a: Calyrex|Protect|p2a: Calyrex
|-singleturn|p2a: Calyrex|Protect
|move|p1b: Flutter Mane|Shadow Ball|p2a: Calyrex
|-activate|p2a: Calyrex|move: Protect
|move|p1a: Kyogre|Water Spout|p2a: Calyrex|[spread] p2b
|-activate|p2a: Calyrex|move: Protect
|-resisted|p2b: Indeedee
|-damage|p2b: Indeedee|34/100
|move|p2b: Indeedee|Trick Room|p2b: Indeedee
|-fieldstart|move: Trick Room|[of] p2b: Indeedee
|
|-weather|RainDance|[upkeep]
|upkeep
|turn|2
|
|t:|1750798527
|-end|p1b: Flutter Mane|Protosynthesis|[silent]
|switch|p1b: Incineroar|Incineroar, L50, F|100/100
|-ability|p1b: Incineroar|Intimidate|boost
|-fail|p2a: Calyrex|unboost|[from] item: Clear Amulet|[of] p2a: Calyrex
|-unboost|p2b: Indeedee|atk|1
|move|p2a: Calyrex|Glacial Lance|p1b: Incineroar|[spread] p1a,p1b
|-resisted|p1a: Kyogre
|-resisted|p1b: Incineroar
|-damage|p1a: Kyogre|65/100
|-damage|p1b: Incineroar|71/100
|move|p2b: Indeedee|Psychic|p1b: Incineroar
|-immune|p1b: Incineroar
|move|p1a: Kyogre|Water Spout|p2b: Indeedee|[spread] p2a,p2b
|-resisted|p2b: Indeedee
|-damage|p2a: Calyrex|43/100
|-damage|p2b: Indeedee|0 fnt
|faint|p2b: Indeedee
|
|-weather|RainDance|[upkeep]
|upkeep
|
|t:|1750798535
|switch|p2b: Groudon|Groudon, L50, shiny|100/100
|-weather|SunnyDay|[from] ability: Drought|[of] p2b: Groudon
|turn|3
|
|t:|1750798549
|switch|p1a: Flutter Mane|Flutter Mane, L50|100/100
|-activate|p1a: Flutter Mane|ability: Protosynthesis
|-start|p1a: Flutter Mane|protosynthesisspe
|move|p2a: Calyrex|Glacial Lance|p1a: Flutter Mane|[spread] p1a,p1b
|-crit|p1a: Flutter Mane
|-resisted|p1b: Incineroar
|-damage|p1a: Flutter Mane|0 fnt
|-damage|p1b: Incineroar|43/100
|faint|p1a: Flutter Mane
|-end|p1a: Flutter Mane|Protosynthesis|[silent]
|-ability|p2a: Calyrex|Chilling Neigh|boost
|-boost|p2a: Calyrex|atk|1
|move|p1b: Incineroar|Knock Off|p2a: Calyrex
|-supereffective|p2a: Calyrex
|-damage|p2a: Calyrex|0 fnt
|-enditem|p2a: Calyrex|Clear Amulet|[from] move: Knock Off|[of] p1b: Incineroar
|faint|p2a: Calyrex
|move|p2b: Groudon|Precipice Blades|p1b: Incineroar
|-supereffective|p1b: Incineroar
|-damage|p1b: Incineroar|0 fnt
|faint|p1b: Incineroar
|-damage|p2b: Groudon|91/100|[from] item: Life Orb
|
|-weather|SunnyDay|[upkeep]
|upkeep
|
|t:|1750798568
|switch|p2a: Iron Crown|Iron Crown, L50|100/100
|switch|p1b: Kyogre|Kyogre, L50, tera:Water|65/100
|switch|p1a: Calyrex|Calyrex-Shadow, L50|100/100
|-ability|p1a: Calyrex|As One
|-ability|p1a: Calyrex|Unnerve
|-weather|RainDance|[from] ability: Drizzle|[of] p1b: Kyogre
|-enditem|p2a: Iron Crown|Booster Energy
|-activate|p2a: Iron Crown|ability: Quark Drive|[fromitem]
|-start|p2a: Iron Crown|quarkdrivespe
|turn|4
|
|t:|1750798587
|move|p2b: Groudon|Precipice Blades|p1a: Calyrex|[spread] p1b
|-miss|p2b: Groudon|p1a: Calyrex
|-damage|p1b: Kyogre|0 fnt
|faint|p1b: Kyogre
|-damage|p2b: Groudon|81/100|[from] item: Life Orb
|move|p1a: Calyrex|Astral Barrage|p2a: Iron Crown|[spread] p2a,p2b
|-supereffective|p2a: Iron Crown
|-crit|p2a: Iron Crown
|-damage|p2a: Iron Crown|0 fnt
|-damage|p2b: Groudon|13/100
|faint|p2a: Iron Crown
|-end|p2a: Iron Crown|Quark Drive|[silent]
|-ability|p1a: Calyrex|Grim Neigh|boost
|-boost|p1a: Calyrex|spa|1
|-damage|p1a: Calyrex|91/100|[from] item: Life Orb
|
|-weather|RainDance|[upkeep]
|upkeep
|turn|5
|
|t:|1750798604
|move|p2b: Groudon|Precipice Blades|p1a: Calyrex
|-crit|p1a: Calyrex
|-damage|p1a: Calyrex|0 fnt
|faint|p1a: Calyrex
|-damage|p2b: Groudon|3/100|[from] item: Life Orb
|
|win|Ndjdhdhd
|raw|Yiyimox's rating: 1304 &rarr; <strong>1279</strong><br />(-25 for losing)
|raw|Ndjdhdhd's rating: 1224 &rarr; <strong>1255</strong><br />(+31 for winning)
|l|‽Ndjdhdhd
|player|p2|
|l|☆Yiyimox
|player|p1|
