|j|☆Fuuravgc
|j|☆Gibsteroni
|t:|1750745442
|gametype|doubles
|player|p1|Fuuravgc|169|1452
|player|p2|Gibsteroni|101|1408
|teamsize|p1|6
|teamsize|p2|6
|gen|9
|tier|[Gen 9] VGC 2025 Reg I
|rated|
|rule|Species Clause: Limit one of each Pokémon
|rule|Item Clause: Limit 1 of each item
|clearpoke
|poke|p1|Miraidon, L50|
|poke|p1|Calyrex-Ice, L50|
|poke|p1|Iron Valiant, L50|
|poke|p1|Urshifu-*, L50, F|
|poke|p1|Ogerpon-Hearthflame, L50, F|
|poke|p1|Farigiraf, L50, F|
|poke|p2|Dialga-Origin, L50|
|poke|p2|Miraidon, L50|
|poke|p2|Incineroar, L50, F|
|poke|p2|Ursaluna, L50, M|
|poke|p2|Pelipper, L50, F|
|poke|p2|Sinistcha, L50|
|teampreview|4
|
|t:|1750745489
|start
|switch|p1a: Miraidon|Miraidon, L50|100/100
|switch|p1b: Iron Valiant|Iron Valiant, L50|100/100
|switch|p2a: Dialga|Dialga-Origin, L50|100/100
|switch|p2b: Incineroar|Incineroar, L50, F|100/100
|-fieldstart|move: Electric Terrain|[from] ability: Hadron Engine|[of] p1a: Miraidon
|-activate|p1b: Iron Valiant|ability: Quark Drive
|-start|p1b: Iron Valiant|quarkdrivespe
|-ability|p2b: Incineroar|Intimidate|boost
|-unboost|p1a: Miraidon|atk|1
|-unboost|p1b: Iron Valiant|atk|1
|turn|1
|
|t:|1750745521
|-end|p1b: Iron Valiant|Quark Drive|[silent]
|switch|p1b: Farigiraf|Farigiraf, L50, F|100/100
|-enditem|p1b: Farigiraf|Electric Seed
|-boost|p1b: Farigiraf|def|1|[from] item: Electric Seed
|-terastallize|p1a: Miraidon|Fairy
|move|p2b: Incineroar|Fake Out||[still]
|cant|p1b: Farigiraf|ability: Armor Tail|Fake Out|[of] p2b: Incineroar
|move|p1a: Miraidon|Dazzling Gleam|p2a: Dialga|[spread] p2a,p2b
|-crit|p2a: Dialga
|-damage|p2a: Dialga|37/100
|-damage|p2b: Incineroar|50/100
|move|p2a: Dialga|Dragon Pulse|p1a: Miraidon
|-immune|p1a: Miraidon
|
|upkeep
|turn|2
|
|t:|1750745552
|move|p1b: Farigiraf|Helping Hand|p1a: Miraidon
|-singleturn|p1a: Miraidon|Helping Hand|[of] p1b: Farigiraf
|move|p2a: Dialga|Protect|p2a: Dialga
|-singleturn|p2a: Dialga|Protect
|move|p1a: Miraidon|Dazzling Gleam|p2a: Dialga|[spread] p2b
|-activate|p2a: Dialga|move: Protect
|-damage|p2b: Incineroar|0 fnt
|faint|p2b: Incineroar
|
|upkeep
|
|t:|1750745563
|switch|p2b: Miraidon|Miraidon, L50|100/100
|-activate|p2b: Miraidon|ability: Hadron Engine
|turn|3
|
|t:|1750745581
|-terastallize|p2b: Miraidon|Fairy
|move|p1b: Farigiraf|Helping Hand|p1a: Miraidon
|-singleturn|p1a: Miraidon|Helping Hand|[of] p1b: Farigiraf
|move|p1a: Miraidon|Dazzling Gleam|p2b: Miraidon|[spread] p2a,p2b
|-damage|p2a: Dialga|0 fnt
|-damage|p2b: Miraidon|29/100
|-enditem|p2b: Miraidon|Sitrus Berry|[eat]
|-heal|p2b: Miraidon|54/100|[from] item: Sitrus Berry
|faint|p2a: Dialga
|move|p2b: Miraidon|Calm Mind|p2b: Miraidon
|-boost|p2b: Miraidon|spa|1
|-boost|p2b: Miraidon|spd|1
|
|upkeep
|
|t:|1750745593
|switch|p2a: Ursaluna|Ursaluna, L50, M|100/100
|turn|4
|
|t:|1750745601
|move|p1b: Farigiraf|Helping Hand|p1a: Miraidon
|-singleturn|p1a: Miraidon|Helping Hand|[of] p1b: Farigiraf
|move|p2a: Ursaluna|Protect|p2a: Ursaluna
|-singleturn|p2a: Ursaluna|Protect
|move|p1a: Miraidon|Dazzling Gleam|p2a: Ursaluna|[spread] p2b
|-activate|p2a: Ursaluna|move: Protect
|-damage|p2b: Miraidon|6/100
|move|p2b: Miraidon|Parabolic Charge|p1b: Farigiraf|[spread] p1a,p1b
|-activate|p2a: Ursaluna|move: Protect
|-crit|p1b: Farigiraf
|-damage|p1a: Miraidon|47/100
|-heal|p2b: Miraidon|32/100|[from] drain|[of] p1a: Miraidon
|-damage|p1b: Farigiraf|14/100
|-heal|p2b: Miraidon|79/100|[from] drain|[of] p1b: Farigiraf
|
|-status|p2a: Ursaluna|brn|[from] item: Flame Orb
|upkeep
|turn|5
|
|t:|1750745629
|move|p1b: Farigiraf|Helping Hand|p1a: Miraidon
|-singleturn|p1a: Miraidon|Helping Hand|[of] p1b: Farigiraf
|move|p1a: Miraidon|Dazzling Gleam|p2b: Miraidon|[spread] p2a,p2b
|-damage|p2a: Ursaluna|13/100 brn
|-damage|p2b: Miraidon|27/100
|move|p2b: Miraidon|Parabolic Charge|p1b: Farigiraf|[spread] p1a,p1b
|-immune|p2a: Ursaluna
|-damage|p1a: Miraidon|0 fnt
|-heal|p2b: Miraidon|50/100|[from] drain|[of] p1a: Miraidon
|-damage|p1b: Farigiraf|0 fnt
|-heal|p2b: Miraidon|58/100|[from] drain|[of] p1b: Farigiraf
|faint|p1a: Miraidon
|faint|p1b: Farigiraf
|move|p2a: Ursaluna|Facade|p1: Miraidon|[notarget]
|-fail|p2a: Ursaluna
|
|-damage|p2a: Ursaluna|7/100 brn|[from] brn
|-fieldend|move: Electric Terrain
|upkeep
|
|t:|1750745648
|switch|p1a: Calyrex|Calyrex-Ice, L50|100/100
|switch|p1b: Iron Valiant|Iron Valiant, L50|100/100
|-ability|p1a: Calyrex|As One
|-ability|p1a: Calyrex|Unnerve
|turn|6
|
|t:|1750745663
|move|p2b: Miraidon|Protect|p2b: Miraidon
|-singleturn|p2b: Miraidon|Protect
|move|p1b: Iron Valiant|Wide Guard|p1b: Iron Valiant
|-singleturn|p1b: Iron Valiant|Wide Guard
|move|p1a: Calyrex|Glacial Lance|p2a: Ursaluna|[spread] p2a
|-activate|p2b: Miraidon|move: Protect
|-supereffective|p2a: Ursaluna
|-damage|p2a: Ursaluna|0 fnt
|faint|p2a: Ursaluna
|-ability|p1a: Calyrex|Chilling Neigh|boost
|-boost|p1a: Calyrex|atk|1
|
|upkeep
|turn|7
|c|☆Gibsteroni|GG thought I might be able to facade the valiant then try my luck with parabolic charge. Good outspeed by Calyrex and well played :)
|inactive|Battle timer is ON: inactive players will automatically lose when time's up. (requested by Fuuravgc)
|
|t:|1750745711
|move|p1b: Iron Valiant|Spirit Break|p2b: Miraidon
|-damage|p2b: Miraidon|27/100
|-unboost|p2b: Miraidon|spa|1
|move|p2b: Miraidon|Tera Blast|p1b: Iron Valiant|[anim] Tera Blast Fairy
|-supereffective|p1b: Iron Valiant
|-enditem|p1b: Iron Valiant|Focus Sash
|-damage|p1b: Iron Valiant|1/100
|move|p1a: Calyrex|Glacial Lance|p2b: Miraidon
|-damage|p2b: Miraidon|0 fnt
|faint|p2b: Miraidon
|
|win|Fuuravgc
|raw|Fuuravgc's rating: 1452 &rarr; <strong>1469</strong><br />(+17 for winning)
|raw|Gibsteroni's rating: 1408 &rarr; <strong>1391</strong><br />(-17 for losing)
|l|☆Fuuravgc
|player|p1|
|l|☆Gibsteroni
|player|p2|
