|j|☆kealk
|j|☆25th_mang
|t:|1750751128
|gametype|doubles
|player|p1|kealk|101|1254
|player|p2|25th_mang|ballguy|1328
|teamsize|p1|6
|teamsize|p2|6
|gen|9
|tier|[Gen 9] VGC 2025 Reg I
|rated|
|rule|Species Clause: Limit one of each Pokémon
|rule|Item Clause: Limit 1 of each item
|clearpoke
|poke|p1|Great Tusk, L50|
|poke|p1|Koraidon, L50|
|poke|p1|Zamazenta-*, L50|
|poke|p1|Slither Wing, L50|
|poke|p1|Urshifu-*, L50, M|
|poke|p1|Iron Valiant, L50|
|poke|p2|Tornadus, L50, M|
|poke|p2|Kyogre, L50|
|poke|p2|Urshifu-*, L50, F|
|poke|p2|Zacian-*, L50|
|poke|p2|Landorus, L50, M|
|poke|p2|Tsareena, L50, F|
|teampreview|4
|inactive|Battle timer is ON: inactive players will automatically lose when time's up. (requested by 25th_mang)
|inactive|kealk has 60 seconds left.
|
|t:|1750751165
|start
|switch|p1a: Koraidon|Koraidon, L50|100/100
|switch|p1b: Iron Valiant|Iron Valiant, L50|100/100
|switch|p2a: WET|Tornadus, L50, M|100/100
|switch|p2b: HER MAJESTY|Tsareena, L50, F, shiny|100/100
|-weather|SunnyDay|[from] ability: Orichalcum Pulse|[of] p1a: Koraidon
|-activate|p1a: Koraidon|Orichalcum Pulse|[source]
|-enditem|p1b: Iron Valiant|Booster Energy
|-activate|p1b: Iron Valiant|ability: Quark Drive|[fromitem]
|-start|p1b: Iron Valiant|quarkdrivespe
|turn|1
|inactive|kealk has 30 seconds left.
|
|t:|1750751196
|switch|p2b: BORN TO WET|Kyogre, L50, shiny|100/100
|-weather|RainDance|[from] ability: Drizzle|[of] p2b: BORN TO WET
|move|p1a: Koraidon|U-turn|p2b: BORN TO WET
|-damage|p2b: BORN TO WET|75/100
|
|t:|1750751203
|switch|p1a: Slither Wing|Slither Wing, L50|100/100|[from] U-turn
|move|p2a: WET|Bleakwind Storm|p1a: Slither Wing|[spread] p1a,p1b
|-supereffective|p1a: Slither Wing
|-supereffective|p1b: Iron Valiant
|-damage|p1a: Slither Wing|0 fnt
|-damage|p1b: Iron Valiant|8/100
|-unboost|p1b: Iron Valiant|spe|1
|faint|p1a: Slither Wing
|-end|p1a: Slither Wing|Protosynthesis|[silent]
|move|p1b: Iron Valiant|Trick Room|p1b: Iron Valiant
|-fieldstart|move: Trick Room|[of] p1b: Iron Valiant
|
|-weather|RainDance|[upkeep]
|upkeep
|
|t:|1750751220
|switch|p1a: Zamazenta|Zamazenta-Crowned, L50|100/100
|-ability|p1a: Zamazenta|Dauntless Shield|boost
|-boost|p1a: Zamazenta|def|1
|turn|2
|
|t:|1750751242
|move|p1a: Zamazenta|Wide Guard|p1a: Zamazenta
|-singleturn|p1a: Zamazenta|Wide Guard
|move|p2a: WET|Taunt|p1a: Zamazenta
|-start|p1a: Zamazenta|move: Taunt
|move|p1b: Iron Valiant|Dazzling Gleam|p2b: BORN TO WET|[spread] p2a,p2b
|-damage|p2a: WET|68/100
|-damage|p2b: BORN TO WET|54/100
|move|p2b: BORN TO WET|Ice Beam|p1b: Iron Valiant
|-damage|p1b: Iron Valiant|0 fnt
|faint|p1b: Iron Valiant
|-end|p1b: Iron Valiant|Quark Drive|[silent]
|
|-weather|RainDance|[upkeep]
|upkeep
|
|t:|1750751256
|switch|p1b: Koraidon|Koraidon, L50|100/100
|-weather|SunnyDay|[from] ability: Orichalcum Pulse|[of] p1b: Koraidon
|-activate|p1b: Koraidon|Orichalcum Pulse|[source]
|turn|3
|
|t:|1750751272
|-terastallize|p1b: Koraidon|Fire
|move|p2a: WET|Rain Dance|p2a: WET
|-weather|RainDance
|move|p1a: Zamazenta|Body Press|p2b: BORN TO WET
|-damage|p2b: BORN TO WET|0 fnt
|faint|p2b: BORN TO WET
|move|p1b: Koraidon|Substitute|p1b: Koraidon
|-start|p1b: Koraidon|Substitute
|-damage|p1b: Koraidon|75/100
|
|-weather|RainDance|[upkeep]
|upkeep
|
|t:|1750751281
|switch|p2b: ALSO WET|Landorus, L50, M|100/100
|turn|4
|
|t:|1750751302
|move|p1a: Zamazenta|Snarl|p2a: WET|[spread] p2a,p2b
|-crit|p2b: ALSO WET
|-damage|p2a: WET|60/100
|-damage|p2b: ALSO WET|85/100
|-unboost|p2b: ALSO WET|spa|1
|move|p2b: ALSO WET|Sandsear Storm|p1b: Koraidon|[spread] p1a,p1b
|-supereffective|p1b: Koraidon
|-end|p1b: Koraidon|Substitute
|-supereffective|p1a: Zamazenta
|-damage|p1a: Zamazenta|42/100
|move|p2a: WET|Bleakwind Storm|p1a: Zamazenta|[spread] p1a,p1b
|-damage|p1a: Zamazenta|19/100
|-damage|p1b: Koraidon|41/100
|-unboost|p1a: Zamazenta|spe|1
|move|p1b: Koraidon|Flare Blitz|p2a: WET
|-damage|p2a: WET|26/100
|-damage|p1b: Koraidon|30/100|[from] Recoil
|
|-weather|RainDance|[upkeep]
|upkeep
|turn|5
|inactive|kealk has 30 seconds left.
|inactive|25th_mang has 30 seconds left.
|
|t:|1750751330
|move|p1a: Zamazenta|Body Press|p2b: ALSO WET
|-resisted|p2b: ALSO WET
|-damage|p2b: ALSO WET|44/100
|move|p2b: ALSO WET|Sandsear Storm|p1a: Zamazenta|[spread] p1a,p1b
|-supereffective|p1a: Zamazenta
|-supereffective|p1b: Koraidon
|-damage|p1a: Zamazenta|0 fnt
|-damage|p1b: Koraidon|0 fnt
|faint|p1a: Zamazenta
|faint|p1b: Koraidon
|
|win|25th_mang
|raw|kealk's rating: 1254 &rarr; <strong>1234</strong><br />(-20 for losing)
|raw|25th_mang's rating: 1328 &rarr; <strong>1344</strong><br />(+16 for winning)
|l|☆kealk
|player|p1|
