|j|☆yanszinツ
|j|☆HappyW
|t:|1750825341
|gametype|doubles
|player|p1|yanszinツ|guitarist|1297
|player|p2|HappyW|akari|1358
|teamsize|p1|6
|teamsize|p2|6
|gen|9
|tier|[Gen 9] VGC 2025 Reg I
|rated|
|rule|Species Clause: Limit one of each Pokémon
|rule|Item Clause: Limit 1 of each item
|clearpoke
|poke|p1|Calyrex-Shadow, L50|
|poke|p1|Terapagos, L50, M|
|poke|p1|Incineroar, L50, F|
|poke|p1|Ogerpon-Wellspring, L50, F|
|poke|p1|Urshifu-*, L50, M|
|poke|p1|Whimsicott, L50, F|
|poke|p2|Zacian-*, L50|
|poke|p2|Miraidon, L50|
|poke|p2|Chien-Pao, L50|
|poke|p2|Ogerpon-Hearthflame, L50, F|
|poke|p2|Landorus, L50, M|
|poke|p2|Farigiraf, L50, M|
|teampreview|4
|inactive|Battle timer is ON: inactive players will automatically lose when time's up. (requested by HappyW)
|inactive|HappyW has 60 seconds left.
|l|☆HappyW
|inactive|HappyW disconnected and has a minute to reconnect!
|player|p2|
|j|☆HappyW
|inactive|HappyW reconnected and has 60 seconds left.
|player|p2|HappyW|akari|
|
|t:|1750825387
|start
|switch|p1a: Terapagos|Terapagos, L50, M|100/100
|switch|p1b: Candyzinha|Whimsicott, L50, F|100/100
|switch|p2a: Miraidon|Miraidon, L50|100/100
|switch|p2b: Chien-Pao|Chien-Pao, L50|100/100
|-activate|p1a: Terapagos|ability: Tera Shift
|detailschange|p1a: Terapagos|Terapagos-Terastal, L50, M
|-heal|p1a: Terapagos|100/100|[silent]
|-fieldstart|move: Electric Terrain|[from] ability: Hadron Engine|[of] p2a: Miraidon
|-ability|p2b: Chien-Pao|Sword of Ruin
|turn|1
|
|t:|1750825409
|-terastallize|p1a: Terapagos|Stellar
|detailschange|p1a: Terapagos|Terapagos-Stellar, L50, M, tera:Stellar
|-heal|p1a: Terapagos|100/100|[silent]
|-ability|p1a: Terapagos|Teraform Zero
|-fieldend|move: Electric Terrain
|move|p1b: Candyzinha|Tailwind|p1b: Candyzinha
|-sidestart|p1: yanszinツ|move: Tailwind
|move|p1a: Terapagos|Tera Starstorm|p2a: Miraidon|[spread] p2a,p2b
|-damage|p2a: Miraidon|51/100
|-damage|p2b: Chien-Pao|13/100
|move|p2a: Miraidon|Volt Switch|p1a: Terapagos
|-damage|p1a: Terapagos|70/100
|
|t:|1750825424
|switch|p2a: Zacian|Zacian-Crowned, L50, shiny|100/100|[from] Volt Switch
|-ability|p2a: Zacian|Intrepid Sword|boost
|-boost|p2a: Zacian|atk|1
|move|p2b: Chien-Pao|Ruination|p1a: Terapagos
|-damage|p1a: Terapagos|35/100
|
|upkeep
|turn|2
|inactive|yanszinツ has 30 seconds left.
|
|t:|1750825453
|switch|p1a: Prince|Calyrex-Shadow, L50|100/100
|-ability|p1a: Prince|As One
|-ability|p1a: Prince|Unnerve
|move|p2b: Chien-Pao|Protect|p2b: Chien-Pao
|-singleturn|p2b: Chien-Pao|Protect
|move|p1b: Candyzinha|Moonblast|p2b: Chien-Pao
|-activate|p2b: Chien-Pao|move: Protect
|move|p2a: Zacian|Sacred Sword|p1a: Prince
|-immune|p1a: Prince
|
|upkeep
|turn|3
|inactive|HappyW has 30 seconds left.
|
|t:|1750825480
|move|p1b: Candyzinha|Encore|p2a: Zacian
|-start|p2a: Zacian|Encore
|move|p2b: Chien-Pao|Sucker Punch|p1a: Prince
|-supereffective|p1a: Prince
|-damage|p1a: Prince|0 fnt
|faint|p1a: Prince
|move|p2a: Zacian|Sacred Sword|p1b: Candyzinha
|-resisted|p1b: Candyzinha
|-damage|p1b: Candyzinha|58/100
|
|upkeep
|
|t:|1750825489
|switch|p1a: Terapagos|Terapagos-Stellar, L50, M, tera:Stellar|35/100
|turn|4
|
|t:|1750825502
|move|p2b: Chien-Pao|Sucker Punch|p1b: Candyzinha
|-resisted|p1b: Candyzinha
|-damage|p1b: Candyzinha|23/100
|move|p1b: Candyzinha|Moonblast|p2a: Zacian
|-resisted|p2a: Zacian
|-damage|p2a: Zacian|85/100
|-unboost|p2a: Zacian|spa|1
|move|p1a: Terapagos|Tera Starstorm|p2a: Zacian|[spread] p2a,p2b
|-damage|p2a: Zacian|39/100
|-damage|p2b: Chien-Pao|0 fnt
|faint|p2b: Chien-Pao
|move|p2a: Zacian|Sacred Sword|p1a: Terapagos
|-supereffective|p1a: Terapagos
|-damage|p1a: Terapagos|0 fnt
|faint|p1a: Terapagos
|detailschange|p1: Terapagos|Terapagos, L50, M|[silent]
|
|-sideend|p1: yanszinツ|move: Tailwind
|upkeep
|
|t:|1750825517
|switch|p2b: Miraidon|Miraidon, L50|51/100
|switch|p1a: Urshifu|Urshifu-Rapid-Strike, L50, M|100/100
|-fieldstart|move: Electric Terrain|[from] ability: Hadron Engine|[of] p2b: Miraidon
|turn|5
|
|t:|1750825530
|move|p1b: Candyzinha|Tailwind|p1b: Candyzinha
|-sidestart|p1: yanszinツ|move: Tailwind
|move|p1a: Urshifu|Close Combat|p2b: Miraidon
|-damage|p2b: Miraidon|0 fnt
|-unboost|p1a: Urshifu|def|1
|-unboost|p1a: Urshifu|spd|1
|faint|p2b: Miraidon
|move|p2a: Zacian|Sacred Sword|p1b: Candyzinha
|-resisted|p1b: Candyzinha
|-damage|p1b: Candyzinha|0 fnt
|faint|p1b: Candyzinha
|
|-end|p2a: Zacian|Encore
|upkeep
|
|t:|1750825535
|switch|p2b: Farigiraf|Farigiraf, L50, M, shiny|100/100
|-enditem|p2b: Farigiraf|Electric Seed
|-boost|p2b: Farigiraf|def|1|[from] item: Electric Seed
|turn|6
|
|t:|1750825548
|move|p1a: Urshifu|Surging Strikes|p2a: Zacian
|-crit|p2a: Zacian
|-damage|p2a: Zacian|19/100
|-crit|p2a: Zacian
|-damage|p2a: Zacian|1/100
|-crit|p2a: Zacian
|-damage|p2a: Zacian|0 fnt
|faint|p2a: Zacian
|-hitcount|p2: Zacian|3
|move|p2b: Farigiraf|Psychic|p1a: Urshifu
|-supereffective|p1a: Urshifu
|-enditem|p1a: Urshifu|Focus Sash
|-damage|p1a: Urshifu|1/100
|-unboost|p1a: Urshifu|spd|1
|
|upkeep
|turn|7
|inactive|yanszinツ has 30 seconds left.
|inactive|yanszinツ has 20 seconds left.
|inactive|yanszinツ has 15 seconds left.
|inactive|yanszinツ has 10 seconds left.
|inactive|yanszinツ has 5 seconds left.
|
|t:|1750825600
|-terastallize|p2b: Farigiraf|Water
|move|p1a: Urshifu|Close Combat|p2b: Farigiraf
|-damage|p2b: Farigiraf|66/100
|-unboost|p1a: Urshifu|def|1
|-unboost|p1a: Urshifu|spd|1
|move|p2b: Farigiraf|Psychic|p1a: Urshifu
|-supereffective|p1a: Urshifu
|-damage|p1a: Urshifu|0 fnt
|faint|p1a: Urshifu
|
|win|HappyW
|raw|yanszinツ's rating: 1297 &rarr; <strong>1276</strong><br />(-21 for losing)
|raw|HappyW's rating: 1358 &rarr; <strong>1375</strong><br />(+17 for winning)
