|j|☆Lechonk75
|j|☆Nerd159
|t:|1750756521
|gametype|doubles
|player|p1|Lechonk75|erika|1580
|player|p2|Nerd159|102|1617
|teamsize|p1|6
|teamsize|p2|6
|gen|9
|tier|[Gen 9] VGC 2025 Reg I
|rated|
|rule|Species Clause: Limit one of each Pokémon
|rule|Item Clause: Limit 1 of each item
|clearpoke
|poke|p1|Miraidon, L50|
|poke|p1|Calyrex-Ice, L50|
|poke|p1|Incineroar, L50, M|
|poke|p1|Farigiraf, L50, F|
|poke|p1|Landorus, L50, M|
|poke|p1|Urshifu-*, L50, F|
|poke|p2|Zamazenta-*, L50|
|poke|p2|Calyrex-Shadow, L50|
|poke|p2|Excadrill, L50, M|
|poke|p2|Tyranitar, L50, F|
|poke|p2|Ogerpon-Wellspring, L50, F|
|poke|p2|Farigiraf, L50, M|
|teampreview|4
|inactive|Battle timer is ON: inactive players will automatically lose when time's up. (requested by Nerd159)
|
|t:|1750756547
|start
|switch|p1a: Iron Neck|Farigiraf, L50, F|100/100
|switch|p1b: Iron Serpent|Miraidon, L50|100/100
|switch|p2a: Tyranitar|Tyranitar, L50, F|100/100
|switch|p2b: Zamazenta|Zamazenta-Crowned, L50|100/100
|-ability|p2b: Zamazenta|Dauntless Shield|boost
|-boost|p2b: Zamazenta|def|1
|-fieldstart|move: Electric Terrain|[from] ability: Hadron Engine|[of] p1b: Iron Serpent
|-enditem|p1a: Iron Neck|Electric Seed
|-boost|p1a: Iron Neck|def|1|[from] item: Electric Seed
|-weather|Sandstorm|[from] ability: Sand Stream|[of] p2a: Tyranitar
|turn|1
|inactive|Lechonk75 has 30 seconds left.
|inactive|Lechonk75 has 20 seconds left.
|inactive|Lechonk75 has 15 seconds left.
|inactive|Lechonk75 has 10 seconds left.
|
|t:|1750756592
|move|p2b: Zamazenta|Protect|p2b: Zamazenta
|-singleturn|p2b: Zamazenta|Protect
|move|p1b: Iron Serpent|Volt Switch|p2b: Zamazenta
|-activate|p2b: Zamazenta|move: Protect
|move|p2a: Tyranitar|Knock Off|p1b: Iron Serpent
|-damage|p1b: Iron Serpent|61/100
|-enditem|p1b: Iron Serpent|Assault Vest|[from] move: Knock Off|[of] p2a: Tyranitar
|move|p1a: Iron Neck|Trick Room|p1a: Iron Neck
|-fieldstart|move: Trick Room|[of] p1a: Iron Neck
|
|-weather|Sandstorm|[upkeep]
|-damage|p1a: Iron Neck|94/100|[from] Sandstorm
|-damage|p1b: Iron Serpent|55/100|[from] Sandstorm
|upkeep
|turn|2
|inactive|Lechonk75 has 30 seconds left.
|
|t:|1750756626
|move|p2a: Tyranitar|Rock Slide|p1a: Iron Neck|[spread] p1a,p1b
|-crit|p1b: Iron Serpent
|-damage|p1a: Iron Neck|80/100
|-damage|p1b: Iron Serpent|16/100
|move|p1b: Iron Serpent|Volt Switch|p2b: Zamazenta
|-damage|p2b: Zamazenta|58/100
|
|t:|1750756636
|switch|p1b: Iron Lance|Calyrex-Ice, L50|100/100|[from] Volt Switch
|-ability|p1b: Iron Lance|As One
|-ability|p1b: Iron Lance|Unnerve
|move|p2b: Zamazenta|Body Press|p1b: Iron Lance
|-damage|p1b: Iron Lance|63/100
|move|p1a: Iron Neck|Roar|p2b: Zamazenta
|drag|p2b: Excadrill|Excadrill, L50, M|100/100
|
|-weather|Sandstorm|[upkeep]
|-damage|p1b: Iron Lance|57/100|[from] Sandstorm
|-damage|p1a: Iron Neck|73/100|[from] Sandstorm
|upkeep
|turn|3
|inactive|Lechonk75 has 30 seconds left.
|
|t:|1750756666
|move|p1a: Iron Neck|Helping Hand|p1b: Iron Lance
|-singleturn|p1b: Iron Lance|Helping Hand|[of] p1a: Iron Neck
|move|p2b: Excadrill|Protect|p2b: Excadrill
|-singleturn|p2b: Excadrill|Protect
|move|p1b: Iron Lance|Glacial Lance|p2b: Excadrill|[spread] p2a
|-activate|p2b: Excadrill|move: Protect
|-damage|p2a: Tyranitar|25/100
|move|p2a: Tyranitar|Knock Off|p1b: Iron Lance
|-supereffective|p1b: Iron Lance
|-damage|p1b: Iron Lance|0 fnt
|-enditem|p1b: Iron Lance|Clear Amulet|[from] move: Knock Off|[of] p2a: Tyranitar
|faint|p1b: Iron Lance
|
|-weather|Sandstorm|[upkeep]
|-damage|p1a: Iron Neck|67/100|[from] Sandstorm
|upkeep
|
|t:|1750756691
|switch|p1b: Iron Fist|Urshifu, L50, F|100/100
|turn|4
|inactive|Lechonk75 has 30 seconds left.
|
|t:|1750756719
|-terastallize|p1b: Iron Fist|Dark
|move|p1a: Iron Neck|Psychic|p2b: Excadrill
|-resisted|p2b: Excadrill
|-damage|p2b: Excadrill|76/100
|move|p2a: Tyranitar|Rock Slide|p1b: Iron Fist|[spread] p1a,p1b
|-damage|p1a: Iron Neck|52/100
|-damage|p1b: Iron Fist|73/100
|move|p1b: Iron Fist|Wicked Blow|p2b: Excadrill
|-crit|p2b: Excadrill
|-damage|p2b: Excadrill|0 fnt
|faint|p2b: Excadrill
|
|-weather|Sandstorm|[upkeep]
|-damage|p1a: Iron Neck|46/100|[from] Sandstorm
|-damage|p1b: Iron Fist|66/100|[from] Sandstorm
|upkeep
|
|t:|1750756730
|switch|p2b: Zamazenta|Zamazenta-Crowned, L50|58/100
|turn|5
|inactive|Lechonk75 has 30 seconds left.
|inactive|Lechonk75 has 20 seconds left.
|inactive|Lechonk75 has 15 seconds left.
|inactive|Lechonk75 has 10 seconds left.
|
|t:|1750756780
|-terastallize|p2b: Zamazenta|Fire
|move|p1a: Iron Neck|Psychic|p2b: Zamazenta
|-damage|p2b: Zamazenta|37/100
|move|p2a: Tyranitar|Rock Slide|p1b: Iron Fist|[spread] p1a,p1b
|-damage|p1a: Iron Neck|32/100
|-damage|p1b: Iron Fist|37/100
|move|p1b: Iron Fist|Close Combat|p2b: Zamazenta
|-damage|p2b: Zamazenta|0 fnt
|-unboost|p1b: Iron Fist|def|1
|-unboost|p1b: Iron Fist|spd|1
|faint|p2b: Zamazenta
|
|-weather|none
|-fieldend|move: Trick Room
|-fieldend|move: Electric Terrain
|upkeep
|
|t:|1750756784
|switch|p2b: Calyrex|Calyrex-Shadow, L50|100/100
|-ability|p2b: Calyrex|As One
|-ability|p2b: Calyrex|Unnerve
|turn|6
|inactive|Lechonk75 has 30 seconds left.
|inactive|Lechonk75 has 20 seconds left.
|inactive|Lechonk75 has 15 seconds left.
|
|t:|1750756826
|move|p2b: Calyrex|Substitute|p2b: Calyrex
|-start|p2b: Calyrex|Substitute
|-damage|p2b: Calyrex|76/100
|move|p1b: Iron Fist|Close Combat|p2a: Tyranitar
|-supereffective|p2a: Tyranitar
|-damage|p2a: Tyranitar|0 fnt
|-unboost|p1b: Iron Fist|def|1
|-unboost|p1b: Iron Fist|spd|1
|faint|p2a: Tyranitar
|move|p1a: Iron Neck|Trick Room|p1a: Iron Neck
|-fieldstart|move: Trick Room|[of] p1a: Iron Neck
|
|upkeep
|turn|7
|
|t:|1750756844
|move|p1b: Iron Fist|Wicked Blow|p2b: Calyrex
|-supereffective|p2b: Calyrex
|-crit|p2b: Calyrex
|-end|p2b: Calyrex|Substitute
|move|p2b: Calyrex|Astral Barrage|p1b: Iron Fist|[spread] p1b
|-immune|p1a: Iron Neck
|-resisted|p1b: Iron Fist
|-damage|p1b: Iron Fist|0 fnt
|faint|p1b: Iron Fist
|-ability|p2b: Calyrex|Grim Neigh|boost
|-boost|p2b: Calyrex|spa|1
|move|p1a: Iron Neck|Trick Room|p1a: Iron Neck
|-fieldend|move: Trick Room
|
|upkeep
|c|☆Nerd159|Huh
|c|☆Nerd159|Why?
|-message|Lechonk75 forfeited.
|
|win|Nerd159
|raw|Lechonk75's rating: 1580 &rarr; <strong>1562</strong><br />(-18 for losing)
|raw|Nerd159's rating: 1617 &rarr; <strong>1635</strong><br />(+18 for winning)
