|j|☆phonecount
|j|☆TheDecommissioner
|t:|1750746346
|gametype|doubles
|player|p1|phonecount|265|1269
|player|p2|TheDecommissioner|preschooler|1257
|teamsize|p1|6
|teamsize|p2|6
|gen|9
|tier|[Gen 9] VGC 2025 Reg I
|rated|
|rule|Species Clause: Limit one of each Pokémon
|rule|Item Clause: Limit 1 of each item
|clearpoke
|poke|p1|Kyogre, L50|
|poke|p1|Charizard, L50, F|
|poke|p1|Groudon, L50|
|poke|p1|Raging Bolt, L50|
|poke|p1|Iron Treads, L50|
|poke|p1|Tornadus, L50, M|
|poke|p2|Walking Wake, L50|
|poke|p2|Torkoal, L50, F|
|poke|p2|Indeedee-F, L50, F|
|poke|p2|Koraidon, L50|
|poke|p2|Lilligant-Hisui, L50, F|
|poke|p2|Archaludon, L50, F|
|teampreview|4
|inactive|Battle timer is ON: inactive players will automatically lose when time's up. (requested by TheDecommissioner)
|inactive|phonecount has 60 seconds left.
|inactive|TheDecommissioner has 60 seconds left.
|
|t:|1750746389
|start
|switch|p1a: Raging Bolt|Raging Bolt, L50|100/100
|switch|p1b: Groudon|Groudon, L50|100/100
|switch|p2a: Talking|Lilligant-Hisui, L50, F|100/100
|switch|p2b: FOREVERR|Torkoal, L50, F, shiny|100/100
|-weather|SunnyDay|[from] ability: Drought|[of] p1b: Groudon
|-activate|p1a: Raging Bolt|ability: Protosynthesis
|-start|p1a: Raging Bolt|protosynthesisspa
|turn|1
|
|t:|1750746407
|move|p2b: FOREVERR|Protect|p2b: FOREVERR
|-singleturn|p2b: FOREVERR|Protect
|move|p2a: Talking|Sleep Powder|p1b: Groudon
|-status|p1b: Groudon|slp|[from] move: Sleep Powder
|cant|p1b: Groudon|slp
|move|p1a: Raging Bolt|Thunderbolt|p2b: FOREVERR
|-activate|p2b: FOREVERR|move: Protect
|
|-weather|SunnyDay|[upkeep]
|upkeep
|turn|2
|
|t:|1750746426
|switch|p2b: Is|Archaludon, L50, F|100/100
|move|p2a: Talking|Bullet Seed|p2b: Is
|-resisted|p2b: Is
|-damage|p2b: Is|98/100
|-ability|p2b: Is|Stamina|boost
|-boost|p2b: Is|def|1
|-resisted|p2b: Is
|-damage|p2b: Is|97/100
|-ability|p2b: Is|Stamina|boost
|-boost|p2b: Is|def|1
|-hitcount|p2b: Is|2
|-curestatus|p1b: Groudon|slp|[msg]
|move|p1b: Groudon|Precipice Blades|p2a: Talking|[spread] p2a,p2b
|-resisted|p2a: Talking
|-supereffective|p2b: Is
|-damage|p2a: Talking|60/100
|-damage|p2b: Is|54/100
|-ability|p2b: Is|Stamina|boost
|-boost|p2b: Is|def|1
|move|p1a: Raging Bolt|Weather Ball|p2a: Talking
|-supereffective|p2a: Talking
|-damage|p2a: Talking|0 fnt
|faint|p2a: Talking
|
|-weather|SunnyDay|[upkeep]
|upkeep
|
|t:|1750746430
|switch|p2a: Scotland|Walking Wake, L50|100/100
|-activate|p2a: Scotland|ability: Protosynthesis
|-start|p2a: Scotland|protosynthesisspe
|turn|3
|inactive|phonecount has 30 seconds left.
|
|t:|1750746456
|-terastallize|p1a: Raging Bolt|Flying
|move|p2a: Scotland|Hydro Steam|p1b: Groudon
|-supereffective|p1b: Groudon
|-damage|p1b: Groudon|3/100
|move|p1b: Groudon|Precipice Blades|p2b: Is|[spread] p2a
|-miss|p1b: Groudon|p2b: Is
|-damage|p2a: Scotland|34/100
|move|p1a: Raging Bolt|Draco Meteor|p2a: Scotland
|-supereffective|p2a: Scotland
|-damage|p2a: Scotland|0 fnt
|-unboost|p1a: Raging Bolt|spa|2
|faint|p2a: Scotland
|-end|p2a: Scotland|Protosynthesis|[silent]
|move|p2b: Is|Dragon Pulse|p1a: Raging Bolt
|-damage|p1a: Raging Bolt|81/100
|
|-weather|SunnyDay|[upkeep]
|upkeep
|
|t:|1750746460
|switch|p2a: FOREVERR|Torkoal, L50, F, shiny|100/100
|turn|4
|
|t:|1750746482
|-end|p1a: Raging Bolt|Protosynthesis|[silent]
|switch|p1a: Kyogre|Kyogre, L50|100/100
|-weather|RainDance|[from] ability: Drizzle|[of] p1a: Kyogre
|move|p2a: FOREVERR|Protect|p2a: FOREVERR
|-singleturn|p2a: FOREVERR|Protect
|move|p1b: Groudon|Precipice Blades|p2b: Is|[spread] 
|-activate|p2a: FOREVERR|move: Protect
|-miss|p1b: Groudon|p2b: Is
|move|p2b: Is|Snarl|p1b: Groudon|[spread] p1a,p1b
|-damage|p1a: Kyogre|91/100
|-damage|p1b: Groudon|0 fnt
|-unboost|p1a: Kyogre|spa|1
|faint|p1b: Groudon
|
|-weather|RainDance|[upkeep]
|upkeep
|
|t:|1750746495
|switch|p1b: Charizard|Charizard, L50, F, shiny|100/100
|turn|5
|inactive|phonecount has 30 seconds left.
|inactive|TheDecommissioner has 30 seconds left.
|inactive|phonecount has 20 seconds left.
|
|t:|1750746530
|move|p1a: Kyogre|Water Spout|p2a: FOREVERR|[spread] p2a,p2b
|-supereffective|p2a: FOREVERR
|-resisted|p2b: Is
|-damage|p2a: FOREVERR|0 fnt
|-damage|p2b: Is|37/100
|-ability|p2b: Is|Stamina|boost
|-boost|p2b: Is|def|1
|faint|p2a: FOREVERR
|move|p1b: Charizard|Weather Ball|p2b: Is
|-resisted|p2b: Is
|-damage|p2b: Is|21/100
|-ability|p2b: Is|Stamina|boost
|-boost|p2b: Is|def|1
|-damage|p1b: Charizard|91/100|[from] item: Life Orb
|move|p2b: Is|Electro Shot||[still]
|-prepare|p2b: Is|Electro Shot
|-boost|p2b: Is|spa|1
|-anim|p2b: Is|Electro Shot|p1b: Charizard
|-supereffective|p1b: Charizard
|-damage|p1b: Charizard|0 fnt
|faint|p1b: Charizard
|
|-weather|RainDance|[upkeep]
|upkeep
|-message|TheDecommissioner forfeited.
|
|win|phonecount
|raw|phonecount's rating: 1269 &rarr; <strong>1293</strong><br />(+24 for winning)
|raw|TheDecommissioner's rating: 1257 &rarr; <strong>1233</strong><br />(-24 for losing)
|l|☆TheDecommissioner
|player|p2|
|l|☆phonecount
|player|p1|
