|j|☆ampersandwich
|j|☆Goose and the Boyz
|t:|1750716130
|gametype|doubles
|player|p1|ampersandwich|rocketgruntf|1155
|player|p2|Goose and the Boyz|ethan|1107
|teamsize|p1|6
|teamsize|p2|6
|gen|9
|tier|[Gen 9] VGC 2025 Reg I
|rated|
|rule|Species Clause: Limit one of each Pokémon
|rule|Item Clause: Limit 1 of each item
|clearpoke
|poke|p1|Miraidon, L50|
|poke|p1|Lunala, L50|
|poke|p1|Incineroar, L50, F|
|poke|p1|Grimmsnarl, L50, M|
|poke|p1|Landorus, L50, M|
|poke|p1|Ogerpon-Wellspring, L50, F|
|poke|p2|Koraidon, L50|
|poke|p2|Incineroar, L50, F|
|poke|p2|Flutter Mane, L50|
|poke|p2|Farigiraf, L50, M|
|poke|p2|Urshifu-*, L50, F|
|poke|p2|Groudon, L50|
|teampreview|4
|inactive|Battle timer is ON: inactive players will automatically lose when time's up. (requested by Goose and the Boyz)
|inactive|Goose and the Boyz has 60 seconds left.
|
|t:|1750716161
|start
|switch|p1a: Miraidon|Miraidon, L50|100/100
|switch|p1b: Grimmsnarl|Grimmsnarl, L50, M|100/100
|switch|p2a: Flutter Mane|Flutter Mane, L50|100/100
|switch|p2b: Groudon|Groudon, L50|100/100
|-fieldstart|move: Electric Terrain|[from] ability: Hadron Engine|[of] p1a: Miraidon
|-weather|SunnyDay|[from] ability: Drought|[of] p2b: Groudon
|-activate|p2a: Flutter Mane|ability: Protosynthesis
|-start|p2a: Flutter Mane|protosynthesisspe
|turn|1
|
|t:|1750716182
|move|p1b: Grimmsnarl|Reflect|p1b: Grimmsnarl
|-sidestart|p1: ampersandwich|Reflect
|move|p2a: Flutter Mane|Moonblast|p1a: Miraidon
|-supereffective|p1a: Miraidon
|-damage|p1a: Miraidon|0 fnt
|faint|p1a: Miraidon
|move|p2b: Groudon|Precipice Blades|p1b: Grimmsnarl
|-damage|p1b: Grimmsnarl|54/100
|
|-weather|SunnyDay|[upkeep]
|upkeep
|
|t:|1750716198
|switch|p1a: Lunala|Lunala, L50|100/100
|-enditem|p1a: Lunala|Electric Seed
|-boost|p1a: Lunala|def|1|[from] item: Electric Seed
|turn|2
|inactive|ampersandwich has 30 seconds left.
|inactive|Goose and the Boyz has 30 seconds left.
|
|t:|1750716233
|move|p1b: Grimmsnarl|Light Screen|p1b: Grimmsnarl
|-sidestart|p1: ampersandwich|move: Light Screen
|move|p2a: Flutter Mane|Moonblast|p1b: Grimmsnarl
|-supereffective|p1b: Grimmsnarl
|-damage|p1b: Grimmsnarl|0 fnt
|faint|p1b: Grimmsnarl
|move|p1a: Lunala|Calm Mind|p1a: Lunala
|-boost|p1a: Lunala|spa|1
|-boost|p1a: Lunala|spd|1
|move|p2b: Groudon|Rock Slide|p1a: Lunala
|-damage|p1a: Lunala|96/100
|
|-weather|SunnyDay|[upkeep]
|upkeep
|
|t:|1750716247
|switch|p1b: Ogerpon|Ogerpon-Wellspring, L50, F|100/100
|turn|3
|
|t:|1750716263
|-terastallize|p2b: Groudon|Steel
|move|p2a: Flutter Mane|Moonblast|p1a: Lunala
|-crit|p1a: Lunala
|-damage|p1a: Lunala|14/100
|move|p1b: Ogerpon|Wood Hammer|p2b: Groudon
|-resisted|p2b: Groudon
|-damage|p2b: Groudon|76/100
|-damage|p1b: Ogerpon|93/100|[from] Recoil
|move|p1a: Lunala|Moongeist Beam|p2a: Flutter Mane
|-supereffective|p2a: Flutter Mane
|-damage|p2a: Flutter Mane|0 fnt
|faint|p2a: Flutter Mane
|-end|p2a: Flutter Mane|Protosynthesis|[silent]
|move|p2b: Groudon|Hammer Arm|p1b: Ogerpon
|-damage|p1b: Ogerpon|62/100
|-unboost|p2b: Groudon|spe|1
|
|-weather|SunnyDay|[upkeep]
|upkeep
|
|t:|1750716282
|switch|p2a: Koraidon|Koraidon, L50|100/100
|-activate|p2a: Koraidon|ability: Orichalcum Pulse
|turn|4
|
|t:|1750716294
|move|p1b: Ogerpon|Follow Me|p1b: Ogerpon
|-singleturn|p1b: Ogerpon|move: Follow Me
|move|p2a: Koraidon|U-turn|p1b: Ogerpon
|-supereffective|p1b: Ogerpon
|-damage|p1b: Ogerpon|3/100
|-damage|p2a: Koraidon|91/100|[from] item: Life Orb
|
|t:|1750716300
|switch|p2a: Urshifu|Urshifu, L50, F|100/100|[from] U-turn
|move|p1a: Lunala|Moonblast|p2a: Urshifu
|-supereffective|p2a: Urshifu
|-damage|p2a: Urshifu|0 fnt
|faint|p2a: Urshifu
|move|p2b: Groudon|Heat Crash|p1b: Ogerpon
|-damage|p1b: Ogerpon|0 fnt
|faint|p1b: Ogerpon
|
|-weather|SunnyDay|[upkeep]
|upkeep
|
|t:|1750716306
|switch|p2a: Koraidon|Koraidon, L50|91/100
|-activate|p2a: Koraidon|ability: Orichalcum Pulse
|turn|5
|
|t:|1750716317
|move|p2a: Koraidon|Flare Blitz|p1a: Lunala
|-damage|p1a: Lunala|0 fnt
|faint|p1a: Lunala
|-damage|p2a: Koraidon|84/100|[from] Recoil
|-damage|p2a: Koraidon|75/100|[from] item: Life Orb
|
|win|Goose and the Boyz
|raw|ampersandwich's rating: 1155 &rarr; <strong>1127</strong><br />(-28 for losing)
|raw|Goose and the Boyz's rating: 1107 &rarr; <strong>1135</strong><br />(+28 for winning)
|l|☆Goose and the Boyz
|player|p2|
