|j|☆AthenaSux
|j|☆It'sJustKen VGC
|t:|1750819205
|gametype|doubles
|player|p1|AthenaSux|170|1555
|player|p2|It'sJustKen VGC|caitlin|1650
|teamsize|p1|6
|teamsize|p2|6
|gen|9
|tier|[Gen 9] VGC 2025 Reg I
|rated|
|rule|Species Clause: Limit one of each Pokémon
|rule|Item Clause: Limit 1 of each item
|clearpoke
|poke|p1|Calyrex-Shadow, L50|
|poke|p1|Incineroar, L50, M|
|poke|p1|Amoonguss, L50, F|
|poke|p1|Zamazenta-*, L50|
|poke|p1|Rillaboom, L50, M|
|poke|p1|Raging Bolt, L50|
|poke|p2|Incineroar, L50, M|
|poke|p2|Urshifu-*, L50, F|
|poke|p2|Amoonguss, L50, M|
|poke|p2|Calyrex-Shadow, L50|
|poke|p2|Tornadus, L50, M|
|poke|p2|Terapagos, L50, M|
|teampreview|4
|inactive|Battle timer is ON: inactive players will automatically lose when time's up. (requested by It'sJustKen VGC)
|j| slimyswag
|inactive|AthenaSux has 60 seconds left.
|l| slimyswag
|
|t:|1750819266
|start
|switch|p1a: Amoonguss|Amoonguss, L50, F|100/100
|switch|p1b: Zamazenta|Zamazenta-Crowned, L50|100/100
|switch|p2a: @Not Wolfe Glick|Incineroar, L50, M|100/100
|switch|p2b: Steven He|Urshifu-Rapid-Strike, L50, F|100/100
|-ability|p1b: Zamazenta|Dauntless Shield|boost
|-boost|p1b: Zamazenta|def|1
|-ability|p2a: @Not Wolfe Glick|Intimidate|boost
|-unboost|p1a: Amoonguss|atk|1
|-unboost|p1b: Zamazenta|atk|1
|turn|1
|
|t:|1750819290
|switch|p2a: Chicken Jockey|Calyrex-Shadow, L50|100/100
|-ability|p2a: Chicken Jockey|As One
|-ability|p2a: Chicken Jockey|Unnerve
|move|p1a: Amoonguss|Rage Powder|p1a: Amoonguss
|-singleturn|p1a: Amoonguss|move: Rage Powder
|move|p2b: Steven He|U-turn|p1a: Amoonguss
|-damage|p1a: Amoonguss|77/100
|
|t:|1750819304
|switch|p2b: PTSD Mushroom|Amoonguss, L50, M|100/100|[from] U-turn
|move|p1b: Zamazenta|Body Press|p2a: Chicken Jockey
|-immune|p2a: Chicken Jockey
|
|upkeep
|turn|2
|inactive|AthenaSux has 30 seconds left.
|inactive|AthenaSux has 20 seconds left.
|inactive|AthenaSux has 15 seconds left.
|inactive|AthenaSux has 10 seconds left.
|inactive|AthenaSux has 5 seconds left.
|
|t:|1750819358
|-terastallize|p1a: Amoonguss|Water
|move|p1b: Zamazenta|Protect|p1b: Zamazenta
|-singleturn|p1b: Zamazenta|Protect
|move|p2a: Chicken Jockey|Astral Barrage|p1b: Zamazenta|[spread] p1a
|-activate|p1b: Zamazenta|move: Protect
|-damage|p1a: Amoonguss|10/100
|-damage|p2a: Chicken Jockey|91/100|[from] item: Life Orb
|move|p1a: Amoonguss|Spore|p2a: Chicken Jockey
|-status|p2a: Chicken Jockey|slp|[from] move: Spore
|move|p2b: PTSD Mushroom|Spore|p1b: Zamazenta
|-activate|p1b: Zamazenta|move: Protect
|
|upkeep
|turn|3
|inactive|AthenaSux has 30 seconds left.
|
|t:|1750819389
|switch|p1a: Calyrex|Calyrex-Shadow, L50|100/100
|-ability|p1a: Calyrex|As One
|-ability|p1a: Calyrex|Unnerve
|cant|p2a: Chicken Jockey|slp
|move|p1b: Zamazenta|Heavy Slam|p2a: Chicken Jockey
|-crit|p2a: Chicken Jockey
|-damage|p2a: Chicken Jockey|4/100 slp
|move|p2b: PTSD Mushroom|Spore|p1a: Calyrex
|-status|p1a: Calyrex|slp|[from] move: Spore
|
|upkeep
|turn|4
|inactive|AthenaSux has 30 seconds left.
|inactive|It'sJustKen VGC has 30 seconds left.
|
|t:|1750819416
|cant|p1a: Calyrex|slp
|cant|p2a: Chicken Jockey|slp
|move|p1b: Zamazenta|Heavy Slam|p2a: Chicken Jockey
|-damage|p2a: Chicken Jockey|0 fnt
|faint|p2a: Chicken Jockey
|move|p2b: PTSD Mushroom|Spore|p1b: Zamazenta
|-status|p1b: Zamazenta|slp|[from] move: Spore
|
|upkeep
|
|t:|1750819419
|switch|p2a: Steven He|Urshifu-Rapid-Strike, L50, F|100/100
|turn|5
|
|t:|1750819443
|-terastallize|p2a: Steven He|Water
|move|p2a: Steven He|Surging Strikes|p1a: Calyrex
|-crit|p1a: Calyrex
|-damage|p1a: Calyrex|63/100 slp
|-crit|p1a: Calyrex
|-damage|p1a: Calyrex|28/100 slp
|-crit|p1a: Calyrex
|-damage|p1a: Calyrex|0 fnt
|faint|p1a: Calyrex
|-hitcount|p1: Calyrex|3
|cant|p1b: Zamazenta|slp
|move|p2b: PTSD Mushroom|Spore|p1b: Zamazenta
|-fail|p1b: Zamazenta|slp
|
|upkeep
|
|t:|1750819458
|switch|p1a: Amoonguss|Amoonguss, L50, F, tera:Water|43/100
|turn|6
|inactive|It'sJustKen VGC has 30 seconds left.
|inactive|It'sJustKen VGC has 20 seconds left.
|inactive|It'sJustKen VGC has 15 seconds left.
|inactive|It'sJustKen VGC has 10 seconds left.
|inactive|It'sJustKen VGC has 5 seconds left.
|
|t:|1750819513
|move|p2b: PTSD Mushroom|Protect|p2b: PTSD Mushroom
|-singleturn|p2b: PTSD Mushroom|Protect
|move|p1a: Amoonguss|Rage Powder|p1a: Amoonguss
|-singleturn|p1a: Amoonguss|move: Rage Powder
|move|p2a: Steven He|Surging Strikes|p1a: Amoonguss
|-resisted|p1a: Amoonguss
|-crit|p1a: Amoonguss
|-damage|p1a: Amoonguss|30/100
|-resisted|p1a: Amoonguss
|-crit|p1a: Amoonguss
|-damage|p1a: Amoonguss|17/100
|-resisted|p1a: Amoonguss
|-crit|p1a: Amoonguss
|-damage|p1a: Amoonguss|3/100
|-hitcount|p1a: Amoonguss|3
|cant|p1b: Zamazenta|slp
|
|upkeep
|turn|7
|inactive|AthenaSux has 30 seconds left.
|
|t:|1750819543
|switch|p1a: Raging Bolt|Raging Bolt, L50|100/100
|move|p2a: Steven He|Surging Strikes|p1a: Raging Bolt
|-resisted|p1a: Raging Bolt
|-crit|p1a: Raging Bolt
|-damage|p1a: Raging Bolt|88/100
|-resisted|p1a: Raging Bolt
|-crit|p1a: Raging Bolt
|-damage|p1a: Raging Bolt|77/100
|-resisted|p1a: Raging Bolt
|-crit|p1a: Raging Bolt
|-damage|p1a: Raging Bolt|66/100
|-hitcount|p1a: Raging Bolt|3
|cant|p1b: Zamazenta|slp
|move|p2b: PTSD Mushroom|Spore|p1a: Raging Bolt
|-status|p1a: Raging Bolt|slp|[from] move: Spore
|
|upkeep
|turn|8
|
|t:|1750819560
|move|p2a: Steven He|Surging Strikes|p1a: Raging Bolt
|-resisted|p1a: Raging Bolt
|-crit|p1a: Raging Bolt
|-damage|p1a: Raging Bolt|53/100 slp
|-resisted|p1a: Raging Bolt
|-crit|p1a: Raging Bolt
|-damage|p1a: Raging Bolt|40/100 slp
|-resisted|p1a: Raging Bolt
|-crit|p1a: Raging Bolt
|-damage|p1a: Raging Bolt|28/100 slp
|-hitcount|p1a: Raging Bolt|3
|-curestatus|p1b: Zamazenta|slp|[msg]
|move|p1b: Zamazenta|Body Press|p2a: Steven He
|-damage|p2a: Steven He|33/100
|cant|p1a: Raging Bolt|slp
|move|p2b: PTSD Mushroom|Spore|p1b: Zamazenta
|-status|p1b: Zamazenta|slp|[from] move: Spore
|
|upkeep
|turn|9
|inactive|It'sJustKen VGC has 30 seconds left.
|inactive|AthenaSux has 30 seconds left.
|inactive|It'sJustKen VGC has 20 seconds left.
|inactive|AthenaSux has 20 seconds left.
|
|t:|1750819606
|cant|p1b: Zamazenta|slp
|move|p2b: PTSD Mushroom|Rage Powder|p2b: PTSD Mushroom
|-singleturn|p2b: PTSD Mushroom|move: Rage Powder
|cant|p1a: Raging Bolt|slp
|move|p2a: Steven He|Surging Strikes|p1a: Raging Bolt
|-resisted|p1a: Raging Bolt
|-crit|p1a: Raging Bolt
|-damage|p1a: Raging Bolt|15/100 slp
|-resisted|p1a: Raging Bolt
|-crit|p1a: Raging Bolt
|-damage|p1a: Raging Bolt|2/100 slp
|-resisted|p1a: Raging Bolt
|-crit|p1a: Raging Bolt
|-damage|p1a: Raging Bolt|0 fnt
|faint|p1a: Raging Bolt
|-end|p1a: Raging Bolt|Protosynthesis|[silent]
|-hitcount|p1: Raging Bolt|3
|
|upkeep
|
|t:|1750819611
|switch|p1a: Amoonguss|Amoonguss, L50, F, tera:Water|37/100
|turn|10
|-message|AthenaSux forfeited.
|
|win|It'sJustKen VGC
|raw|AthenaSux's rating: 1555 &rarr; <strong>1540</strong><br />(-15 for losing)
|raw|It&apos;sJustKen VGC's rating: 1652 &rarr; <strong>1667</strong><br />(+15 for winning)
|l|☆AthenaSux
|player|p1|
