|j|☆haruto18062001
|j|☆bonobobohemio
|t:|1750848324
|gametype|doubles
|player|p1|haruto18062001|alder|1349
|player|p2|bonobobohemio|drayden|1302
|teamsize|p1|6
|teamsize|p2|6
|gen|9
|tier|[Gen 9] VGC 2025 Reg I
|rated|
|rule|Species Clause: Limit one of each Pokémon
|rule|Item Clause: Limit 1 of each item
|clearpoke
|poke|p1|Koraidon, L50|
|poke|p1|Gothitelle, L50, F|
|poke|p1|Scream Tail, L50|
|poke|p1|Calyrex-Shadow, L50|
|poke|p1|Incineroar, L50, F|
|poke|p1|Brute Bonnet, L50|
|poke|p2|Reshiram, L50|
|poke|p2|Koraidon, L50|
|poke|p2|Murkrow, L50, M|
|poke|p2|Indeedee-F, L50, F|
|poke|p2|Ogerpon-Wellspring, L50, F|
|poke|p2|Raging Bolt, L50|
|teampreview|4
|inactive|Battle timer is ON: inactive players will automatically lose when time's up. (requested by bonobobohemio)
|
|t:|1750848346
|start
|switch|p1a: Gothitelle|Gothitelle, L50, F|100/100
|switch|p1b: Scream Tail|Scream Tail, L50|100/100
|switch|p2a: Murkrow|Murkrow, L50, M|100/100
|switch|p2b: Koraidon|Koraidon, L50|100/100
|-weather|SunnyDay|[from] ability: Orichalcum Pulse|[of] p2b: Koraidon
|-activate|p1b: Scream Tail|ability: Protosynthesis
|-start|p1b: Scream Tail|protosynthesisspe
|-activate|p2b: Koraidon|Orichalcum Pulse|[source]
|turn|1
|inactive|haruto18062001 has 30 seconds left.
|
|t:|1750848374
|move|p2b: Koraidon|Protect|p2b: Koraidon
|-singleturn|p2b: Koraidon|Protect
|move|p1a: Gothitelle|Fake Out|p2b: Koraidon
|-activate|p2b: Koraidon|move: Protect
|move|p2a: Murkrow|Tailwind|p2a: Murkrow
|-sidestart|p2: bonobobohemio|move: Tailwind
|move|p1b: Scream Tail|Perish Song|p1b: Scream Tail
|-start|p1a: Gothitelle|perish3|[silent]
|-start|p1b: Scream Tail|perish3|[silent]
|-start|p2a: Murkrow|perish3|[silent]
|-start|p2b: Koraidon|perish3|[silent]
|-fieldactivate|move: Perish Song
|
|-weather|SunnyDay|[upkeep]
|-start|p2b: Koraidon|perish3
|-start|p2a: Murkrow|perish3
|-start|p1b: Scream Tail|perish3
|-start|p1a: Gothitelle|perish3
|upkeep
|turn|2
|
|t:|1750848397
|-terastallize|p2b: Koraidon|Fire
|move|p1a: Gothitelle|Protect|p1a: Gothitelle
|-singleturn|p1a: Gothitelle|Protect
|move|p2b: Koraidon|Flare Blitz|p1a: Gothitelle
|-activate|p1a: Gothitelle|move: Protect
|move|p2a: Murkrow|Foul Play|p1a: Gothitelle
|-activate|p1a: Gothitelle|move: Protect
|move|p1b: Scream Tail|Encore|p2b: Koraidon
|-start|p2b: Koraidon|Encore
|
|-weather|SunnyDay|[upkeep]
|-start|p2b: Koraidon|perish2
|-start|p2a: Murkrow|perish2
|-start|p1b: Scream Tail|perish2
|-start|p1a: Gothitelle|perish2
|upkeep
|turn|3
|inactive|haruto18062001 has 30 seconds left.
|inactive|haruto18062001 has 20 seconds left.
|inactive|haruto18062001 has 15 seconds left.
|
|t:|1750848440
|switch|p1a: Koraidon|Koraidon, L50|100/100
|-activate|p1a: Koraidon|ability: Orichalcum Pulse
|move|p2b: Koraidon|Flare Blitz|p1b: Scream Tail
|-damage|p1b: Scream Tail|0 fnt
|faint|p1b: Scream Tail
|-end|p1b: Scream Tail|Protosynthesis|[silent]
|-damage|p2b: Koraidon|59/100|[from] Recoil
|-damage|p2b: Koraidon|49/100|[from] item: Life Orb
|move|p2a: Murkrow|Foul Play|p1a: Koraidon
|-resisted|p1a: Koraidon
|-damage|p1a: Koraidon|78/100
|
|-weather|SunnyDay|[upkeep]
|-start|p2b: Koraidon|perish1
|-start|p2a: Murkrow|perish1
|upkeep
|
|t:|1750848458
|switch|p1b: Gothitelle|Gothitelle, L50, F|100/100
|turn|4
|
|t:|1750848469
|move|p1b: Gothitelle|Fake Out|p2b: Koraidon
|-damage|p2b: Koraidon|44/100
|cant|p2b: Koraidon|flinch
|move|p2a: Murkrow|Foul Play|p1a: Koraidon
|-resisted|p1a: Koraidon
|-damage|p1a: Koraidon|57/100
|move|p1a: Koraidon|Flame Charge|p2a: Murkrow
|-damage|p2a: Murkrow|2/100
|-boost|p1a: Koraidon|spe|1
|-damage|p1a: Koraidon|47/100|[from] item: Life Orb
|
|-weather|SunnyDay|[upkeep]
|-start|p2b: Koraidon|perish0
|-start|p2a: Murkrow|perish0
|-sideend|p2: bonobobohemio|move: Tailwind
|upkeep
|faint|p2b: Koraidon
|faint|p2a: Murkrow
|
|t:|1750848475
|switch|p2b: Reshiram|Reshiram, L50, shiny|100/100
|switch|p2a: Indeedee|Indeedee-F, L50, F|100/100
|-ability|p2b: Reshiram|Turboblaze
|-fieldstart|move: Psychic Terrain|[from] ability: Psychic Surge|[of] p2a: Indeedee
|turn|5
|
|t:|1750848497
|move|p1a: Koraidon|Protect|p1a: Koraidon
|-singleturn|p1a: Koraidon|Protect
|move|p2b: Reshiram|Heat Wave|p1a: Koraidon|[spread] p1b
|-activate|p1a: Koraidon|move: Protect
|-damage|p1b: Gothitelle|58/100
|move|p1b: Gothitelle|Taunt|p2a: Indeedee
|-start|p2a: Indeedee|move: Taunt
|cant|p2a: Indeedee|move: Taunt|Trick Room
|
|-weather|none
|upkeep
|turn|6
|
|t:|1750848516
|move|p1a: Koraidon|Close Combat|p2b: Reshiram
|-crit|p2b: Reshiram
|-damage|p2b: Reshiram|0 fnt
|-unboost|p1a: Koraidon|def|1
|-unboost|p1a: Koraidon|spd|1
|faint|p2b: Reshiram
|-damage|p1a: Koraidon|37/100|[from] item: Life Orb
|move|p1b: Gothitelle|Psychic|p2a: Indeedee
|-resisted|p2a: Indeedee
|-damage|p2a: Indeedee|82/100
|-activate|p2a: Indeedee|move: Struggle
|move|p2a: Indeedee|Struggle|p1a: Koraidon
|-damage|p1a: Koraidon|29/100
|-damage|p2a: Indeedee|57/100|[from] recoil
|
|upkeep
|turn|7
|-message|bonobobohemio forfeited.
|
|win|haruto18062001
|raw|haruto18062001's rating: 1349 &rarr; <strong>1366</strong><br />(+17 for winning)
|raw|bonobobohemio's rating: 1302 &rarr; <strong>1285</strong><br />(-17 for losing)
|l|☆bonobobohemio
|player|p2|
|l|☆haruto18062001
|player|p1|
