|j|☆Pannawit12235
|j|☆an ooze
|t:|1750741638
|gametype|doubles
|player|p1|Pannawit12235|lass-gen4|1188
|player|p2|an ooze|linebacker|1298
|teamsize|p1|6
|teamsize|p2|6
|gen|9
|tier|[Gen 9] VGC 2025 Reg I
|rated|
|rule|Species Clause: Limit one of each Pokémon
|rule|Item Clause: Limit 1 of each item
|clearpoke
|poke|p1|Igglybuff, L50, F|
|poke|p1|Calyrex-Ice, L50|
|poke|p1|Miraidon, L50|
|poke|p1|Farigiraf, L50, F|
|poke|p1|Whimsicott, L50, M|
|poke|p1|Iron Hands, L50|
|poke|p2|Calyrex-Ice, L50|
|poke|p2|Miraidon, L50|
|poke|p2|Ursaluna, L50, M|
|poke|p2|Volcarona, L50, M|
|poke|p2|Grimmsnarl, L50, M|
|poke|p2|Iron Hands, L50|
|teampreview|4
|inactive|Battle timer is ON: inactive players will automatically lose when time's up. (requested by an ooze)
|inactive|an ooze has 60 seconds left.
|
|t:|1750741675
|start
|switch|p1a: Calyrex|Calyrex-Ice, L50|100/100
|switch|p1b: Igglybuff|Igglybuff, L50, F, shiny|100/100
|switch|p2a: Calyrex|Calyrex-Ice, L50|100/100
|switch|p2b: Grimmsnarl|Grimmsnarl, L50, M|100/100
|-ability|p2a: Calyrex|As One
|-ability|p2a: Calyrex|Unnerve
|-ability|p1a: Calyrex|As One
|-ability|p1a: Calyrex|Unnerve
|turn|1
|
|t:|1750741692
|move|p2b: Grimmsnarl|Reflect|p2b: Grimmsnarl
|-sidestart|p2: an ooze|Reflect
|move|p1b: Igglybuff|Disable|p2b: Grimmsnarl
|-start|p2b: Grimmsnarl|Disable|Reflect
|move|p2a: Calyrex|Trick Room|p2a: Calyrex
|-fieldstart|move: Trick Room|[of] p2a: Calyrex
|move|p1a: Calyrex|Trick Room|p1a: Calyrex
|-fieldend|move: Trick Room
|
|upkeep
|turn|2
|inactive|Pannawit12235 has 30 seconds left.
|inactive|an ooze has 30 seconds left.
|inactive|an ooze has 20 seconds left.
|inactive|an ooze has 15 seconds left.
|inactive|an ooze has 10 seconds left.
|
|t:|1750741741
|switch|p2b: Iron Hands|Iron Hands, L50|100/100
|move|p2a: Calyrex|Crunch|p1a: Calyrex
|-supereffective|p1a: Calyrex
|-damage|p1a: Calyrex|72/100
|move|p1b: Igglybuff|Endeavor|p2a: Calyrex
|-damage|p2a: Calyrex|81/100
|move|p1a: Calyrex|Trick Room|p1a: Calyrex
|-fieldstart|move: Trick Room|[of] p1a: Calyrex
|
|-heal|p2a: Calyrex|87/100|[from] item: Leftovers
|upkeep
|turn|3
|
|t:|1750741764
|move|p2b: Iron Hands|Fake Out|p1a: Calyrex
|-damage|p1a: Calyrex|65/100
|move|p1b: Igglybuff|Charm|p2b: Iron Hands
|-unboost|p2b: Iron Hands|atk|2
|cant|p1a: Calyrex|flinch
|move|p2a: Calyrex|Trick Room|p2a: Calyrex
|-fieldend|move: Trick Room
|
|-heal|p2a: Calyrex|93/100|[from] item: Leftovers
|upkeep
|turn|4
|
|t:|1750741781
|move|p2b: Iron Hands|Heavy Slam|p1b: Igglybuff
|-supereffective|p1b: Igglybuff
|-damage|p1b: Igglybuff|18/100
|move|p2a: Calyrex|Glacial Lance|p1b: Igglybuff|[spread] p1a,p1b
|-resisted|p1a: Calyrex
|-damage|p1a: Calyrex|52/100
|-damage|p1b: Igglybuff|0 fnt
|faint|p1b: Igglybuff
|-ability|p2a: Calyrex|Chilling Neigh|boost
|-boost|p2a: Calyrex|atk|1
|move|p1a: Calyrex|Trick Room|p1a: Calyrex
|-fieldstart|move: Trick Room|[of] p1a: Calyrex
|
|-heal|p2a: Calyrex|99/100|[from] item: Leftovers
|upkeep
|
|t:|1750741793
|switch|p1b: Iron Hands|Iron Hands, L50, shiny|100/100
|-enditem|p1b: Iron Hands|Booster Energy
|-activate|p1b: Iron Hands|ability: Quark Drive|[fromitem]
|-start|p1b: Iron Hands|quarkdriveatk
|turn|5
|
|t:|1750741806
|-end|p2b: Iron Hands|Quark Drive|[silent]
|switch|p2b: Ursaluna|Ursaluna, L50, M|100/100
|move|p2a: Calyrex|Protect|p2a: Calyrex
|-singleturn|p2a: Calyrex|Protect
|move|p1b: Iron Hands|Fake Out|p2a: Calyrex
|-activate|p2a: Calyrex|move: Protect
|move|p1a: Calyrex|High Horsepower|p2b: Ursaluna
|-damage|p2b: Ursaluna|80/100
|
|-heal|p2a: Calyrex|100/100|[from] item: Leftovers
|-status|p2b: Ursaluna|brn|[from] item: Flame Orb
|upkeep
|turn|6
|
|t:|1750741831
|-end|p1b: Iron Hands|Quark Drive|[silent]
|switch|p1b: Miraidon|Miraidon, L50|100/100
|-fieldstart|move: Electric Terrain|[from] ability: Hadron Engine|[of] p1b: Miraidon
|-terastallize|p2a: Calyrex|Water
|move|p2b: Ursaluna|Protect|p2b: Ursaluna
|-singleturn|p2b: Ursaluna|Protect
|move|p1a: Calyrex|Glacial Lance|p2b: Ursaluna|[spread] p2a
|-activate|p2b: Ursaluna|move: Protect
|-resisted|p2a: Calyrex
|-crit|p2a: Calyrex
|-damage|p2a: Calyrex|71/100
|move|p2a: Calyrex|Trick Room|p2a: Calyrex
|-fieldend|move: Trick Room
|
|-heal|p2a: Calyrex|77/100|[from] item: Leftovers
|-damage|p2b: Ursaluna|74/100 brn|[from] brn
|upkeep
|turn|7
|
|t:|1750741854
|switch|p2a: Iron Hands|Iron Hands, L50|100/100
|-activate|p2a: Iron Hands|ability: Quark Drive
|-start|p2a: Iron Hands|quarkdriveatk
|move|p1b: Miraidon|Electro Drift|p2a: Iron Hands
|-resisted|p2a: Iron Hands
|-damage|p2a: Iron Hands|64/100
|move|p2b: Ursaluna|Crunch|p1a: Calyrex
|-supereffective|p1a: Calyrex
|-crit|p1a: Calyrex
|-damage|p1a: Calyrex|0 fnt
|faint|p1a: Calyrex
|
|-damage|p2b: Ursaluna|68/100 brn|[from] brn
|upkeep
|
|t:|1750741860
|switch|p1a: Iron Hands|Iron Hands, L50, shiny|100/100
|-activate|p1a: Iron Hands|ability: Quark Drive
|-start|p1a: Iron Hands|quarkdriveatk
|turn|8
|-message|Pannawit12235 forfeited.
|
|win|an ooze
|raw|Pannawit12235's rating: 1188 &rarr; <strong>1171</strong><br />(-17 for losing)
|raw|an ooze's rating: 1298 &rarr; <strong>1315</strong><br />(+17 for winning)
|l|☆Pannawit12235
|player|p1|
|l|☆an ooze
|player|p2|
