|j|☆YeetingFoot
|j|☆spookypiplup
|t:|1750748332
|gametype|doubles
|player|p1|YeetingFoot|n|1375
|player|p2|spookypiplup|aquasuit|1304
|teamsize|p1|6
|teamsize|p2|6
|gen|9
|tier|[Gen 9] VGC 2025 Reg I
|rated|
|rule|Species Clause: Limit one of each Pokémon
|rule|Item Clause: Limit 1 of each item
|clearpoke
|poke|p1|Miraidon, L50|
|poke|p1|Calyrex-Ice, L50|
|poke|p1|Incineroar, L50, M|
|poke|p1|Ursaluna-Bloodmoon, L50, M|
|poke|p1|Whimsicott, L50, F|
|poke|p1|Ogerpon-Cornerstone, L50, F|
|poke|p2|Calyrex-Shadow, L50|
|poke|p2|Zamazenta-*, L50|
|poke|p2|Chien-Pao, L50|
|poke|p2|Raging Bolt, L50|
|poke|p2|Amoonguss, L50, F|
|poke|p2|Ting-Lu, L50|
|teampreview|4
|
|t:|1750748355
|start
|switch|p1a: Ursaluna|Ursaluna-Bloodmoon, L50, M|100/100
|switch|p1b: Whimsicott|Whimsicott, L50, F|100/100
|switch|p2a: Ting-Lu|Ting-Lu, L50|100/100
|switch|p2b: Chien-Pao|Chien-Pao, L50|100/100
|-ability|p2b: Chien-Pao|Sword of Ruin
|-ability|p2a: Ting-Lu|Vessel of Ruin
|turn|1
|
|t:|1750748376
|move|p1a: Ursaluna|Protect|p1a: Ursaluna
|-singleturn|p1a: Ursaluna|Protect
|move|p1b: Whimsicott|Tailwind|p1b: Whimsicott
|-sidestart|p1: YeetingFoot|move: Tailwind
|move|p2b: Chien-Pao|Ice Spinner|p1a: Ursaluna
|-activate|p1a: Ursaluna|move: Protect
|move|p2a: Ting-Lu|Snarl|p1b: Whimsicott|[spread] p1b
|-activate|p1a: Ursaluna|move: Protect
|-resisted|p1b: Whimsicott
|-damage|p1b: Whimsicott|95/100
|
|upkeep
|turn|2
|
|t:|1750748397
|move|p1b: Whimsicott|Moonblast|p2b: Chien-Pao
|-supereffective|p2b: Chien-Pao
|-damage|p2b: Chien-Pao|40/100
|move|p1a: Ursaluna|Hyper Voice|p2a: Ting-Lu|[spread] p2a,p2b
|-damage|p2a: Ting-Lu|80/100
|-damage|p2b: Chien-Pao|0 fnt
|faint|p2b: Chien-Pao
|-damage|p1a: Ursaluna|91/100|[from] item: Life Orb
|move|p2a: Ting-Lu|Sand Tomb|p1a: Ursaluna
|-damage|p1a: Ursaluna|78/100
|-activate|p1a: Ursaluna|move: Sand Tomb|[of] p2a: Ting-Lu
|
|-damage|p1a: Ursaluna|66/100|[from] move: Sand Tomb|[partiallytrapped]
|upkeep
|
|t:|1750748414
|switch|p2b: Zamazenta|Zamazenta-Crowned, L50|100/100
|-ability|p2b: Zamazenta|Dauntless Shield|boost
|-boost|p2b: Zamazenta|def|1
|turn|3
|
|t:|1750748435
|move|p2b: Zamazenta|Protect|p2b: Zamazenta
|-singleturn|p2b: Zamazenta|Protect
|move|p1b: Whimsicott|Light Screen|p1b: Whimsicott
|-sidestart|p1: YeetingFoot|move: Light Screen
|move|p1a: Ursaluna|Earth Power|p2b: Zamazenta
|-activate|p2b: Zamazenta|move: Protect
|move|p2a: Ting-Lu|Snarl|p1b: Whimsicott|[spread] p1a,p1b
|-resisted|p1b: Whimsicott
|-damage|p1a: Ursaluna|58/100
|-damage|p1b: Whimsicott|92/100
|-unboost|p1a: Ursaluna|spa|1
|
|-damage|p1a: Ursaluna|46/100|[from] move: Sand Tomb|[partiallytrapped]
|upkeep
|turn|4
|
|t:|1750748459
|-terastallize|p2b: Zamazenta|Grass
|move|p1b: Whimsicott|Encore|p2b: Zamazenta
|-start|p2b: Zamazenta|Encore
|move|p1a: Ursaluna|Earth Power|p2b: Zamazenta
|-resisted|p2b: Zamazenta
|-damage|p2b: Zamazenta|87/100
|-damage|p1a: Ursaluna|36/100|[from] item: Life Orb
|move|p2b: Zamazenta|Protect||[still]
|-fail|p2b: Zamazenta
|move|p2a: Ting-Lu|Snarl|p1b: Whimsicott|[spread] p1a,p1b
|-resisted|p1b: Whimsicott
|-damage|p1a: Ursaluna|29/100
|-damage|p1b: Whimsicott|89/100
|-unboost|p1a: Ursaluna|spa|1
|
|-damage|p1a: Ursaluna|16/100|[from] move: Sand Tomb|[partiallytrapped]
|-sideend|p1: YeetingFoot|move: Tailwind
|upkeep
|turn|5
|
|t:|1750748485
|switch|p1b: Calyrex|Calyrex-Ice, L50|100/100
|-ability|p1b: Calyrex|As One
|-ability|p1b: Calyrex|Unnerve
|move|p2b: Zamazenta|Protect|p2b: Zamazenta
|-singleturn|p2b: Zamazenta|Protect
|move|p1a: Ursaluna|Protect|p1a: Ursaluna
|-singleturn|p1a: Ursaluna|Protect
|move|p2a: Ting-Lu|Ruination|p1b: Calyrex
|-damage|p1b: Calyrex|51/100
|
|-damage|p1a: Ursaluna|4/100|[from] move: Sand Tomb|[partiallytrapped]
|upkeep
|turn|6
|
|t:|1750748527
|move|p2b: Zamazenta|Protect|p2b: Zamazenta
|-singleturn|p2b: Zamazenta|Protect
|move|p1a: Ursaluna|Blood Moon|p2b: Zamazenta
|-activate|p2b: Zamazenta|move: Protect
|move|p1b: Calyrex|Glacial Lance|p2b: Zamazenta|[spread] p2a
|-activate|p2b: Zamazenta|move: Protect
|-supereffective|p2a: Ting-Lu
|-damage|p2a: Ting-Lu|25/100
|move|p2a: Ting-Lu|Sand Tomb|p1b: Calyrex
|-damage|p1b: Calyrex|42/100
|-activate|p1b: Calyrex|move: Sand Tomb|[of] p2a: Ting-Lu
|
|-end|p1a: Ursaluna|Sand Tomb|[partiallytrapped]
|-damage|p1b: Calyrex|29/100|[from] move: Sand Tomb|[partiallytrapped]
|-end|p2b: Zamazenta|Encore
|upkeep
|turn|7
|
|t:|1750748572
|move|p2b: Zamazenta|Body Press|p1b: Calyrex
|-damage|p1b: Calyrex|0 fnt
|faint|p1b: Calyrex
|move|p1a: Ursaluna|Hyper Voice|p2a: Ting-Lu|[spread] p2a,p2b
|-damage|p2a: Ting-Lu|15/100
|-damage|p2b: Zamazenta|72/100
|-damage|p1a: Ursaluna|0 fnt|[from] item: Life Orb
|faint|p1a: Ursaluna
|move|p2a: Ting-Lu|Snarl|p1: Ursaluna|[notarget]
|-fail|p2a: Ting-Lu
|
|-sideend|p1: YeetingFoot|move: Light Screen
|upkeep
|
|t:|1750748584
|switch|p1a: Miraidon|Miraidon, L50|100/100
|switch|p1b: Whimsicott|Whimsicott, L50, F|89/100
|-fieldstart|move: Electric Terrain|[from] ability: Hadron Engine|[of] p1a: Miraidon
|turn|8
|
|t:|1750748605
|move|p2b: Zamazenta|Wide Guard|p2b: Zamazenta
|-singleturn|p2b: Zamazenta|Wide Guard
|move|p1b: Whimsicott|Moonblast|p2a: Ting-Lu
|-supereffective|p2a: Ting-Lu
|-damage|p2a: Ting-Lu|0 fnt
|faint|p2a: Ting-Lu
|move|p1a: Miraidon|Electro Drift|p2b: Zamazenta
|-resisted|p2b: Zamazenta
|-damage|p2b: Zamazenta|14/100
|
|upkeep
|
|t:|1750748613
|switch|p2a: Calyrex|Calyrex-Shadow, L50|100/100
|-ability|p2a: Calyrex|As One
|-ability|p2a: Calyrex|Unnerve
|turn|9
|
|t:|1750748632
|move|p1b: Whimsicott|Tailwind|p1b: Whimsicott
|-sidestart|p1: YeetingFoot|move: Tailwind
|move|p1a: Miraidon|Electro Drift|p2a: Calyrex
|-enditem|p2a: Calyrex|Focus Sash
|-damage|p2a: Calyrex|1/100
|move|p2a: Calyrex|Astral Barrage|p1a: Miraidon|[spread] p1a,p1b
|-crit|p1a: Miraidon
|-damage|p1a: Miraidon|36/100
|-damage|p1b: Whimsicott|19/100
|move|p2b: Zamazenta|Body Press|p1a: Miraidon
|-damage|p1a: Miraidon|0 fnt
|faint|p1a: Miraidon
|
|upkeep
|turn|10
|
|t:|1750748651
|move|p1b: Whimsicott|Moonblast|p2a: Calyrex
|-damage|p2a: Calyrex|0 fnt
|faint|p2a: Calyrex
|move|p2b: Zamazenta|Heavy Slam|p1b: Whimsicott
|-supereffective|p1b: Whimsicott
|-damage|p1b: Whimsicott|0 fnt
|faint|p1b: Whimsicott
|
|win|spookypiplup
|raw|YeetingFoot's rating: 1375 &rarr; <strong>1351</strong><br />(-24 for losing)
|raw|spookypiplup's rating: 1304 &rarr; <strong>1328</strong><br />(+24 for winning)
|l|☆YeetingFoot
|player|p1|
|l|☆spookypiplup
|player|p2|
