|j|☆natsuki aoya
|j|☆Jrdahn
|t:|1750837115
|gametype|doubles
|player|p1|natsuki aoya|erika|1286
|player|p2|Jrdahn|2|1343
|teamsize|p1|6
|teamsize|p2|6
|gen|9
|tier|[Gen 9] VGC 2025 Reg I
|rated|
|rule|Species Clause: Limit one of each Pokémon
|rule|Item Clause: Limit 1 of each item
|clearpoke
|poke|p1|Calyrex-Ice, L50|
|poke|p1|Kyogre, L50|
|poke|p1|Whimsicott, L50, F|
|poke|p1|Tsareena, L50, F|
|poke|p1|Raging Bolt, L50|
|poke|p1|Swampert, L50, M|
|poke|p2|Miraidon, L50|
|poke|p2|Landorus, L50, M|
|poke|p2|Incineroar, L50, F|
|poke|p2|Volcarona, L50, F|
|poke|p2|Terapagos, L50, M|
|poke|p2|Whimsicott, L50, M|
|teampreview|4
|inactive|Battle timer is ON: inactive players will automatically lose when time's up. (requested by natsuki aoya)
|
|t:|1750837144
|start
|switch|p1a: Tsareena|Tsareena, L50, F|100/100
|switch|p1b: Whimsicott|Whimsicott, L50, F|100/100
|switch|p2a: Miraidon|Miraidon, L50|100/100
|switch|p2b: Volcarona|Volcarona, L50, F|100/100
|-fieldstart|move: Electric Terrain|[from] ability: Hadron Engine|[of] p2a: Miraidon
|turn|1
|inactive|natsuki aoya has 30 seconds left.
|inactive|Jrdahn has 30 seconds left.
|
|t:|1750837179
|switch|p1a: Swampert|Swampert, L50, M|100/100
|move|p2a: Miraidon|Volt Switch|p1a: Swampert
|-immune|p1a: Swampert
|move|p2b: Volcarona|Fiery Dance|p1a: Swampert
|-resisted|p1a: Swampert
|-damage|p1a: Swampert|83/100
|-boost|p2b: Volcarona|spa|1
|move|p1b: Whimsicott|Trick Room|p1b: Whimsicott
|-fieldstart|move: Trick Room|[of] p1b: Whimsicott
|
|upkeep
|turn|2
|inactive|natsuki aoya has 30 seconds left.
|
|t:|1750837206
|switch|p1b: Tsareena|Tsareena, L50, F|100/100
|switch|p2a: Landorus|Landorus, L50, M|100/100
|-terastallize|p2b: Volcarona|Grass
|move|p1a: Swampert|Liquidation|p2b: Volcarona
|-resisted|p2b: Volcarona
|-damage|p2b: Volcarona|79/100
|-damage|p1a: Swampert|67/100|[from] item: Rocky Helmet|[of] p2b: Volcarona
|move|p2b: Volcarona|Giga Drain|p1a: Swampert
|-supereffective|p1a: Swampert
|-damage|p1a: Swampert|0 fnt
|-heal|p2b: Volcarona|100/100|[from] drain|[of] p1a: Swampert
|faint|p1a: Swampert
|
|upkeep
|
|t:|1750837222
|switch|p1a: Kyogre|Kyogre, L50|100/100
|-weather|RainDance|[from] ability: Drizzle|[of] p1a: Kyogre
|turn|3
|
|t:|1750837236
|-terastallize|p1a: Kyogre|Water
|move|p2a: Landorus|Protect|p2a: Landorus
|-singleturn|p2a: Landorus|Protect
|move|p1a: Kyogre|Water Spout|p2a: Landorus|[spread] p2b
|-activate|p2a: Landorus|move: Protect
|-resisted|p2b: Volcarona
|-damage|p2b: Volcarona|6/100
|move|p1b: Tsareena|High Jump Kick|p2b: Volcarona
|-damage|p2b: Volcarona|0 fnt
|-damage|p1b: Tsareena|84/100|[from] item: Rocky Helmet|[of] p2b: Volcarona
|faint|p2b: Volcarona
|
|-weather|RainDance|[upkeep]
|upkeep
|
|t:|1750837252
|switch|p2b: Terapagos|Terapagos, L50, M|100/100
|-activate|p2b: Terapagos|ability: Tera Shift
|detailschange|p2b: Terapagos|Terapagos-Terastal, L50, M
|-heal|p2b: Terapagos|100/100|[silent]
|turn|4
|
|t:|1750837269
|move|p1a: Kyogre|Water Spout|p2b: Terapagos|[spread] p2a,p2b
|-supereffective|p2a: Landorus
|-activate|p2b: Terapagos|ability: Tera Shell
|-resisted|p2b: Terapagos
|-damage|p2a: Landorus|0 fnt
|-damage|p2b: Terapagos|8/100
|faint|p2a: Landorus
|move|p1b: Tsareena|High Jump Kick|p2b: Terapagos
|-supereffective|p2b: Terapagos
|-damage|p2b: Terapagos|0 fnt
|faint|p2b: Terapagos
|
|-weather|RainDance|[upkeep]
|upkeep
|
|t:|1750837274
|switch|p2b: Miraidon|Miraidon, L50|100/100
|-activate|p2b: Miraidon|ability: Hadron Engine
|turn|5
|
|t:|1750837284
|switch|p1a: Whimsicott|Whimsicott, L50, F|100/100
|move|p1b: Tsareena|Triple Axel|p2b: Miraidon
|-supereffective|p2b: Miraidon
|-damage|p2b: Miraidon|86/100
|-supereffective|p2b: Miraidon
|-damage|p2b: Miraidon|60/100
|-supereffective|p2b: Miraidon
|-damage|p2b: Miraidon|23/100
|-hitcount|p2b: Miraidon|3
|move|p2b: Miraidon|Electro Drift|p1a: Whimsicott
|-resisted|p1a: Whimsicott
|-damage|p1a: Whimsicott|32/100
|
|-weather|RainDance|[upkeep]
|-fieldend|move: Trick Room
|-fieldend|move: Electric Terrain
|upkeep
|turn|6
|
|t:|1750837299
|move|p2b: Miraidon|Electro Drift|p1b: Tsareena
|-resisted|p1b: Tsareena
|-damage|p1b: Tsareena|47/100
|move|p1b: Tsareena|Triple Axel|p2b: Miraidon
|-supereffective|p2b: Miraidon
|-damage|p2b: Miraidon|8/100
|-supereffective|p2b: Miraidon
|-damage|p2b: Miraidon|0 fnt
|faint|p2b: Miraidon
|-hitcount|p2: Miraidon|2
|
|win|natsuki aoya
|raw|natsuki aoya's rating: 1286 &rarr; <strong>1315</strong><br />(+29 for winning)
|raw|Jrdahn's rating: 1343 &rarr; <strong>1320</strong><br />(-23 for losing)
|l|☆Jrdahn
|player|p2|
