|j|☆dibz10
|j|☆notspocko
|t:|1750740525
|gametype|doubles
|player|p1|dibz10|101|1188
|player|p2|notspocko|boarder|1220
|teamsize|p1|6
|teamsize|p2|6
|gen|9
|tier|[Gen 9] VGC 2025 Reg I
|rated|
|rule|Species Clause: Limit one of each Pokémon
|rule|Item Clause: Limit 1 of each item
|clearpoke
|poke|p1|Miraidon, L50|
|poke|p1|Zamazenta-*, L50|
|poke|p1|Iron Hands, L50|
|poke|p1|Chien-Pao, L50|
|poke|p1|Urshifu-*, L50, M|
|poke|p1|Whimsicott, L50, M|
|poke|p2|Koraidon, L50|
|poke|p2|Sneasler, L50, F|
|poke|p2|Lunala, L50|
|poke|p2|Brute Bonnet, L50|
|poke|p2|Incineroar, L50, M|
|poke|p2|Weezing-Galar, L50, M|
|teampreview|4
|inactive|Battle timer is ON: inactive players will automatically lose when time's up. (requested by notspocko)
|
|t:|1750740564
|start
|switch|p1a: Whimsicott|Whimsicott, L50, M|100/100
|switch|p1b: Zamazenta|Zamazenta-Crowned, L50|100/100
|switch|p2a: Sneasler|Sneasler, L50, F|100/100
|switch|p2b: Lunala|Lunala, L50|100/100
|-ability|p1b: Zamazenta|Dauntless Shield|boost
|-boost|p1b: Zamazenta|def|1
|turn|1
|
|t:|1750740588
|move|p1b: Zamazenta|Protect|p1b: Zamazenta
|-singleturn|p1b: Zamazenta|Protect
|move|p1a: Whimsicott|Tailwind|p1a: Whimsicott
|-sidestart|p1: dibz10|move: Tailwind
|move|p2a: Sneasler|Dire Claw|p1a: Whimsicott
|-supereffective|p1a: Whimsicott
|-damage|p1a: Whimsicott|0 fnt
|faint|p1a: Whimsicott
|move|p2b: Lunala|Meteor Beam||[still]
|-prepare|p2b: Lunala|Meteor Beam
|-boost|p2b: Lunala|spa|1
|-enditem|p2b: Lunala|Power Herb
|-anim|p2b: Lunala|Meteor Beam|p1b: Zamazenta
|-activate|p1b: Zamazenta|move: Protect
|
|upkeep
|
|t:|1750740605
|switch|p1a: Chien-Pao|Chien-Pao, L50|100/100
|-ability|p1a: Chien-Pao|Sword of Ruin
|turn|2
|
|t:|1750740625
|switch|p2a: Weezing|Weezing-Galar, L50, M|100/100
|-fieldstart|move: Misty Terrain|[from] ability: Misty Surge|[of] p2a: Weezing
|-terastallize|p1b: Zamazenta|Ghost
|move|p1a: Chien-Pao|Protect|p1a: Chien-Pao
|-singleturn|p1a: Chien-Pao|Protect
|move|p1b: Zamazenta|Heavy Slam|p2b: Lunala
|-damage|p2b: Lunala|73/100
|move|p2b: Lunala|Moongeist Beam|p1a: Chien-Pao
|-activate|p1a: Chien-Pao|move: Protect
|
|upkeep
|turn|3
|
|t:|1750740646
|move|p2b: Lunala|Protect|p2b: Lunala
|-singleturn|p2b: Lunala|Protect
|move|p1a: Chien-Pao|Crunch|p2b: Lunala
|-activate|p2b: Lunala|move: Protect
|move|p1b: Zamazenta|Heavy Slam|p2a: Weezing
|-supereffective|p2a: Weezing
|-damage|p2a: Weezing|0 fnt
|faint|p2a: Weezing
|
|upkeep
|
|t:|1750740661
|switch|p2a: Sneasler|Sneasler, L50, F|100/100
|turn|4
|inactive|dibz10 has 30 seconds left.
|inactive|dibz10 has 20 seconds left.
|
|t:|1750740705
|move|p1a: Chien-Pao|Protect|p1a: Chien-Pao
|-singleturn|p1a: Chien-Pao|Protect
|move|p1b: Zamazenta|Protect|p1b: Zamazenta
|-singleturn|p1b: Zamazenta|Protect
|move|p2a: Sneasler|Fake Out|p1a: Chien-Pao
|-activate|p1a: Chien-Pao|move: Protect
|move|p2b: Lunala|Moongeist Beam|p1b: Zamazenta
|-activate|p1b: Zamazenta|move: Protect
|
|-sideend|p1: dibz10|move: Tailwind
|upkeep
|turn|5
|inactive|dibz10 has 30 seconds left.
|inactive|notspocko has 30 seconds left.
|
|t:|1750740737
|move|p2b: Lunala|Protect|p2b: Lunala
|-singleturn|p2b: Lunala|Protect
|move|p1a: Chien-Pao|Crunch|p2b: Lunala
|-activate|p2b: Lunala|move: Protect
|move|p1b: Zamazenta|Body Press|p2a: Sneasler
|-resisted|p2a: Sneasler
|-damage|p2a: Sneasler|22/100
|move|p2a: Sneasler|Dire Claw|p1a: Chien-Pao
|-damage|p1a: Chien-Pao|42/100
|
|upkeep
|turn|6
|inactive|notspocko has 30 seconds left.
|inactive|notspocko has 20 seconds left.
|inactive|notspocko has 15 seconds left.
|
|t:|1750740780
|-terastallize|p2b: Lunala|Normal
|move|p1a: Chien-Pao|Crunch|p2b: Lunala
|-damage|p2b: Lunala|29/100
|move|p1b: Zamazenta|Body Press|p2a: Sneasler
|-resisted|p2a: Sneasler
|-damage|p2a: Sneasler|0 fnt
|faint|p2a: Sneasler
|move|p2b: Lunala|Moongeist Beam|p1b: Zamazenta
|-supereffective|p1b: Zamazenta
|-damage|p1b: Zamazenta|0 fnt
|faint|p1b: Zamazenta
|
|-fieldend|Misty Terrain
|upkeep
|
|t:|1750740794
|switch|p1b: Miraidon|Miraidon, L50|100/100
|switch|p2a: Koraidon|Koraidon, L50|100/100
|-fieldstart|move: Electric Terrain|[from] ability: Hadron Engine|[of] p1b: Miraidon
|-weather|SunnyDay|[from] ability: Orichalcum Pulse|[of] p2a: Koraidon
|-activate|p2a: Koraidon|Orichalcum Pulse|[source]
|turn|7
|
|t:|1750740810
|move|p2b: Lunala|Protect|p2b: Lunala
|-singleturn|p2b: Lunala|Protect
|move|p1b: Miraidon|Dazzling Gleam|p2b: Lunala|[spread] p2a
|-activate|p2b: Lunala|move: Protect
|-supereffective|p2a: Koraidon
|-damage|p2a: Koraidon|0 fnt
|faint|p2a: Koraidon
|move|p1a: Chien-Pao|Icicle Crash|p2b: Lunala
|-activate|p2b: Lunala|move: Protect
|
|-weather|SunnyDay|[upkeep]
|upkeep
|turn|8
|-message|notspocko forfeited.
|
|win|dibz10
|raw|dibz10's rating: 1188 &rarr; <strong>1215</strong><br />(+27 for winning)
|raw|notspocko's rating: 1220 &rarr; <strong>1193</strong><br />(-27 for losing)
|l|☆notspocko
|player|p2|
|l|☆dibz10
|player|p1|
