|j|☆BrDilas
|j|☆Nihilego2105
|t:|1750738621
|gametype|doubles
|player|p1|BrDilas|benga|1437
|player|p2|Nihilego2105|169|1572
|teamsize|p1|6
|teamsize|p2|6
|gen|9
|tier|[Gen 9] VGC 2025 Reg I
|rated|
|rule|Species Clause: Limit one of each Pokémon
|rule|Item Clause: Limit 1 of each item
|clearpoke
|poke|p1|Calyrex-Shadow, L50|
|poke|p1|Zamazenta-*, L50|
|poke|p1|Urshifu-*, L50, M|
|poke|p1|Whimsicott, L50, M|
|poke|p1|Clefairy, L50, M|
|poke|p1|Rillaboom, L50, F|
|poke|p2|Miraidon, L50|
|poke|p2|Groudon, L50|
|poke|p2|Volcarona, L50, M|
|poke|p2|Incineroar, L50, M|
|poke|p2|Chien-Pao, L50|
|poke|p2|Amoonguss, L50, M|
|teampreview|4
|inactive|Battle timer is ON: inactive players will automatically lose when time's up. (requested by BrDilas)
|inactive|BrDilas has 60 seconds left.
|inactive|Nihilego2105 has 60 seconds left.
|inactive|BrDilas has 30 seconds left.
|
|t:|1750738691
|start
|switch|p1a: Calyrex|Calyrex-Shadow, L50|100/100
|switch|p1b: Rillaboom|Rillaboom, L50, F|100/100
|switch|p2a: Miraidon|Miraidon, L50|100/100
|switch|p2b: Volcarona|Volcarona, L50, M|100/100
|-ability|p1a: Calyrex|As One
|-ability|p1a: Calyrex|Unnerve
|-fieldstart|move: Electric Terrain|[from] ability: Hadron Engine|[of] p2a: Miraidon
|-enditem|p2b: Volcarona|Electric Seed
|-boost|p2b: Volcarona|def|1|[from] item: Electric Seed
|-fieldstart|move: Grassy Terrain|[from] ability: Grassy Surge|[of] p1b: Rillaboom
|turn|1
|inactive|Nihilego2105 has 30 seconds left.
|inactive|Nihilego2105 has 20 seconds left.
|inactive|Nihilego2105 has 15 seconds left.
|inactive|Nihilego2105 has 10 seconds left.
|
|t:|1750738738
|switch|p2a: Incineroar|Incineroar, L50, M|100/100
|-ability|p2a: Incineroar|Intimidate|boost
|-unboost|p1a: Calyrex|atk|1
|-unboost|p1b: Rillaboom|atk|1
|move|p1b: Rillaboom|Fake Out|p2a: Incineroar
|-crit|p2a: Incineroar
|-damage|p2a: Incineroar|83/100
|move|p1a: Calyrex|Astral Barrage|p2a: Incineroar|[spread] p2a,p2b
|-resisted|p2a: Incineroar
|-damage|p2a: Incineroar|63/100
|-damage|p2b: Volcarona|50/100
|move|p2b: Volcarona|Quiver Dance|p2b: Volcarona
|-boost|p2b: Volcarona|spa|1
|-boost|p2b: Volcarona|spd|1
|-boost|p2b: Volcarona|spe|1
|
|-heal|p2b: Volcarona|55/100|[from] Grassy Terrain
|-heal|p2a: Incineroar|69/100|[from] Grassy Terrain
|upkeep
|turn|2
|inactive|BrDilas has 30 seconds left.
|inactive|Nihilego2105 has 30 seconds left.
|
|t:|1750738772
|-terastallize|p2b: Volcarona|Grass
|move|p1a: Calyrex|Astral Barrage|p2b: Volcarona|[spread] p2a,p2b
|-resisted|p2a: Incineroar
|-damage|p2a: Incineroar|51/100
|-damage|p2b: Volcarona|24/100
|move|p2b: Volcarona|Giga Drain|p1a: Calyrex
|-damage|p1a: Calyrex|35/100
|-heal|p2b: Volcarona|53/100|[from] drain|[of] p1a: Calyrex
|move|p1b: Rillaboom|U-turn|p2a: Incineroar
|-damage|p2a: Incineroar|39/100
|
|t:|1750738782
|switch|p1b: Zamazenta|Zamazenta-Crowned, L50|100/100|[from] U-turn
|-ability|p1b: Zamazenta|Dauntless Shield|boost
|-boost|p1b: Zamazenta|def|1
|move|p2a: Incineroar|Parting Shot|p1b: Zamazenta
|-unboost|p1b: Zamazenta|atk|1
|-unboost|p1b: Zamazenta|spa|1
|
|t:|1750738791
|switch|p2a: Miraidon|Miraidon, L50|100/100|[from] Parting Shot
|-fieldstart|move: Electric Terrain|[from] ability: Hadron Engine|[of] p2a: Miraidon
|
|upkeep
|turn|3
|inactive|Nihilego2105 has 30 seconds left.
|inactive|Nihilego2105 has 20 seconds left.
|
|t:|1750738827
|switch|p1b: Rillaboom|Rillaboom, L50, F|100/100
|-fieldstart|move: Grassy Terrain|[from] ability: Grassy Surge|[of] p1b: Rillaboom
|move|p2b: Volcarona|Protect|p2b: Volcarona
|-singleturn|p2b: Volcarona|Protect
|move|p2a: Miraidon|Volt Switch|p1a: Calyrex
|-damage|p1a: Calyrex|0 fnt
|faint|p1a: Calyrex
|
|t:|1750738845
|switch|p2a: Incineroar|Incineroar, L50, M|39/100|[from] Volt Switch
|-enditem|p2a: Incineroar|Sitrus Berry|[eat]
|-heal|p2a: Incineroar|64/100|[from] item: Sitrus Berry
|-ability|p2a: Incineroar|Intimidate|boost
|-unboost|p1b: Rillaboom|atk|1
|
|-heal|p2b: Volcarona|59/100|[from] Grassy Terrain
|-heal|p2a: Incineroar|70/100|[from] Grassy Terrain
|upkeep
|
|t:|1750738851
|switch|p1a: Zamazenta|Zamazenta-Crowned, L50|100/100
|turn|4
|inactive|BrDilas has 30 seconds left.
|
|t:|1750738876
|move|p2a: Incineroar|Fake Out|p1a: Zamazenta
|-resisted|p1a: Zamazenta
|-damage|p1a: Zamazenta|97/100
|move|p2b: Volcarona|Fiery Dance|p1b: Rillaboom
|-supereffective|p1b: Rillaboom
|-damage|p1b: Rillaboom|39/100
|cant|p1a: Zamazenta|flinch
|move|p1b: Rillaboom|U-turn|p2b: Volcarona
|-supereffective|p2b: Volcarona
|-crit|p2b: Volcarona
|-damage|p2b: Volcarona|0 fnt
|faint|p2b: Volcarona
|
|t:|1750738891
|switch|p1b: Urshifu|Urshifu-Rapid-Strike, L50, M|100/100|[from] U-turn
|
|-heal|p1a: Zamazenta|100/100|[from] Grassy Terrain
|-heal|p2a: Incineroar|76/100|[from] Grassy Terrain
|upkeep
|
|t:|1750738898
|switch|p2b: Amoonguss|Amoonguss, L50, M|100/100
|turn|5
|inactive|BrDilas has 30 seconds left.
|inactive|Nihilego2105 has 30 seconds left.
|
|t:|1750738925
|move|p1b: Urshifu|U-turn|p2a: Incineroar
|-damage|p2a: Incineroar|54/100
|
|t:|1750738929
|switch|p1b: Rillaboom|Rillaboom, L50, F|39/100|[from] U-turn
|move|p1a: Zamazenta|Body Press|p2a: Incineroar
|-supereffective|p2a: Incineroar
|-damage|p2a: Incineroar|0 fnt
|faint|p2a: Incineroar
|move|p2b: Amoonguss|Spore|p1b: Rillaboom
|-immune|p1b: Rillaboom
|
|-heal|p1b: Rillaboom|45/100|[from] Grassy Terrain
|upkeep
|
|t:|1750738931
|switch|p2a: Miraidon|Miraidon, L50|100/100
|-fieldstart|move: Electric Terrain|[from] ability: Hadron Engine|[of] p2a: Miraidon
|turn|6
|-message|Nihilego2105 forfeited.
|
|win|BrDilas
|raw|BrDilas's rating: 1437 &rarr; <strong>1464</strong><br />(+27 for winning)
|raw|Nihilego2105's rating: 1572 &rarr; <strong>1545</strong><br />(-27 for losing)
|l|☆Nihilego2105
|player|p2|
|l|☆BrDilas
|player|p1|
