|j|☆Whatsaquip
|j|☆xxf0rtn1teg0dxx
|t:|1750781917
|gametype|doubles
|player|p1|Whatsaquip|waiter-gen4dp|1056
|player|p2|xxf0rtn1teg0dxx|1|1138
|teamsize|p1|6
|teamsize|p2|6
|gen|9
|tier|[Gen 9] VGC 2025 Reg I
|rated|
|rule|Species Clause: Limit one of each Pokémon
|rule|Item Clause: Limit 1 of each item
|clearpoke
|poke|p1|Zekrom, L50|
|poke|p1|Porygon-Z, L50|
|poke|p1|Zamazenta-*, L50|
|poke|p1|Zapdos, L50|
|poke|p1|Zangoose, L50, F|
|poke|p1|Zoroark-Hisui, L50, F|
|poke|p2|Miraidon, L50|
|poke|p2|Calyrex-Ice, L50|
|poke|p2|Urshifu-*, L50, M|
|poke|p2|Grimmsnarl, L50, M|
|poke|p2|Landorus, L50, M|
|poke|p2|Incineroar, L50, F|
|teampreview|4
|
|t:|1750781960
|start
|switch|p1a: Porygon-Z|Porygon-Z, L50, shiny|100/100
|switch|p1b: Zapdos|Zapdos, L50|100/100
|switch|p2a: Miraidon|Miraidon, L50|100/100
|switch|p2b: Grimmsnarl|Grimmsnarl, L50, M|100/100
|-fieldstart|move: Electric Terrain|[from] ability: Hadron Engine|[of] p2a: Miraidon
|turn|1
|inactive|Battle timer is ON: inactive players will automatically lose when time's up. (requested by xxf0rtn1teg0dxx)
|
|t:|1750781983
|-terastallize|p1a: Porygon-Z|Fairy
|move|p2b: Grimmsnarl|Light Screen|p2b: Grimmsnarl
|-sidestart|p2: xxf0rtn1teg0dxx|move: Light Screen
|move|p1a: Porygon-Z|Tera Blast|p2a: Miraidon|[anim] Tera Blast Fairy
|-supereffective|p2a: Miraidon
|-damage|p2a: Miraidon|35/100
|move|p2a: Miraidon|Electro Drift|p1a: Porygon-Z
|-damage|p1a: Porygon-Z|0 fnt
|faint|p1a: Porygon-Z
|move|p1b: Zapdos|Tailwind|p1b: Zapdos
|-sidestart|p1: Whatsaquip|move: Tailwind
|
|upkeep
|
|t:|1750781998
|switch|p1a: Zekrom|Zekrom, L50|100/100
|-ability|p1a: Zekrom|Teravolt
|turn|2
|inactive|Whatsaquip has 30 seconds left.
|inactive|Whatsaquip has 20 seconds left.
|inactive|Whatsaquip has 15 seconds left.
|inactive|Whatsaquip has 10 seconds left.
|inactive|Whatsaquip has 5 seconds left.
|
|t:|1750782048
|switch|p2a: Incineroar|Incineroar, L50, F|100/100
|-ability|p2a: Incineroar|Intimidate|boost
|-unboost|p1a: Zekrom|atk|1
|-unboost|p1b: Zapdos|atk|1
|move|p1b: Zapdos|Heat Wave|p2b: Grimmsnarl|[spread] p2a,p2b
|-resisted|p2a: Incineroar
|-damage|p2a: Incineroar|96/100
|-damage|p2b: Grimmsnarl|86/100
|move|p1a: Zekrom|Fusion Bolt|p2b: Grimmsnarl
|-damage|p2b: Grimmsnarl|34/100
|move|p2b: Grimmsnarl|Spirit Break|p1a: Zekrom
|-supereffective|p1a: Zekrom
|-damage|p1a: Zekrom|50/100
|-unboost|p1a: Zekrom|spa|1
|
|upkeep
|turn|3
|inactive|xxf0rtn1teg0dxx has 30 seconds left.
|
|t:|1750782077
|move|p2a: Incineroar|Fake Out|p1a: Zekrom
|-damage|p1a: Zekrom|41/100
|move|p1b: Zapdos|Thunderbolt|p2b: Grimmsnarl
|-damage|p2b: Grimmsnarl|9/100
|-status|p2b: Grimmsnarl|par
|cant|p1a: Zekrom|flinch
|cant|p2b: Grimmsnarl|par
|
|upkeep
|turn|4
|inactive|xxf0rtn1teg0dxx has 30 seconds left.
|inactive|xxf0rtn1teg0dxx has 20 seconds left.
|
|t:|1750782114
|move|p1b: Zapdos|Thunderbolt|p2b: Grimmsnarl
|-damage|p2b: Grimmsnarl|0 fnt
|faint|p2b: Grimmsnarl
|move|p1a: Zekrom|Fusion Bolt|p2a: Incineroar
|-damage|p2a: Incineroar|56/100
|move|p2a: Incineroar|Flare Blitz|p1a: Zekrom
|-resisted|p1a: Zekrom
|-damage|p1a: Zekrom|21/100
|-damage|p2a: Incineroar|50/100|[from] Recoil
|
|-sideend|p1: Whatsaquip|move: Tailwind
|upkeep
|
|t:|1750782126
|switch|p2b: Miraidon|Miraidon, L50|35/100
|-activate|p2b: Miraidon|ability: Hadron Engine
|turn|5
|
|t:|1750782140
|move|p2b: Miraidon|Electro Drift|p1b: Zapdos
|-damage|p1b: Zapdos|0 fnt
|faint|p1b: Zapdos
|move|p1a: Zekrom|Breaking Swipe|p2a: Incineroar|[spread] p2a,p2b
|-supereffective|p2b: Miraidon
|-damage|p2a: Incineroar|37/100
|-damage|p2b: Miraidon|0 fnt
|-unboost|p2a: Incineroar|atk|1
|faint|p2b: Miraidon
|move|p2a: Incineroar|U-turn|p1a: Zekrom
|-damage|p1a: Zekrom|9/100
|
|t:|1750782144
|switch|p2a: Calyrex|Calyrex-Ice, L50|100/100|[from] U-turn
|-ability|p2a: Calyrex|As One
|-ability|p2a: Calyrex|Unnerve
|
|-fieldend|move: Electric Terrain
|upkeep
|
|t:|1750782158
|switch|p2b: Incineroar|Incineroar, L50, F|37/100
|switch|p1b: Zamazenta|Zamazenta-Crowned, L50|100/100
|-ability|p1b: Zamazenta|Dauntless Shield|boost
|-boost|p1b: Zamazenta|def|1
|-ability|p2b: Incineroar|Intimidate|boost
|-unboost|p1a: Zekrom|atk|1
|-unboost|p1b: Zamazenta|atk|1
|turn|6
|
|t:|1750782179
|move|p2b: Incineroar|Fake Out|p1b: Zamazenta
|-resisted|p1b: Zamazenta
|-damage|p1b: Zamazenta|98/100
|cant|p1b: Zamazenta|flinch
|move|p1a: Zekrom|Breaking Swipe|p2a: Calyrex|[spread] p2a,p2b
|-crit|p2a: Calyrex
|-crit|p2b: Incineroar
|-damage|p2a: Calyrex|79/100
|-damage|p2b: Incineroar|8/100
|-unboost|p2a: Calyrex|atk|1
|-unboost|p2b: Incineroar|atk|1
|move|p2a: Calyrex|Trick Room|p2a: Calyrex
|-fieldstart|move: Trick Room|[of] p2a: Calyrex
|
|-heal|p2a: Calyrex|85/100|[from] item: Leftovers
|upkeep
|turn|7
|
|t:|1750782204
|move|p2a: Calyrex|Leech Seed|p1b: Zamazenta
|-start|p1b: Zamazenta|move: Leech Seed
|move|p2b: Incineroar|Knock Off|p1a: Zekrom
|-damage|p1a: Zekrom|0 fnt
|-enditem|p1a: Zekrom|Assault Vest|[from] move: Knock Off|[of] p2b: Incineroar
|faint|p1a: Zekrom
|move|p1b: Zamazenta|Body Press|p2b: Incineroar
|-supereffective|p2b: Incineroar
|-damage|p2b: Incineroar|0 fnt
|faint|p2b: Incineroar
|
|-heal|p2a: Calyrex|90/100|[from] item: Leftovers
|-damage|p1b: Zamazenta|86/100|[from] Leech Seed|[of] p2a: Calyrex
|-heal|p2a: Calyrex|100/100|[silent]
|upkeep
|turn|8
|
|t:|1750782219
|move|p2a: Calyrex|Protect|p2a: Calyrex
|-singleturn|p2a: Calyrex|Protect
|move|p1b: Zamazenta|Iron Defense|p1b: Zamazenta
|-boost|p1b: Zamazenta|def|2
|
|-damage|p1b: Zamazenta|73/100|[from] Leech Seed|[of] p2a: Calyrex
|-sideend|p2: xxf0rtn1teg0dxx|move: Light Screen
|upkeep
|turn|9
|
|t:|1750782229
|move|p2a: Calyrex|Glacial Lance|p1b: Zamazenta
|-resisted|p1b: Zamazenta
|-damage|p1b: Zamazenta|68/100
|move|p1b: Zamazenta|Body Press|p2a: Calyrex
|-damage|p2a: Calyrex|40/100
|
|-heal|p2a: Calyrex|45/100|[from] item: Leftovers
|-damage|p1b: Zamazenta|56/100|[from] Leech Seed|[of] p2a: Calyrex
|-heal|p2a: Calyrex|56/100|[silent]
|upkeep
|turn|10
|
|t:|1750782239
|move|p2a: Calyrex|Protect|p2a: Calyrex
|-singleturn|p2a: Calyrex|Protect
|move|p1b: Zamazenta|Iron Defense|p1b: Zamazenta
|-boost|p1b: Zamazenta|def|2
|
|-heal|p2a: Calyrex|62/100|[from] item: Leftovers
|-damage|p1b: Zamazenta|43/100|[from] Leech Seed|[of] p2a: Calyrex
|-heal|p2a: Calyrex|72/100|[silent]
|-fieldend|move: Trick Room
|upkeep
|turn|11
|
|t:|1750782252
|move|p1b: Zamazenta|Body Press|p2a: Calyrex
|-damage|p2a: Calyrex|0 fnt
|faint|p2a: Calyrex
|
|win|Whatsaquip
|raw|Whatsaquip's rating: 1056 &rarr; <strong>1095</strong><br />(+39 for winning)
|raw|xxf0rtn1teg0dxx's rating: 1138 &rarr; <strong>1107</strong><br />(-31 for losing)
|l|☆Whatsaquip
|player|p1|
|l|☆xxf0rtn1teg0dxx
|player|p2|
