|j|☆Abl6y
|j|☆pavlower
|t:|1750807536
|gametype|doubles
|player|p1|Abl6y|swimmer-gen4dp|1289
|player|p2|pavlower|acetrainerf-gen4dp|1259
|teamsize|p1|6
|teamsize|p2|6
|gen|9
|tier|[Gen 9] VGC 2025 Reg I
|rated|
|rule|Species Clause: Limit one of each Pokémon
|rule|Item Clause: Limit 1 of each item
|clearpoke
|poke|p1|Incineroar, L50, M|
|poke|p1|Urshifu-*, L50, F|
|poke|p1|Miraidon, L50|
|poke|p1|Calyrex-Ice, L50|
|poke|p1|Landorus, L50, M|
|poke|p1|Iron Hands, L50|
|poke|p2|Calyrex-Ice, L50|
|poke|p2|Kyogre, L50|
|poke|p2|Whimsicott, L50, M|
|poke|p2|Breloom, L50, M|
|poke|p2|Glimmora, L50, F|
|poke|p2|Volcarona, L50, F|
|teampreview|4
|inactive|Battle timer is ON: inactive players will automatically lose when time's up. (requested by pavlower)
|inactive|Abl6y also wants the timer to be on.
|inactive|pavlower has 60 seconds left.
|inactive|Abl6y has 60 seconds left.
|
|t:|1750807603
|start
|switch|p1a: Miraidon|Miraidon, L50|100/100
|switch|p1b: Iron Hands|Iron Hands, L50|100/100
|switch|p2a: Calyrex|Calyrex-Ice, L50|100/100
|switch|p2b: Glimmora|Glimmora, L50, F|100/100
|-ability|p2a: Calyrex|As One
|-ability|p2a: Calyrex|Unnerve
|-fieldstart|move: Electric Terrain|[from] ability: Hadron Engine|[of] p1a: Miraidon
|-activate|p1b: Iron Hands|ability: Quark Drive
|-start|p1b: Iron Hands|quarkdriveatk
|turn|1
|
|t:|1750807628
|move|p2a: Calyrex|Protect|p2a: Calyrex
|-singleturn|p2a: Calyrex|Protect
|move|p1b: Iron Hands|Fake Out|p2a: Calyrex
|-activate|p2a: Calyrex|move: Protect
|move|p1a: Miraidon|Volt Switch|p2a: Calyrex
|-activate|p2a: Calyrex|move: Protect
|move|p2b: Glimmora|Meteor Beam||[still]
|-prepare|p2b: Glimmora|Meteor Beam
|-boost|p2b: Glimmora|spa|1
|-enditem|p2b: Glimmora|Power Herb
|-anim|p2b: Glimmora|Meteor Beam|p1a: Miraidon|[miss]
|-miss|p2b: Glimmora|p1a: Miraidon
|
|upkeep
|turn|2
|
|t:|1750807650
|-terastallize|p2a: Calyrex|Fire
|move|p1a: Miraidon|Volt Switch|p2a: Calyrex
|-damage|p2a: Calyrex|43/100
|
|t:|1750807655
|switch|p1a: Calyrex|Calyrex-Ice, L50|100/100|[from] Volt Switch
|-ability|p1a: Calyrex|As One
|-ability|p1a: Calyrex|Unnerve
|move|p2b: Glimmora|Earth Power|p1b: Iron Hands
|-supereffective|p1b: Iron Hands
|-damage|p1b: Iron Hands|49/100
|move|p1b: Iron Hands|Drain Punch|p2b: Glimmora
|-damage|p2b: Glimmora|45/100
|-heal|p1b: Iron Hands|71/100|[from] drain|[of] p2b: Glimmora
|-activate|p2b: Glimmora|ability: Toxic Debris
|-sidestart|p1: Abl6y|move: Toxic Spikes
|move|p2a: Calyrex|Trick Room|p2a: Calyrex
|-fieldstart|move: Trick Room|[of] p2a: Calyrex
|
|upkeep
|turn|3
|
|t:|1750807678
|move|p2a: Calyrex|Protect|p2a: Calyrex
|-singleturn|p2a: Calyrex|Protect
|move|p1a: Calyrex|High Horsepower|p2a: Calyrex
|-activate|p2a: Calyrex|move: Protect
|move|p1b: Iron Hands|Drain Punch|p2b: Glimmora
|-damage|p2b: Glimmora|0 fnt
|-heal|p1b: Iron Hands|89/100|[from] drain|[of] p2b: Glimmora
|-activate|p2b: Glimmora|ability: Toxic Debris
|-sidestart|p1: Abl6y|move: Toxic Spikes
|faint|p2b: Glimmora
|
|upkeep
|
|t:|1750807691
|switch|p2b: Kyogre|Kyogre, L50|100/100
|-weather|RainDance|[from] ability: Drizzle|[of] p2b: Kyogre
|turn|4
|
|t:|1750807702
|move|p2b: Kyogre|Protect|p2b: Kyogre
|-singleturn|p2b: Kyogre|Protect
|move|p1a: Calyrex|High Horsepower|p2a: Calyrex
|-supereffective|p2a: Calyrex
|-crit|p2a: Calyrex
|-damage|p2a: Calyrex|0 fnt
|faint|p2a: Calyrex
|-ability|p1a: Calyrex|Chilling Neigh|boost
|-boost|p1a: Calyrex|atk|1
|move|p1b: Iron Hands|Wild Charge|p2b: Kyogre
|-activate|p2b: Kyogre|move: Protect
|
|-weather|RainDance|[upkeep]
|upkeep
|
|t:|1750807720
|switch|p2a: Breloom|Breloom, L50, M|100/100
|turn|5
|
|t:|1750807735
|move|p1a: Calyrex|Glacial Lance|p2b: Kyogre|[spread] p2a,p2b
|-supereffective|p2a: Breloom
|-resisted|p2b: Kyogre
|-damage|p2a: Breloom|0 fnt
|-damage|p2b: Kyogre|56/100
|faint|p2a: Breloom
|-ability|p1a: Calyrex|Chilling Neigh|boost
|-boost|p1a: Calyrex|atk|1
|move|p1b: Iron Hands|Low Kick|p2b: Kyogre
|-damage|p2b: Kyogre|0 fnt
|faint|p2b: Kyogre
|
|win|Abl6y
|raw|Abl6y's rating: 1289 &rarr; <strong>1312</strong><br />(+23 for winning)
|raw|pavlower's rating: 1259 &rarr; <strong>1236</strong><br />(-23 for losing)
|l|☆pavlower
|player|p2|
|l|☆Abl6y
|player|p1|
