|j|☆Caleb092997
|j|☆Dakimakura69
|t:|1750875981
|gametype|doubles
|player|p1|Caleb092997|266|1320
|player|p2|Dakimakura69|cynthia|1489
|teamsize|p1|6
|teamsize|p2|6
|gen|9
|tier|[Gen 9] VGC 2025 Reg I
|rated|
|rule|Species Clause: Limit one of each Pokémon
|rule|Item Clause: Limit 1 of each item
|clearpoke
|poke|p1|Calyrex-Shadow, L50|
|poke|p1|Ho-Oh, L50|
|poke|p1|Grimmsnarl, L50, M|
|poke|p1|Gastrodon, L50, F|
|poke|p1|Rillaboom, L50, M|
|poke|p1|Sandy Shocks, L50|
|poke|p2|Lunala, L50|
|poke|p2|Koraidon, L50|
|poke|p2|Flutter Mane, L50|
|poke|p2|Indeedee-F, L50, F|
|poke|p2|Ogerpon-Cornerstone, L50, F|
|poke|p2|Chi-Yu, L50|
|teampreview|4
|c|☆Dakimakura69|HELLO :O
|c|☆Dakimakura69|what is dis
|inactive|Battle timer is ON: inactive players will automatically lose when time's up. (requested by Caleb092997)
Dakimakura69 rejected open team sheets.
|c|☆Dakimakura69|no clue what to lead into this!
|inactive|Caleb092997 has 60 seconds left.
|inactive|Dakimakura69 has 60 seconds left.
|
|t:|1750876039
|start
|switch|p1a: Ho-Oh|Ho-Oh, L50|100/100
|switch|p1b: Grimmsnarl|Grimmsnarl, L50, M|100/100
|switch|p2a: Koraidon|Koraidon, L50|100/100
|switch|p2b: Flutter Mane|Flutter Mane, L50|100/100
|-weather|SunnyDay|[from] ability: Orichalcum Pulse|[of] p2a: Koraidon
|-activate|p2b: Flutter Mane|ability: Protosynthesis
|-start|p2b: Flutter Mane|protosynthesisspe
|-activate|p2a: Koraidon|Orichalcum Pulse|[source]
|turn|1
|inactive|Caleb092997 has 30 seconds left.
|inactive|Dakimakura69 has 30 seconds left.
|inactive|Dakimakura69 has 20 seconds left.
|inactive|Dakimakura69 has 15 seconds left.
|
|t:|1750876080
|-terastallize|p2a: Koraidon|Fire
|move|p1b: Grimmsnarl|Fake Out|p2a: Koraidon
|-damage|p2a: Koraidon|90/100
|move|p2b: Flutter Mane|Icy Wind|p1a: Ho-Oh|[spread] p1a,p1b
|-damage|p1a: Ho-Oh|93/100
|-damage|p1b: Grimmsnarl|86/100
|-unboost|p1b: Grimmsnarl|spe|1
|cant|p2a: Koraidon|flinch
|move|p1a: Ho-Oh|Sacred Fire|p2b: Flutter Mane
|-enditem|p2b: Flutter Mane|Focus Sash
|-damage|p2b: Flutter Mane|1/100
|
|-weather|SunnyDay|[upkeep]
|upkeep
|turn|2
|inactive|Caleb092997 has 30 seconds left.
|inactive|Dakimakura69 has 30 seconds left.
|
|t:|1750876112
|move|p1b: Grimmsnarl|Reflect|p1b: Grimmsnarl
|-sidestart|p1: Caleb092997|Reflect
|move|p2b: Flutter Mane|Moonblast|p1b: Grimmsnarl
|-supereffective|p1b: Grimmsnarl
|-damage|p1b: Grimmsnarl|0 fnt
|faint|p1b: Grimmsnarl
|move|p2a: Koraidon|Flare Blitz|p1a: Ho-Oh
|-resisted|p1a: Ho-Oh
|-damage|p1a: Ho-Oh|52/100
|-damage|p2a: Koraidon|74/100|[from] Recoil
|-damage|p2a: Koraidon|65/100|[from] item: Life Orb
|move|p1a: Ho-Oh|Brave Bird|p2a: Koraidon
|-damage|p2a: Koraidon|18/100
|-damage|p1a: Ho-Oh|39/100|[from] Recoil
|
|-weather|SunnyDay|[upkeep]
|upkeep
|
|t:|1750876135
|switch|p1b: Calyrex|Calyrex-Shadow, L50|100/100
|-ability|p1b: Calyrex|As One
|-ability|p1b: Calyrex|Unnerve
|turn|3
|
|t:|1750876147
|move|p1b: Calyrex|Protect|p1b: Calyrex
|-singleturn|p1b: Calyrex|Protect
|move|p2b: Flutter Mane|Icy Wind|p1b: Calyrex|[spread] p1a
|-activate|p1b: Calyrex|move: Protect
|-damage|p1a: Ho-Oh|30/100
|move|p2a: Koraidon|Flare Blitz|p1b: Calyrex
|-activate|p1b: Calyrex|move: Protect
|move|p1a: Ho-Oh|Tailwind|p1a: Ho-Oh
|-sidestart|p1: Caleb092997|move: Tailwind
|
|-weather|SunnyDay|[upkeep]
|upkeep
|turn|4
|
|t:|1750876168
|switch|p1a: Sandy Shocks|Sandy Shocks, L50|100/100
|-activate|p1a: Sandy Shocks|ability: Protosynthesis
|-start|p1a: Sandy Shocks|protosynthesisspe
|move|p2b: Flutter Mane|Protect|p2b: Flutter Mane
|-singleturn|p2b: Flutter Mane|Protect
|move|p2a: Koraidon|Protect|p2a: Koraidon
|-singleturn|p2a: Koraidon|Protect
|move|p1b: Calyrex|Astral Barrage|p2b: Flutter Mane|[spread] 
|-activate|p2a: Koraidon|move: Protect
|-activate|p2b: Flutter Mane|move: Protect
|
|-weather|SunnyDay|[upkeep]
|upkeep
|turn|5
|inactive|Dakimakura69 has 30 seconds left.
|
|t:|1750876197
|-end|p1a: Sandy Shocks|Protosynthesis|[silent]
|switch|p1a: Ho-Oh|Ho-Oh, L50|63/100
|move|p1b: Calyrex|Astral Barrage|p2b: Flutter Mane|[spread] p2a,p2b
|-supereffective|p2b: Flutter Mane
|-damage|p2a: Koraidon|0 fnt
|-damage|p2b: Flutter Mane|0 fnt
|faint|p2a: Koraidon
|faint|p2b: Flutter Mane
|-end|p2b: Flutter Mane|Protosynthesis|[silent]
|-ability|p1b: Calyrex|Grim Neigh|boost
|-boost|p1b: Calyrex|spa|2
|
|-weather|none
|upkeep
|
|t:|1750876204
|switch|p2b: Lunala|Lunala, L50|100/100
|switch|p2a: Ogerpon|Ogerpon-Cornerstone, L50, F|100/100
|turn|6
|
|t:|1750876218
|move|p1b: Calyrex|Protect|p1b: Calyrex
|-singleturn|p1b: Calyrex|Protect
|move|p2a: Ogerpon|Spiky Shield|p2a: Ogerpon
|-singleturn|p2a: Ogerpon|move: Protect
|move|p2b: Lunala|Protect|p2b: Lunala
|-singleturn|p2b: Lunala|Protect
|move|p1a: Ho-Oh|Sacred Fire|p2a: Ogerpon
|-activate|p2a: Ogerpon|move: Protect
|
|-sideend|p1: Caleb092997|move: Tailwind
|upkeep
|turn|7
|inactive|Dakimakura69 has 30 seconds left.
|
|t:|1750876244
|-terastallize|p1b: Calyrex|Dark
|move|p1b: Calyrex|Nasty Plot|p1b: Calyrex
|-boost|p1b: Calyrex|spa|2
|move|p2a: Ogerpon|Ivy Cudgel|p1a: Ho-Oh|[anim] Ivy Cudgel Rock
|-supereffective|p1a: Ho-Oh
|-damage|p1a: Ho-Oh|0 fnt
|faint|p1a: Ho-Oh
|move|p2b: Lunala|Moongeist Beam|p1b: Calyrex
|-resisted|p1b: Calyrex
|-damage|p1b: Calyrex|77/100
|
|upkeep
|
|t:|1750876253
|switch|p1a: Sandy Shocks|Sandy Shocks, L50|100/100
|-enditem|p1a: Sandy Shocks|Booster Energy
|-activate|p1a: Sandy Shocks|ability: Protosynthesis|[fromitem]
|-start|p1a: Sandy Shocks|protosynthesisspe
|turn|8
|inactive|Dakimakura69 has 30 seconds left.
|
|t:|1750876283
|move|p1b: Calyrex|Protect|p1b: Calyrex
|-singleturn|p1b: Calyrex|Protect
|move|p2a: Ogerpon|Spiky Shield|p2a: Ogerpon
|-singleturn|p2a: Ogerpon|move: Protect
|move|p2b: Lunala|Protect|p2b: Lunala
|-singleturn|p2b: Lunala|Protect
|move|p1a: Sandy Shocks|Earth Power|p2b: Lunala
|-activate|p2b: Lunala|move: Protect
|
|upkeep
|turn|9
|inactive|Dakimakura69 has 30 seconds left.
|
|t:|1750876312
|move|p1a: Sandy Shocks|Earth Power|p2b: Lunala
|-damage|p2b: Lunala|85/100
|move|p1b: Calyrex|Astral Barrage|p2a: Ogerpon|[spread] p2a,p2b
|-supereffective|p2b: Lunala
|-ability|p2a: Ogerpon|Sturdy
|-damage|p2a: Ogerpon|1/100
|-damage|p2b: Lunala|0 fnt
|faint|p2b: Lunala
|-ability|p1b: Calyrex|Grim Neigh|boost
|-boost|p1b: Calyrex|spa|1
|move|p2a: Ogerpon|Ivy Cudgel|p1b: Calyrex|[anim] Ivy Cudgel Rock
|-damage|p1b: Calyrex|36/100
|-enditem|p1b: Calyrex|Sitrus Berry|[eat]
|-heal|p1b: Calyrex|61/100|[from] item: Sitrus Berry
|
|-sideend|p1: Caleb092997|Reflect
|upkeep
|turn|10
|
|t:|1750876337
|move|p1a: Sandy Shocks|Flash Cannon|p2a: Ogerpon
|-supereffective|p2a: Ogerpon
|-damage|p2a: Ogerpon|0 fnt
|faint|p2a: Ogerpon
|
|win|Caleb092997
|raw|Caleb092997's rating: 1320 &rarr; <strong>1349</strong><br />(+29 for winning)
|raw|Dakimakura69's rating: 1489 &rarr; <strong>1460</strong><br />(-29 for losing)
|l|☆Dakimakura69
|player|p2|
|l|☆Caleb092997
|player|p1|
