|j|☆SilverSnowDrop
|j|☆Draco Distorted
|t:|1750786219
|gametype|doubles
|player|p1|SilverSnowDrop|170|1329
|player|p2|Draco Distorted|hugh|1319
|teamsize|p1|6
|teamsize|p2|6
|gen|9
|tier|[Gen 9] VGC 2025 Reg I
|rated|
|rule|Species Clause: Limit one of each Pokémon
|rule|Item Clause: Limit 1 of each item
|clearpoke
|poke|p1|Amoonguss, L50, M|
|poke|p1|Calyrex-Shadow, L50|
|poke|p1|Indeedee-F, L50, F|
|poke|p1|Incineroar, L50, F|
|poke|p1|Raging Bolt, L50|
|poke|p1|Koraidon, L50|
|poke|p2|Miraidon, L50|
|poke|p2|Iron Hands, L50|
|poke|p2|Koraidon, L50|
|poke|p2|Flutter Mane, L50|
|poke|p2|Chi-Yu, L50|
|poke|p2|Farigiraf, L50, M|
|teampreview|4
|
|t:|1750786249
|start
|switch|p1a: Raging Bolt|Raging Bolt, L50|100/100
|switch|p1b: Amoonguss|Amoonguss, L50, M|100/100
|switch|p2a: Fade|Flutter Mane, L50|100/100
|switch|p2b: FEEESH|Chi-Yu, L50|100/100
|-ability|p2b: FEEESH|Beads of Ruin
|-enditem|p2a: Fade|Booster Energy
|-activate|p2a: Fade|ability: Protosynthesis|[fromitem]
|-start|p2a: Fade|protosynthesisspe
|turn|1
|
|t:|1750786276
|-terastallize|p2b: FEEESH|Grass
|-terastallize|p1a: Raging Bolt|Electric
|move|p2a: Fade|Moonblast|p1a: Raging Bolt
|-crit|p1a: Raging Bolt
|-damage|p1a: Raging Bolt|56/100
|move|p2b: FEEESH|Overheat|p1b: Amoonguss
|-supereffective|p1b: Amoonguss
|-damage|p1b: Amoonguss|0 fnt
|-unboost|p2b: FEEESH|spa|2
|faint|p1b: Amoonguss
|move|p1a: Raging Bolt|Thunderbolt|p2b: FEEESH
|-resisted|p2b: FEEESH
|-damage|p2b: FEEESH|68/100
|
|upkeep
|
|t:|1750786286
|switch|p1b: Calyrex|Calyrex-Shadow, L50|100/100
|-ability|p1b: Calyrex|As One
|-ability|p1b: Calyrex|Unnerve
|turn|2
|
|t:|1750786292
|move|p1a: Raging Bolt|Thunderclap|p2a: Fade
|-crit|p2a: Fade
|-damage|p2a: Fade|10/100
|move|p2a: Fade|Icy Wind|p1b: Calyrex|[spread] p1a,p1b
|-damage|p1a: Raging Bolt|46/100
|-damage|p1b: Calyrex|84/100
|-unboost|p1a: Raging Bolt|spe|1
|-unboost|p1b: Calyrex|spe|1
|move|p2b: FEEESH|Snarl|p1a: Raging Bolt|[spread] p1a,p1b
|-supereffective|p1b: Calyrex
|-damage|p1a: Raging Bolt|39/100
|-damage|p1b: Calyrex|23/100
|-unboost|p1a: Raging Bolt|spa|1
|-unboost|p1b: Calyrex|spa|1
|move|p1b: Calyrex|Astral Barrage|p2b: FEEESH|[spread] p2a,p2b
|-supereffective|p2a: Fade
|-crit|p2a: Fade
|-damage|p2a: Fade|0 fnt
|-damage|p2b: FEEESH|32/100
|faint|p2a: Fade
|-end|p2a: Fade|Protosynthesis|[silent]
|-ability|p1b: Calyrex|Grim Neigh|boost
|-boost|p1b: Calyrex|spa|1
|
|upkeep
|
|t:|1750786306
|switch|p2a: Primal|Koraidon, L50|100/100
|-weather|SunnyDay|[from] ability: Orichalcum Pulse|[of] p2a: Primal
|-activate|p1a: Raging Bolt|ability: Protosynthesis
|-start|p1a: Raging Bolt|protosynthesisspa
|-activate|p2a: Primal|Orichalcum Pulse|[source]
|turn|3
|
|t:|1750786322
|switch|p1b: Koraidon|Koraidon, L50|100/100
|-activate|p1b: Koraidon|ability: Orichalcum Pulse
|move|p2a: Primal|Protect|p2a: Primal
|-singleturn|p2a: Primal|Protect
|move|p1a: Raging Bolt|Thunderclap|p2b: FEEESH
|-resisted|p2b: FEEESH
|-damage|p2b: FEEESH|9/100
|move|p2b: FEEESH|Snarl|p1a: Raging Bolt|[spread] p1a,p1b
|-resisted|p1b: Koraidon
|-damage|p1a: Raging Bolt|31/100
|-damage|p1b: Koraidon|93/100
|-unboost|p1a: Raging Bolt|spa|1
|
|-weather|SunnyDay|[upkeep]
|upkeep
|turn|4
|
|t:|1750786339
|switch|p2b: Steven|Iron Hands, L50|100/100
|move|p2a: Primal|Close Combat|p1b: Koraidon
|-damage|p1b: Koraidon|0 fnt
|-unboost|p2a: Primal|def|1
|-unboost|p2a: Primal|spd|1
|faint|p1b: Koraidon
|-damage|p2a: Primal|91/100|[from] item: Life Orb
|move|p1a: Raging Bolt|Draco Meteor|p2a: Primal
|-supereffective|p2a: Primal
|-damage|p2a: Primal|0 fnt
|-unboost|p1a: Raging Bolt|spa|2
|faint|p2a: Primal
|
|-weather|SunnyDay|[upkeep]
|upkeep
|
|t:|1750786349
|switch|p2a: FEEESH|Chi-Yu, L50, tera:Grass|9/100
|switch|p1b: Calyrex|Calyrex-Shadow, L50|23/100
|-ability|p1b: Calyrex|As One
|-ability|p1b: Calyrex|Unnerve
|-ability|p2a: FEEESH|Beads of Ruin
|turn|5
|
|t:|1750786362
|move|p1b: Calyrex|Protect|p1b: Calyrex
|-singleturn|p1b: Calyrex|Protect
|move|p1a: Raging Bolt|Thunderclap||[still]
|-fail|p1a: Raging Bolt
|move|p2a: FEEESH|Will-O-Wisp|p1a: Raging Bolt
|-status|p1a: Raging Bolt|brn
|move|p2b: Steven|Wild Charge|p1b: Calyrex
|-activate|p1b: Calyrex|move: Protect
|
|-weather|SunnyDay|[upkeep]
|-damage|p1a: Raging Bolt|25/100 brn|[from] brn
|upkeep
|turn|6
|
|t:|1750786374
|move|p1a: Raging Bolt|Thunderclap||[still]
|-fail|p1a: Raging Bolt
|move|p1b: Calyrex|Expanding Force|p2b: Steven
|-supereffective|p2b: Steven
|-damage|p2b: Steven|27/100
|move|p2a: FEEESH|Will-O-Wisp|p1b: Calyrex
|-status|p1b: Calyrex|brn
|move|p2b: Steven|Wild Charge|p1b: Calyrex
|-damage|p1b: Calyrex|0 fnt
|faint|p1b: Calyrex
|-damage|p2b: Steven|23/100|[from] Recoil
|
|-weather|SunnyDay|[upkeep]
|-damage|p1a: Raging Bolt|19/100 brn|[from] brn
|upkeep
|turn|7
|
|t:|1750786388
|move|p1a: Raging Bolt|Thunderclap|p2b: Steven
|-resisted|p2b: Steven
|-damage|p2b: Steven|15/100
|move|p2a: FEEESH|Heat Wave|p1a: Raging Bolt
|-damage|p1a: Raging Bolt|0 fnt
|faint|p1a: Raging Bolt
|-end|p1a: Raging Bolt|Protosynthesis|[silent]
|
|win|Draco Distorted
|raw|SilverSnowDrop's rating: 1329 &rarr; <strong>1308</strong><br />(-21 for losing)
|raw|Draco Distorted's rating: 1319 &rarr; <strong>1340</strong><br />(+21 for winning)
|l|☆SilverSnowDrop
|player|p1|
