|j|☆phoenix of rage
|j|☆Marcel113
|t:|1750855848
|gametype|doubles
|player|p1|phoenix of rage|birdkeeper-gen4dp|1497
|player|p2|Marcel113|266|1395
|teamsize|p1|6
|teamsize|p2|6
|gen|9
|tier|[Gen 9] VGC 2025 Reg I
|rated|
|rule|Species Clause: Limit one of each Pokémon
|rule|Item Clause: Limit 1 of each item
|clearpoke
|poke|p1|Kyogre, L50|
|poke|p1|Archaludon, L50, M|
|poke|p1|Miraidon, L50|
|poke|p1|Farigiraf, L50, M|
|poke|p1|Flutter Mane, L50|
|poke|p1|Pelipper, L50, F|
|poke|p2|Miraidon, L50|
|poke|p2|Incineroar, L50, F|
|poke|p2|Primarina, L50, M|
|poke|p2|Gothitelle, L50, M|
|poke|p2|Landorus, L50, M|
|poke|p2|Calyrex-Ice, L50|
|teampreview|4
|inactive|Battle timer is ON: inactive players will automatically lose when time's up. (requested by phoenix of rage)
Marcel113 has agreed to open team sheets.
|inactive|phoenix of rage has 60 seconds left.
|
|t:|1750855889
|start
|switch|p1a: Farigiraf|Farigiraf, L50, M|100/100
|switch|p1b: Kyogre|Kyogre, L50|100/100
|switch|p2a: Gothitelle|Gothitelle, L50, M|100/100
|switch|p2b: Miraidon|Miraidon, L50|100/100
|-fieldstart|move: Electric Terrain|[from] ability: Hadron Engine|[of] p2b: Miraidon
|-enditem|p1a: Farigiraf|Electric Seed
|-boost|p1a: Farigiraf|def|1|[from] item: Electric Seed
|-weather|RainDance|[from] ability: Drizzle|[of] p1b: Kyogre
|turn|1
|
|t:|1750855908
|move|p1a: Farigiraf|Helping Hand|p1b: Kyogre
|-singleturn|p1b: Kyogre|Helping Hand|[of] p1a: Farigiraf
|move|p2b: Miraidon|Electro Drift|p1b: Kyogre
|-supereffective|p1b: Kyogre
|-damage|p1b: Kyogre|0 fnt
|faint|p1b: Kyogre
|move|p2a: Gothitelle|Taunt|p1a: Farigiraf
|-start|p1a: Farigiraf|move: Taunt
|
|-weather|RainDance|[upkeep]
|upkeep
|
|t:|1750855922
|switch|p1b: Miraidon|Miraidon, L50|100/100
|-activate|p1b: Miraidon|ability: Hadron Engine
|turn|2
|
|t:|1750855935
|switch|p2a: Calyrex|Calyrex-Ice, L50|100/100
|-ability|p2a: Calyrex|As One
|-ability|p2a: Calyrex|Unnerve
|-terastallize|p1b: Miraidon|Fairy
|-terastallize|p2b: Miraidon|Fairy
|move|p1b: Miraidon|Dazzling Gleam|p2a: Calyrex|[spread] p2a,p2b
|-damage|p2a: Calyrex|55/100
|-damage|p2b: Miraidon|52/100
|move|p2b: Miraidon|Electro Drift|p1a: Farigiraf
|-damage|p1a: Farigiraf|0 fnt
|faint|p1a: Farigiraf
|
|-weather|RainDance|[upkeep]
|upkeep
|
|t:|1750855951
|switch|p1a: Archaludon|Archaludon, L50, M|100/100
|turn|3
|
|t:|1750855965
|switch|p2b: Gothitelle|Gothitelle, L50, M|100/100
|move|p1a: Archaludon|Electro Shot||[still]
|-prepare|p1a: Archaludon|Electro Shot
|-boost|p1a: Archaludon|spa|1
|-anim|p1a: Archaludon|Electro Shot|p2b: Gothitelle
|-damage|p2b: Gothitelle|36/100
|move|p1b: Miraidon|Dazzling Gleam|p2a: Calyrex|[spread] p2a,p2b
|-damage|p2a: Calyrex|10/100
|-damage|p2b: Gothitelle|0 fnt
|faint|p2b: Gothitelle
|move|p2a: Calyrex|Glacial Lance|p1b: Miraidon|[spread] p1a,p1b
|-damage|p1a: Archaludon|20/100
|-damage|p1b: Miraidon|15/100
|
|-weather|RainDance|[upkeep]
|upkeep
|
|t:|1750855980
|switch|p2b: Primarina|Primarina, L50, M|100/100
|turn|4
|
|t:|1750856004
|move|p1a: Archaludon|Electro Shot||[still]
|-prepare|p1a: Archaludon|Electro Shot
|-boost|p1a: Archaludon|spa|1
|-anim|p1a: Archaludon|Electro Shot|p2b: Primarina
|-supereffective|p2b: Primarina
|-damage|p2b: Primarina|0 fnt
|faint|p2b: Primarina
|move|p1b: Miraidon|Dazzling Gleam|p2a: Calyrex
|-damage|p2a: Calyrex|0 fnt
|faint|p2a: Calyrex
|
|-weather|RainDance|[upkeep]
|upkeep
|
|t:|1750856017
|switch|p2a: Miraidon|Miraidon, L50, tera:Fairy|52/100
|-activate|p2a: Miraidon|ability: Hadron Engine
|turn|5
|
|t:|1750856024
|move|p1a: Archaludon|Electro Shot||[still]
|-prepare|p1a: Archaludon|Electro Shot
|-boost|p1a: Archaludon|spa|1
|-anim|p1a: Archaludon|Electro Shot|p2a: Miraidon
|-damage|p2a: Miraidon|0 fnt
|faint|p2a: Miraidon
|
|win|phoenix of rage
|raw|phoenix of rage's rating: 1497 &rarr; <strong>1511</strong><br />(+14 for winning)
|raw|Marcel113's rating: 1395 &rarr; <strong>1381</strong><br />(-14 for losing)
