|j|☆Yugi wit da hoodie
|j|☆Sheldrom
|html|<table width="100%"><tr><td align="left">Yugi wit da hoodie</td><td align="right">Sheldrom</tr><tr><td align="left"><i class="fa fa-circle-o"></i> <i class="fa fa-circle-o"></i> </td><td align="right"><i class="fa fa-circle-o"></i> <i class="fa fa-circle-o"></i> </tr></table>
|uhtml|bestof|<h2><strong>Game 1</strong> of <a href="/game-bestof3-gen9vgc2025regi-2391158380">a best-of-3</a></h2>
|t:|1750809851
|gametype|doubles
|player|p1|Yugi wit da hoodie|265|
|player|p2|Sheldrom|caitlin|
|teamsize|p1|6
|teamsize|p2|6
|gen|9
|tier|[Gen 9] VGC 2025 Reg I
|rule|Species Clause: Limit one of each Pokémon
|rule|Item Clause: Limit 1 of each item
|raw|<div class="infobox"><details class="readmore" open><summary><strong>1 custom rule:</strong></summary> Best of = 3</details></div>
|clearpoke
|poke|p1|Terapagos, L50, M|
|poke|p1|Ogerpon-Cornerstone, L50, F|
|poke|p1|Regidrago, L50|
|poke|p1|Tinkaton, L50, F|
|poke|p1|Hitmontop, L50, M|
|poke|p1|Salazzle, L50, F|
|poke|p2|Calyrex-Ice, L50|
|poke|p2|Sylveon, L50, F|
|poke|p2|Dondozo, L50, F|
|poke|p2|Tatsugiri, L50, F|
|poke|p2|Porygon2, L50|
|poke|p2|Toedscruel, L50, M|
|teampreview|4
|j| WindyEng
Sheldrom rejected open team sheets.
|j| MaxwellH
|j| dolphinsfan254
|j| CocoRush
|
|t:|1750809947
|start
|switch|p1a: Smaug|Regidrago, L50|100/100
|switch|p1b: Tinkaton|Tinkaton, L50, F|100/100
|switch|p2a: Jellyfish|Toedscruel, L50, M, shiny|100/100
|switch|p2b: Horse|Calyrex-Ice, L50|100/100
|-ability|p2b: Horse|As One
|-ability|p2b: Horse|Unnerve
|-ability|p1b: Tinkaton|Mold Breaker
|turn|1
|c| CocoRush|!!!!
|c| dolphinsfan254|Playoff time let's goooo
|
|t:|1750810012
|move|p2b: Horse|Protect|p2b: Horse
|-singleturn|p2b: Horse|Protect
|move|p1a: Smaug|Dragon Energy|p2a: Jellyfish|[spread] p2a
|-activate|p2b: Horse|move: Protect
|-damage|p2a: Jellyfish|26/100
|-damage|p1a: Smaug|91/100|[from] item: Life Orb
|move|p1b: Tinkaton|Gigaton Hammer|p2b: Horse
|-activate|p2b: Horse|move: Protect
|move|p2a: Jellyfish|Spore|p1a: Smaug
|-status|p1a: Smaug|slp|[from] move: Spore
|
|upkeep
|turn|2
|l| CocoRush
|j| MaxwellBeerSquad
|
|t:|1750810047
|switch|p2a: Duck|Porygon2, L50, shiny|100/100
|-ability|p2a: Duck|Download|boost
|-boost|p2a: Duck|atk|1
|cant|p1a: Smaug|slp
|move|p1b: Tinkaton|Knock Off|p2a: Duck
|-crit|p2a: Duck
|-damage|p2a: Duck|83/100
|-enditem|p2a: Duck|Eviolite|[from] move: Knock Off|[of] p1b: Tinkaton
|move|p2b: Horse|Leech Seed|p1b: Tinkaton
|-start|p1b: Tinkaton|move: Leech Seed
|
|-damage|p1b: Tinkaton|88/100|[from] Leech Seed|[of] p2b: Horse
|upkeep
|turn|3
|c| dolphinsfan254|The squad is here
|c| dolphinsfan254|The infamous leech seed ice rider is here
|c|☆Yugi wit da hoodie|the new meta
|j| CocoRush
|
|t:|1750810097
|cant|p1a: Smaug|slp
|move|p1b: Tinkaton|Knock Off|p2b: Horse
|-supereffective|p2b: Horse
|-damage|p2b: Horse|75/100
|-enditem|p2b: Horse|Leftovers|[from] move: Knock Off|[of] p1b: Tinkaton
|move|p2b: Horse|Glacial Lance|p1a: Smaug|[spread] p1a,p1b
|-supereffective|p1a: Smaug
|-resisted|p1b: Tinkaton
|-damage|p1a: Smaug|0 fnt
|-damage|p1b: Tinkaton|59/100
|faint|p1a: Smaug
|-ability|p2b: Horse|Chilling Neigh|boost
|-boost|p2b: Horse|atk|1
|move|p2a: Duck|Trick Room|p2a: Duck
|-fieldstart|move: Trick Room|[of] p2a: Duck
|
|-damage|p1b: Tinkaton|46/100|[from] Leech Seed|[of] p2b: Horse
|-heal|p2b: Horse|87/100|[silent]
|upkeep
|
|t:|1750810130
|switch|p1a: Crush|Terapagos, L50, M|100/100
|-activate|p1a: Crush|ability: Tera Shift
|detailschange|p1a: Crush|Terapagos-Terastal, L50, M
|-heal|p1a: Crush|100/100|[silent]
|turn|4
|
|t:|1750810185
|switch|p1b: Randall|Salazzle, L50, F, shiny|100/100
|move|p2b: Horse|Glacial Lance|p1a: Crush|[spread] p1a,p1b
|-activate|p1a: Crush|ability: Tera Shell
|-resisted|p1a: Crush
|-resisted|p1b: Randall
|-damage|p1a: Crush|68/100
|-damage|p1b: Randall|16/100
|move|p2a: Duck|Foul Play|p1b: Randall
|-damage|p1b: Randall|0 fnt
|faint|p1b: Randall
|move|p1a: Crush|Calm Mind|p1a: Crush
|-boost|p1a: Crush|spa|1
|-boost|p1a: Crush|spd|1
|
|-heal|p1a: Crush|74/100|[from] item: Leftovers
|upkeep
|
|t:|1750810200
|switch|p1b: Tinkaton|Tinkaton, L50, F|46/100
|-ability|p1b: Tinkaton|Mold Breaker
|turn|5
|
|t:|1750810213
|-terastallize|p2a: Duck|Fighting
|move|p1b: Tinkaton|Fake Out|p2b: Horse
|-damage|p2b: Horse|82/100
|cant|p2b: Horse|flinch
|move|p2a: Duck|Tera Blast|p1a: Crush|[anim] Tera Blast Fighting
|-supereffective|p1a: Crush
|-damage|p1a: Crush|26/100
|move|p1a: Crush|Calm Mind|p1a: Crush
|-boost|p1a: Crush|spa|1
|-boost|p1a: Crush|spd|1
|
|-heal|p1a: Crush|32/100|[from] item: Leftovers
|upkeep
|turn|6
|l| CocoRush
|
|t:|1750810238
|move|p1a: Crush|Protect|p1a: Crush
|-singleturn|p1a: Crush|Protect
|move|p2b: Horse|Glacial Lance|p1b: Tinkaton|[spread] p1b
|-activate|p1a: Crush|move: Protect
|-resisted|p1b: Tinkaton
|-damage|p1b: Tinkaton|2/100
|move|p2a: Duck|Tera Blast|p1a: Crush|[anim] Tera Blast Fighting
|-activate|p1a: Crush|move: Protect
|move|p1b: Tinkaton|Gigaton Hammer|p2b: Horse
|-supereffective|p2b: Horse
|-damage|p2b: Horse|26/100
|
|-heal|p1a: Crush|39/100|[from] item: Leftovers
|upkeep
|turn|7
|j| CocoRush
|
|t:|1750810278
|move|p1a: Crush|Protect||[still]
|-fail|p1a: Crush
|move|p2b: Horse|Glacial Lance|p1a: Crush|[spread] p1a,p1b
|-resisted|p1b: Tinkaton
|-damage|p1a: Crush|0 fnt
|-damage|p1b: Tinkaton|0 fnt
|faint|p1a: Crush
|faint|p1b: Tinkaton
|
|win|Sheldrom
|c|☆Yugi wit da hoodie|gg
|c|☆Sheldrom|Gg!
|inactive|Yugi wit da hoodie has 30 seconds to confirm battle start!
|inactive|Sheldrom has 30 seconds to confirm battle start!
|l| CocoRush
||Yugi wit da hoodie is ready for game 2.
||Sheldrom is ready for game 2.
|uhtml|next|Next: <a href="/battle-gen9vgc2025regi-2391161717"><strong>Game 2 of 3</strong></a>
|l| WindyEng
|j| CocoRush
|j| WindyEng
|l| WindyEng
|l| CocoRush
|j| sadwithpower
|l| sadwithpower
|l|☆Sheldrom
|player|p2|
|l| MaxwellH
|j|☆Sheldrom
|player|p2|Sheldrom|caitlin|
|l| dolphinsfan254
