|j|☆Polpoz
|j|☆Matt6033
|t:|1750781440
|gametype|doubles
|player|p1|Polpoz|rancher|1421
|player|p2|Matt6033|1|1489
|teamsize|p1|6
|teamsize|p2|6
|gen|9
|tier|[Gen 9] VGC 2025 Reg I
|rated|
|rule|Species Clause: Limit one of each Pokémon
|rule|Item Clause: Limit 1 of each item
|clearpoke
|poke|p1|Kyurem-White, L50|
|poke|p1|Whimsicott, L50, M|
|poke|p1|Lunala, L50|
|poke|p1|Urshifu-*, L50, F|
|poke|p1|Incineroar, L50, F|
|poke|p1|Farigiraf, L50, F|
|poke|p2|Calyrex-Shadow, L50|
|poke|p2|Zamazenta-*, L50|
|poke|p2|Tornadus, L50, M|
|poke|p2|Ogerpon-Cornerstone, L50, F|
|poke|p2|Empoleon, L50, F|
|poke|p2|Urshifu-*, L50, F|
|teampreview|4
|inactive|Battle timer is ON: inactive players will automatically lose when time's up. (requested by Matt6033)
|inactive|Matt6033 has 60 seconds left.
|inactive|Matt6033 has 30 seconds left.
|inactive|Matt6033 has 20 seconds left.
|inactive|Matt6033 has 15 seconds left.
|
|t:|1750781516
|start
|switch|p1a: Incineroar|Incineroar, L50, F|100/100
|switch|p1b: Farigiraf|Farigiraf, L50, F|100/100
|switch|p2a: Tornadus|Tornadus, L50, M|100/100
|switch|p2b: Zamazenta|Zamazenta-Crowned, L50|100/100
|-ability|p2b: Zamazenta|Dauntless Shield|boost
|-boost|p2b: Zamazenta|def|1
|-ability|p1a: Incineroar|Intimidate|boost
|-unboost|p2a: Tornadus|atk|1
|-unboost|p2b: Zamazenta|atk|1
|turn|1
|
|t:|1750781529
|move|p1a: Incineroar|Fake Out|p2b: Zamazenta
|-resisted|p2b: Zamazenta
|-damage|p2b: Zamazenta|99/100
|move|p2a: Tornadus|Rain Dance|p2a: Tornadus
|-weather|RainDance
|cant|p2b: Zamazenta|flinch
|move|p1b: Farigiraf|Trick Room|p1b: Farigiraf
|-fieldstart|move: Trick Room|[of] p1b: Farigiraf
|
|-weather|RainDance|[upkeep]
|upkeep
|turn|2
|inactive|Matt6033 has 30 seconds left.
|inactive|Matt6033 has 20 seconds left.
|inactive|Matt6033 has 15 seconds left.
|inactive|Matt6033 has 10 seconds left.
|inactive|Matt6033 has 5 seconds left.
|
|t:|1750781584
|switch|p1a: Lunala|Lunala, L50|100/100
|move|p1b: Farigiraf|Hyper Voice|p2b: Zamazenta|[spread] p2a,p2b
|-resisted|p2b: Zamazenta
|-damage|p2a: Tornadus|75/100
|-damage|p2b: Zamazenta|91/100
|-enditem|p1b: Farigiraf|Throat Spray
|-boost|p1b: Farigiraf|spa|1|[from] item: Throat Spray
|move|p2a: Tornadus|Bleakwind Storm|p1a: Lunala|[spread] p1a,p1b
|-damage|p1a: Lunala|91/100
|-damage|p1b: Farigiraf|67/100
|-unboost|p1b: Farigiraf|spe|1
|move|p2b: Zamazenta|Body Press|p1b: Farigiraf
|-damage|p1b: Farigiraf|17/100
|
|-weather|RainDance|[upkeep]
|-heal|p1a: Lunala|97/100|[from] item: Leftovers
|upkeep
|turn|3
|inactive|Matt6033 has 30 seconds left.
|
|t:|1750781610
|move|p2a: Tornadus|Scary Face|p2b: Zamazenta
|-unboost|p2b: Zamazenta|spe|2
|move|p1b: Farigiraf|Psychic|p2b: Zamazenta
|-damage|p2b: Zamazenta|58/100
|move|p2b: Zamazenta|Crunch|p1a: Lunala
|-supereffective|p1a: Lunala
|-damage|p1a: Lunala|46/100
|move|p1a: Lunala|Moongeist Beam|p2a: Tornadus
|-damage|p2a: Tornadus|14/100
|
|-weather|RainDance|[upkeep]
|-heal|p1a: Lunala|52/100|[from] item: Leftovers
|upkeep
|turn|4
|inactive|Polpoz has 30 seconds left.
|
|t:|1750781642
|move|p1a: Lunala|Protect|p1a: Lunala
|-singleturn|p1a: Lunala|Protect
|move|p2a: Tornadus|Scary Face|p2b: Zamazenta
|-unboost|p2b: Zamazenta|spe|2
|move|p1b: Farigiraf|Hyper Voice|p2a: Tornadus|[spread] p2a,p2b
|-resisted|p2b: Zamazenta
|-damage|p2a: Tornadus|0 fnt
|-damage|p2b: Zamazenta|45/100
|faint|p2a: Tornadus
|move|p2b: Zamazenta|Crunch|p1a: Lunala
|-activate|p1a: Lunala|move: Protect
|
|-weather|RainDance|[upkeep]
|-heal|p1a: Lunala|58/100|[from] item: Leftovers
|upkeep
|
|t:|1750781645
|switch|p2a: Empoleon|Empoleon, L50, F|100/100
|turn|5
|inactive|Polpoz has 30 seconds left.
|
|t:|1750781671
|switch|p1a: Kyurem|Kyurem-White, L50|100/100
|-ability|p1a: Kyurem|Turboblaze
|move|p1b: Farigiraf|Psychic|p2b: Zamazenta
|-damage|p2b: Zamazenta|13/100
|move|p2b: Zamazenta|Crunch|p1b: Farigiraf
|-supereffective|p1b: Farigiraf
|-damage|p1b: Farigiraf|0 fnt
|faint|p1b: Farigiraf
|move|p2a: Empoleon|Yawn|p1a: Kyurem
|-start|p1a: Kyurem|move: Yawn|[of] p2a: Empoleon
|
|-weather|none
|-fieldend|move: Trick Room
|upkeep
|
|t:|1750781689
|switch|p1b: Lunala|Lunala, L50|58/100
|turn|6
|
|t:|1750781707
|switch|p1a: Incineroar|Incineroar, L50, F|100/100
|-ability|p1a: Incineroar|Intimidate|boost
|-unboost|p2a: Empoleon|atk|1
|-ability|p2a: Empoleon|Competitive|boost
|-boost|p2a: Empoleon|spa|2
|-unboost|p2b: Zamazenta|atk|1
|move|p1b: Lunala|Protect|p1b: Lunala
|-singleturn|p1b: Lunala|Protect
|move|p2a: Empoleon|Steel Beam|p1b: Lunala
|-activate|p1b: Lunala|move: Protect
|-damage|p2a: Empoleon|50/100|[from] steelbeam
|-enditem|p2a: Empoleon|Sitrus Berry|[eat]
|-heal|p2a: Empoleon|75/100|[from] item: Sitrus Berry
|move|p2b: Zamazenta|Body Press|p1a: Incineroar
|-supereffective|p1a: Incineroar
|-damage|p1a: Incineroar|0 fnt
|-damage|p2b: Zamazenta|0 fnt|[from] item: Rocky Helmet|[of] p1a: Incineroar
|faint|p1a: Incineroar
|faint|p2b: Zamazenta
|
|-heal|p1b: Lunala|64/100|[from] item: Leftovers
|upkeep
|
|t:|1750781727
|switch|p2b: Calyrex|Calyrex-Shadow, L50|100/100
|switch|p1a: Kyurem|Kyurem-White, L50|100/100
|-ability|p2b: Calyrex|As One
|-ability|p2b: Calyrex|Unnerve
|-ability|p1a: Kyurem|Turboblaze
|turn|7
|inactive|Polpoz has 30 seconds left.
|
|t:|1750781759
|-terastallize|p1a: Kyurem|Fire
|move|p2b: Calyrex|Protect|p2b: Calyrex
|-singleturn|p2b: Calyrex|Protect
|move|p1b: Lunala|Wide Guard|p1b: Lunala
|-singleturn|p1b: Lunala|Wide Guard
|move|p1a: Kyurem|Freeze-Dry|p2a: Empoleon
|-damage|p2a: Empoleon|13/100
|-damage|p1a: Kyurem|91/100|[from] item: Life Orb
|move|p2a: Empoleon|Hydro Cannon|p1b: Lunala
|-damage|p1b: Lunala|0 fnt
|-mustrecharge|p2a: Empoleon
|faint|p1b: Lunala
|
|upkeep
|turn|8
|
|t:|1750781782
|-terastallize|p2b: Calyrex|Ground
|move|p2b: Calyrex|Tera Blast|p1a: Kyurem|[anim] Tera Blast Ground
|-supereffective|p1a: Kyurem
|-damage|p1a: Kyurem|14/100
|move|p1a: Kyurem|Fusion Flare|p2b: Calyrex
|-damage|p2b: Calyrex|9/100
|-damage|p1a: Kyurem|4/100|[from] item: Life Orb
|cant|p2a: Empoleon|recharge
|
|upkeep
|turn|9
|-message|Polpoz forfeited.
|
|win|Matt6033
|raw|Polpoz's rating: 1421 &rarr; <strong>1405</strong><br />(-16 for losing)
|raw|Matt6033's rating: 1489 &rarr; <strong>1505</strong><br />(+16 for winning)
|l|☆Polpoz
|player|p1|
|l|☆Matt6033
|player|p2|
