|j|☆Htrain-Pokemon
|j|☆luu d colo
|t:|1750807954
|gametype|doubles
|player|p1|Htrain-Pokemon|265|1271
|player|p2|luu d colo|waiter-gen4|1347
|teamsize|p1|6
|teamsize|p2|6
|gen|9
|tier|[Gen 9] VGC 2025 Reg I
|rated|
|rule|Species Clause: Limit one of each Pokémon
|rule|Item Clause: Limit 1 of each item
|clearpoke
|poke|p1|Grimmsnarl, L50, M|
|poke|p1|Florges, L50, F|
|poke|p1|Miraidon, L50|
|poke|p1|Rillaboom, L50, F|
|poke|p1|Calyrex-Shadow, L50|
|poke|p1|Gholdengo, L50|
|poke|p2|Ludicolo, L50, M|
|poke|p2|Miraidon, L50|
|poke|p2|Kyogre, L50|
|poke|p2|Tornadus, L50, M|
|poke|p2|Farigiraf, L50, M|
|poke|p2|Iron Hands, L50|
|teampreview|4
|inactive|Battle timer is ON: inactive players will automatically lose when time's up. (requested by luu d colo)
Htrain-Pokemon rejected open team sheets.
|inactive|luu d colo has 60 seconds left.
|
|t:|1750808006
|start
|switch|p1a: Florges|Florges, L50, F|100/100
|switch|p1b: Miraidon|Miraidon, L50|100/100
|switch|p2a: Farigiraf|Farigiraf, L50, M|100/100
|switch|p2b: Miraidon|Miraidon, L50|100/100
|-fieldstart|move: Electric Terrain|[from] ability: Hadron Engine|[of] p2b: Miraidon
|-enditem|p1b: Miraidon|Electric Seed
|-boost|p1b: Miraidon|def|1|[from] item: Electric Seed
|-activate|p1a: Florges|ability: Symbiosis|Assault Vest|[of] p1b: Miraidon
|-activate|p1b: Miraidon|ability: Hadron Engine
|turn|1
|inactive|Htrain-Pokemon has 30 seconds left.
|inactive|luu d colo has 30 seconds left.
|inactive|luu d colo has 20 seconds left.
|
|t:|1750808044
|-terastallize|p2b: Miraidon|Fairy
|-terastallize|p1b: Miraidon|Electric
|move|p2b: Miraidon|Electro Drift|p1b: Miraidon
|-resisted|p1b: Miraidon
|-damage|p1b: Miraidon|61/100
|move|p1b: Miraidon|Electro Drift|p2a: Farigiraf
|-damage|p2a: Farigiraf|0 fnt
|faint|p2a: Farigiraf
|move|p1a: Florges|Calm Mind|p1a: Florges
|-boost|p1a: Florges|spa|1
|-boost|p1a: Florges|spd|1
|
|upkeep
|
|t:|1750808058
|switch|p2a: Kyogre|Kyogre, L50|100/100
|-weather|RainDance|[from] ability: Drizzle|[of] p2a: Kyogre
|turn|2
|
|t:|1750808069
|switch|p1b: Calyrex|Calyrex-Shadow, L50|100/100
|-ability|p1b: Calyrex|As One
|-ability|p1b: Calyrex|Unnerve
|move|p2a: Kyogre|Protect|p2a: Kyogre
|-singleturn|p2a: Kyogre|Protect
|move|p2b: Miraidon|Electro Drift|p1a: Florges
|-damage|p1a: Florges|44/100
|move|p1a: Florges|Baton Pass|p1a: Florges
|
|t:|1750808087
|switch|p1a: Gholdengo|Gholdengo, L50|100/100|[from] Baton Pass
|
|-weather|RainDance|[upkeep]
|upkeep
|turn|3
|
|t:|1750808093
|move|p1b: Calyrex|Astral Barrage|p2b: Miraidon|[spread] p2a,p2b
|-damage|p2a: Kyogre|62/100
|-damage|p2b: Miraidon|48/100
|move|p2b: Miraidon|Electro Drift|p1a: Gholdengo
|-damage|p1a: Gholdengo|0 fnt
|faint|p1a: Gholdengo
|move|p2a: Kyogre|Origin Pulse|p1b: Calyrex
|-enditem|p1b: Calyrex|Focus Sash
|-damage|p1b: Calyrex|1/100
|
|-weather|RainDance|[upkeep]
|upkeep
|c|☆Htrain-Pokemon|whoa
|inactive|Htrain-Pokemon has 30 seconds left.
|c|☆Htrain-Pokemon|thats seems excessive
|c|☆luu d colo|You have one, you should know it hits like a truck
|
|t:|1750808124
|switch|p1a: Miraidon|Miraidon, L50, tera:Electric|61/100
|-activate|p1a: Miraidon|ability: Hadron Engine
|turn|4
|c|☆Htrain-Pokemon|plus 1 on spDef tho...
|c|☆Htrain-Pokemon|come on man
|c|☆Htrain-Pokemon|thats wild
|c|☆luu d colo|yeah its a broken mon
|inactive|Htrain-Pokemon has 30 seconds left.
|
|t:|1750808154
|switch|p2b: Iron Hands|Iron Hands, L50|100/100
|-activate|p2b: Iron Hands|ability: Quark Drive
|-start|p2b: Iron Hands|quarkdriveatk
|move|p2a: Kyogre|Protect|p2a: Kyogre
|-singleturn|p2a: Kyogre|Protect
|move|p1b: Calyrex|Astral Barrage|p2b: Iron Hands|[spread] p2b
|-activate|p2a: Kyogre|move: Protect
|-damage|p2b: Iron Hands|74/100
|move|p1a: Miraidon|Electro Drift|p2a: Kyogre
|-activate|p2a: Kyogre|move: Protect
|
|-weather|RainDance|[upkeep]
|upkeep
|turn|5
|
|t:|1750808178
|move|p1b: Calyrex|Protect|p1b: Calyrex
|-singleturn|p1b: Calyrex|Protect
|move|p2b: Iron Hands|Fake Out|p1a: Miraidon
|-damage|p1a: Miraidon|39/100
|cant|p1a: Miraidon|flinch
|move|p2a: Kyogre|Origin Pulse|p1a: Miraidon|[spread] p1a
|-activate|p1b: Calyrex|move: Protect
|-damage|p1a: Miraidon|0 fnt
|faint|p1a: Miraidon
|
|-weather|RainDance|[upkeep]
|-fieldend|move: Electric Terrain
|-end|p2b: Iron Hands|Quark Drive
|upkeep
|
|t:|1750808189
|switch|p1a: Florges|Florges, L50, F|44/100
|turn|6
|
|t:|1750808197
|move|p1b: Calyrex|Astral Barrage|p2a: Kyogre|[spread] p2a,p2b
|-damage|p2a: Kyogre|27/100
|-damage|p2b: Iron Hands|47/100
|move|p2a: Kyogre|Origin Pulse|p1a: Florges|[spread] p1a,p1b
|-crit|p1a: Florges
|-damage|p1a: Florges|0 fnt
|-damage|p1b: Calyrex|0 fnt
|faint|p1a: Florges
|faint|p1b: Calyrex
|
|win|luu d colo
|raw|Htrain-Pokemon's rating: 1271 &rarr; <strong>1251</strong><br />(-20 for losing)
|raw|luu d colo's rating: 1347 &rarr; <strong>1363</strong><br />(+16 for winning)
|c|☆luu d colo|gg
|l|☆Htrain-Pokemon
|player|p1|
|l|☆luu d colo
|player|p2|
