|j|☆13done
|j|☆Zappbolt
|t:|1750706466
|gametype|doubles
|player|p1|13done|2|1401
|player|p2|Zappbolt|101|1452
|teamsize|p1|6
|teamsize|p2|6
|gen|9
|tier|[Gen 9] VGC 2025 Reg I
|rated|
|rule|Species Clause: Limit one of each Pokémon
|rule|Item Clause: Limit 1 of each item
|clearpoke
|poke|p1|Weezing-Galar, L50, F|
|poke|p1|Groudon, L50|
|poke|p1|Jumpluff, L50, F|
|poke|p1|Koraidon, L50|
|poke|p1|Flutter Mane, L50|
|poke|p1|Pawmot, L50, M|
|poke|p2|Calyrex-Ice, L50|
|poke|p2|Kyogre, L50|
|poke|p2|Rillaboom, L50, F|
|poke|p2|Urshifu-*, L50, M|
|poke|p2|Incineroar, L50, F|
|poke|p2|Raging Bolt, L50|
|teampreview|4
|inactive|Battle timer is ON: inactive players will automatically lose when time's up. (requested by Zappbolt)
|inactive|Zappbolt has 60 seconds left.
|inactive|13done has 60 seconds left.
|
|t:|1750706521
|start
|switch|p1a: Flutter Mane|Flutter Mane, L50|100/100
|switch|p1b: Pawmot|Pawmot, L50, M|100/100
|switch|p2a: Incineroar|Incineroar, L50, F|100/100
|switch|p2b: Kyogre|Kyogre, L50|100/100
|-weather|RainDance|[from] ability: Drizzle|[of] p2b: Kyogre
|-ability|p2a: Incineroar|Intimidate|boost
|-unboost|p1a: Flutter Mane|atk|1
|-unboost|p1b: Pawmot|atk|1
|turn|1
|
|t:|1750706539
|switch|p1b: Koraidon|Koraidon, L50|100/100
|-weather|SunnyDay|[from] ability: Orichalcum Pulse|[of] p1b: Koraidon
|-activate|p1a: Flutter Mane|ability: Protosynthesis
|-start|p1a: Flutter Mane|protosynthesisspe
|-activate|p1b: Koraidon|Orichalcum Pulse|[source]
|-terastallize|p1a: Flutter Mane|Fairy
|move|p2a: Incineroar|Fake Out|p1b: Koraidon
|-damage|p1b: Koraidon|90/100
|move|p1a: Flutter Mane|Dazzling Gleam|p2b: Kyogre|[spread] p2a,p2b
|-damage|p2a: Incineroar|38/100
|-damage|p2b: Kyogre|59/100
|move|p2b: Kyogre|Origin Pulse|p1a: Flutter Mane|[spread] p1a,p1b
|-resisted|p1b: Koraidon
|-damage|p1a: Flutter Mane|70/100
|-damage|p1b: Koraidon|74/100
|-damage|p2b: Kyogre|50/100|[from] item: Life Orb
|
|-weather|SunnyDay|[upkeep]
|upkeep
|turn|2
|inactive|Zappbolt has 30 seconds left.
|
|t:|1750706568
|switch|p1b: Pawmot|Pawmot, L50, M|100/100
|switch|p2a: Calyrex|Calyrex-Ice, L50|100/100
|-ability|p2a: Calyrex|As One
|-ability|p2a: Calyrex|Unnerve
|move|p2b: Kyogre|Protect|p2b: Kyogre
|-singleturn|p2b: Kyogre|Protect
|move|p1a: Flutter Mane|Dazzling Gleam|p2b: Kyogre|[spread] p2a
|-activate|p2b: Kyogre|move: Protect
|-damage|p2a: Calyrex|61/100
|
|-weather|SunnyDay|[upkeep]
|-heal|p2a: Calyrex|67/100|[from] item: Leftovers
|upkeep
|turn|3
|c|☆13done|danggg he fat
|
|t:|1750706586
|switch|p2b: Incineroar|Incineroar, L50, F|38/100
|-ability|p2b: Incineroar|Intimidate|boost
|-unboost|p1a: Flutter Mane|atk|1
|-unboost|p1b: Pawmot|atk|1
|move|p2a: Calyrex|Protect|p2a: Calyrex
|-singleturn|p2a: Calyrex|Protect
|move|p1b: Pawmot|Fake Out|p2a: Calyrex
|-activate|p2a: Calyrex|move: Protect
|move|p1a: Flutter Mane|Dazzling Gleam|p2b: Incineroar|[spread] p2b
|-activate|p2a: Calyrex|move: Protect
|-damage|p2b: Incineroar|0 fnt
|faint|p2b: Incineroar
|
|-weather|SunnyDay|[upkeep]
|-heal|p2a: Calyrex|73/100|[from] item: Leftovers
|upkeep
|
|t:|1750706601
|switch|p2b: Kyogre|Kyogre, L50|50/100
|-weather|RainDance|[from] ability: Drizzle|[of] p2b: Kyogre
|-end|p1a: Flutter Mane|Protosynthesis
|turn|4
|
|t:|1750706611
|move|p2b: Kyogre|Protect|p2b: Kyogre
|-singleturn|p2b: Kyogre|Protect
|move|p1a: Flutter Mane|Dazzling Gleam|p2a: Calyrex|[spread] p2a
|-activate|p2b: Kyogre|move: Protect
|-damage|p2a: Calyrex|27/100
|move|p1b: Pawmot|Close Combat|p2a: Calyrex
|-damage|p2a: Calyrex|6/100
|-unboost|p1b: Pawmot|def|1
|-unboost|p1b: Pawmot|spd|1
|move|p2a: Calyrex|Glacial Lance|p1a: Flutter Mane|[spread] p1a,p1b
|-damage|p1a: Flutter Mane|0 fnt
|-enditem|p1b: Pawmot|Focus Sash
|-damage|p1b: Pawmot|1/100
|faint|p1a: Flutter Mane
|-end|p1a: Flutter Mane|Protosynthesis|[silent]
|-ability|p2a: Calyrex|Chilling Neigh|boost
|-boost|p2a: Calyrex|atk|1
|
|-weather|RainDance|[upkeep]
|-heal|p2a: Calyrex|12/100|[from] item: Leftovers
|upkeep
|
|t:|1750706616
|switch|p1a: Koraidon|Koraidon, L50|74/100
|-weather|SunnyDay|[from] ability: Orichalcum Pulse|[of] p1a: Koraidon
|-activate|p1a: Koraidon|Orichalcum Pulse|[source]
|turn|5
|c|☆13done|so fat
|inactive|Zappbolt has 30 seconds left.
|
|t:|1750706648
|switch|p2b: Urshifu|Urshifu-Rapid-Strike, L50, M|100/100
|move|p2a: Calyrex|Protect|p2a: Calyrex
|-singleturn|p2a: Calyrex|Protect
|move|p1a: Koraidon|Collision Course|p2b: Urshifu
|-crit|p2b: Urshifu
|-damage|p2b: Urshifu|0 fnt
|faint|p2b: Urshifu
|move|p1b: Pawmot|Close Combat|p2a: Calyrex
|-activate|p2a: Calyrex|move: Protect
|
|-weather|SunnyDay|[upkeep]
|-heal|p2a: Calyrex|18/100|[from] item: Leftovers
|upkeep
|
|t:|1750706660
|switch|p2b: Kyogre|Kyogre, L50|50/100
|-weather|RainDance|[from] ability: Drizzle|[of] p2b: Kyogre
|turn|6
|inactive|Zappbolt has 30 seconds left.
|
|t:|1750706687
|switch|p1b: Groudon|Groudon, L50|100/100
|-weather|SunnyDay|[from] ability: Drought|[of] p1b: Groudon
|-terastallize|p2a: Calyrex|Fairy
|move|p1a: Koraidon|Collision Course|p2a: Calyrex
|-resisted|p2a: Calyrex
|-damage|p2a: Calyrex|0 fnt
|faint|p2a: Calyrex
|move|p2b: Kyogre|Origin Pulse|p1b: Groudon|[spread] p1a,p1b
|-resisted|p1a: Koraidon
|-supereffective|p1b: Groudon
|-damage|p1a: Koraidon|60/100
|-damage|p1b: Groudon|63/100
|-damage|p2b: Kyogre|40/100|[from] item: Life Orb
|
|-weather|SunnyDay|[upkeep]
|upkeep
|turn|7
|c|☆13done|scared me for a sec
|c|☆Zappbolt|gg
|
|t:|1750706703
|move|p1a: Koraidon|Collision Course|p2b: Kyogre
|-damage|p2b: Kyogre|0 fnt
|faint|p2b: Kyogre
|
|win|13done
|raw|13done's rating: 1401 &rarr; <strong>1424</strong><br />(+23 for winning)
|raw|Zappbolt's rating: 1452 &rarr; <strong>1429</strong><br />(-23 for losing)
|c|☆13done|gg
|l|☆13done
|player|p1|
|l|☆Zappbolt
|player|p2|
