|j|☆Gexi01
|j|☆Revenant Imp
|t:|1750753036
|gametype|doubles
|player|p1|Gexi01|266|1212
|player|p2|Revenant Imp|medium|1217
|teamsize|p1|6
|teamsize|p2|6
|gen|9
|tier|[Gen 9] VGC 2025 Reg I
|rated|
|rule|Species Clause: Limit one of each Pokémon
|rule|Item Clause: Limit 1 of each item
|clearpoke
|poke|p1|Koraidon, L50|
|poke|p1|Typhlosion-Hisui, L50, M|
|poke|p1|Lugia, L50|
|poke|p1|Regieleki, L50|
|poke|p1|Incineroar, L50, F|
|poke|p1|Flutter Mane, L50|
|poke|p2|Koraidon, L50|
|poke|p2|Calyrex-Shadow, L50|
|poke|p2|Weezing-Galar, L50, F|
|poke|p2|Chi-Yu, L50|
|poke|p2|Brute Bonnet, L50|
|poke|p2|Raging Bolt, L50|
|teampreview|4
|inactive|Battle timer is ON: inactive players will automatically lose when time's up. (requested by Gexi01)
|
|t:|1750753063
|start
|switch|p1a: Typhlosion|Typhlosion-Hisui, L50, M|100/100
|switch|p1b: Regieleki|Regieleki, L50|100/100
|switch|p2a: Weezing|Weezing-Galar, L50, F|100/100
|switch|p2b: Calyrex|Calyrex-Shadow, L50|100/100
|-ability|p2a: Weezing|Neutralizing Gas
|-ability|p2b: Calyrex|As One
|-ability|p2b: Calyrex|Unnerve
|turn|1
|
|t:|1750753076
|move|p1b: Regieleki|Electroweb|p2a: Weezing|[spread] p2a,p2b
|-damage|p2a: Weezing|80/100
|-damage|p2b: Calyrex|74/100
|-unboost|p2b: Calyrex|spe|1
|move|p1a: Typhlosion|Eruption|p2b: Calyrex|[spread] p2a,p2b
|-damage|p2a: Weezing|29/100
|-damage|p2b: Calyrex|14/100
|move|p2b: Calyrex|Astral Barrage|p1a: Typhlosion|[spread] p1a,p1b
|-supereffective|p1a: Typhlosion
|-damage|p1a: Typhlosion|0 fnt
|-damage|p1b: Regieleki|0 fnt
|faint|p1a: Typhlosion
|faint|p1b: Regieleki
|-ability|p2b: Calyrex|Grim Neigh|boost
|-boost|p2b: Calyrex|spa|2
|move|p2a: Weezing|Strange Steam|p1: Typhlosion|[notarget]
|-fail|p2a: Weezing
|
|upkeep
|
|t:|1750753094
|switch|p1b: Koraidon|Koraidon, L50|100/100
|switch|p1a: Flutter Mane|Flutter Mane, L50|100/100
|turn|2
|
|t:|1750753115
|-terastallize|p1a: Flutter Mane|Normal
|move|p1b: Koraidon|Protect|p1b: Koraidon
|-singleturn|p1b: Koraidon|Protect
|move|p2b: Calyrex|Protect|p2b: Calyrex
|-singleturn|p2b: Calyrex|Protect
|move|p1a: Flutter Mane|Shadow Ball|p2a: Weezing
|-damage|p2a: Weezing|0 fnt
|faint|p2a: Weezing
|-end|p2a: Weezing|ability: Neutralizing Gas
|-weather|SunnyDay|[from] ability: Orichalcum Pulse|[of] p1b: Koraidon
|-activate|p1a: Flutter Mane|ability: Protosynthesis
|-start|p1a: Flutter Mane|protosynthesisspe
|-activate|p1b: Koraidon|Orichalcum Pulse|[source]
|
|-weather|SunnyDay|[upkeep]
|upkeep
|
|t:|1750753133
|switch|p2a: Raging Bolt|Raging Bolt, L50|100/100
|-activate|p2a: Raging Bolt|ability: Protosynthesis
|-start|p2a: Raging Bolt|protosynthesisspa
|turn|3
|
|t:|1750753148
|move|p1a: Flutter Mane|Shadow Ball|p2b: Calyrex
|-supereffective|p2b: Calyrex
|-damage|p2b: Calyrex|0 fnt
|faint|p2b: Calyrex
|move|p1b: Koraidon|Close Combat|p2a: Raging Bolt
|-damage|p2a: Raging Bolt|12/100
|-unboost|p1b: Koraidon|def|1
|-unboost|p1b: Koraidon|spd|1
|-damage|p1b: Koraidon|91/100|[from] item: Life Orb
|move|p2a: Raging Bolt|Electroweb|p1b: Koraidon|[spread] p1a,p1b
|-resisted|p1b: Koraidon
|-damage|p1a: Flutter Mane|72/100
|-damage|p1b: Koraidon|67/100
|-unboost|p1a: Flutter Mane|spe|1
|-unboost|p1b: Koraidon|spe|1
|
|-weather|SunnyDay|[upkeep]
|upkeep
|
|t:|1750753152
|switch|p2b: Koraidon|Koraidon, L50|100/100
|-activate|p2b: Koraidon|ability: Orichalcum Pulse
|turn|4
|
|t:|1750753172
|move|p2b: Koraidon|Protect|p2b: Koraidon
|-singleturn|p2b: Koraidon|Protect
|move|p2a: Raging Bolt|Thunderclap|p1a: Flutter Mane
|-damage|p1a: Flutter Mane|14/100
|move|p1a: Flutter Mane|Moonblast|p2b: Koraidon
|-activate|p2b: Koraidon|move: Protect
|move|p1b: Koraidon|Iron Head|p2a: Raging Bolt
|-resisted|p2a: Raging Bolt
|-damage|p2a: Raging Bolt|0 fnt
|faint|p2a: Raging Bolt
|-end|p2a: Raging Bolt|Protosynthesis|[silent]
|-damage|p1b: Koraidon|57/100|[from] item: Life Orb
|
|-weather|SunnyDay|[upkeep]
|upkeep
|turn|5
|
|t:|1750753190
|-terastallize|p2b: Koraidon|Fire
|move|p1a: Flutter Mane|Moonblast|p2b: Koraidon
|-resisted|p2b: Koraidon
|-damage|p2b: Koraidon|79/100
|move|p2b: Koraidon|Flame Charge|p1a: Flutter Mane
|-damage|p1a: Flutter Mane|0 fnt
|-boost|p2b: Koraidon|spe|1
|faint|p1a: Flutter Mane
|-end|p1a: Flutter Mane|Protosynthesis|[silent]
|move|p1b: Koraidon|Close Combat|p2b: Koraidon
|-damage|p2b: Koraidon|0 fnt
|-unboost|p1b: Koraidon|def|1
|-unboost|p1b: Koraidon|spd|1
|faint|p2b: Koraidon
|-damage|p1b: Koraidon|48/100|[from] item: Life Orb
|
|win|Gexi01
|raw|Gexi01's rating: 1212 &rarr; <strong>1237</strong><br />(+25 for winning)
|raw|Revenant Imp's rating: 1217 &rarr; <strong>1192</strong><br />(-25 for losing)
|l|☆Revenant Imp
|player|p2|
|l|☆Gexi01
|player|p1|
