|j|☆Kolakoala44
|j|☆Gavan199
|t:|1750772261
|gametype|doubles
|player|p1|Kolakoala44|ghetsis-gen5bw|1109
|player|p2|Gavan199|gambler|1043
|teamsize|p1|6
|teamsize|p2|6
|gen|9
|tier|[Gen 9] VGC 2025 Reg I
|rated|
|rule|Species Clause: Limit one of each Pokémon
|rule|Item Clause: Limit 1 of each item
|clearpoke
|poke|p1|Snorlax, L50, F|
|poke|p1|Rillaboom, L50, M|
|poke|p1|Koraidon, L50|
|poke|p1|Calyrex-Shadow, L50|
|poke|p1|Raging Bolt, L50|
|poke|p1|Brute Bonnet, L50|
|poke|p2|Miraidon, L50|
|poke|p2|Wo-Chien, L50|
|poke|p2|Incineroar, L50, M|
|poke|p2|Lunala, L50|
|poke|p2|Ogerpon-Wellspring, L50, F|
|poke|p2|Toxapex, L50, M|
|teampreview|4
|inactive|Battle timer is ON: inactive players will automatically lose when time's up. (requested by Gavan199)
|inactive|Kolakoala44 also wants the timer to be on.
|inactive|Gavan199 has 60 seconds left.
|
|t:|1750772300
|start
|switch|p1a: Rillaboom|Rillaboom, L50, M|100/100
|switch|p1b: Calyrex|Calyrex-Shadow, L50|100/100
|switch|p2a: Miraidon|Miraidon, L50|100/100
|switch|p2b: Wo-Chien|Wo-Chien, L50|100/100
|-ability|p1b: Calyrex|As One
|-ability|p1b: Calyrex|Unnerve
|-fieldstart|move: Electric Terrain|[from] ability: Hadron Engine|[of] p2a: Miraidon
|-fieldstart|move: Grassy Terrain|[from] ability: Grassy Surge|[of] p1a: Rillaboom
|-ability|p2b: Wo-Chien|Tablets of Ruin
|turn|1
|inactive|Kolakoala44 has 30 seconds left.
|
|t:|1750772331
|switch|p1b: Koraidon|Koraidon, L50|100/100
|-weather|SunnyDay|[from] ability: Orichalcum Pulse|[of] p1b: Koraidon
|-activate|p1b: Koraidon|Orichalcum Pulse|[source]
|-terastallize|p2a: Miraidon|Steel
|move|p1a: Rillaboom|Fake Out|p2a: Miraidon
|-resisted|p2a: Miraidon
|-damage|p2a: Miraidon|96/100
|move|p2a: Miraidon|Calm Mind|p2a: Miraidon
|-boost|p2a: Miraidon|spa|1
|-boost|p2a: Miraidon|spd|1
|move|p2b: Wo-Chien|Leech Seed|p1b: Koraidon
|-start|p1b: Koraidon|move: Leech Seed
|
|-weather|SunnyDay|[upkeep]
|-heal|p2a: Miraidon|100/100|[from] Grassy Terrain
|-damage|p1b: Koraidon|88/100|[from] Leech Seed|[of] p2b: Wo-Chien
|upkeep
|turn|2
|inactive|Gavan199 has 30 seconds left.
|inactive|Gavan199 has 20 seconds left.
|inactive|Gavan199 has 15 seconds left.
|inactive|Gavan199 has 10 seconds left.
|
|t:|1750772378
|switch|p2b: Incineroar|Incineroar, L50, M, shiny|100/100
|-ability|p2b: Incineroar|Intimidate|boost
|-unboost|p1a: Rillaboom|atk|1
|-fail|p1b: Koraidon|unboost|[from] item: Clear Amulet|[of] p1b: Koraidon
|-terastallize|p1b: Koraidon|Fire
|move|p2a: Miraidon|Protect|p2a: Miraidon
|-singleturn|p2a: Miraidon|Protect
|move|p1b: Koraidon|Flare Blitz|p2a: Miraidon
|-activate|p2a: Miraidon|move: Protect
|move|p1a: Rillaboom|U-turn|p2b: Incineroar
|-damage|p2b: Incineroar|85/100
|-damage|p1a: Rillaboom|84/100|[from] item: Rocky Helmet|[of] p2b: Incineroar
|
|t:|1750772388
|switch|p1a: Brute Bonnet|Brute Bonnet, L50|100/100|[from] U-turn
|-activate|p1a: Brute Bonnet|ability: Protosynthesis
|-start|p1a: Brute Bonnet|protosynthesisdef
|
|-weather|SunnyDay|[upkeep]
|-heal|p1b: Koraidon|94/100|[from] Grassy Terrain
|-heal|p2b: Incineroar|91/100|[from] Grassy Terrain
|-damage|p1b: Koraidon|82/100|[from] Leech Seed|[of] p2b: Incineroar
|-heal|p2b: Incineroar|100/100|[silent]
|upkeep
|turn|3
|
|t:|1750772402
|switch|p2a: Wo-Chien|Wo-Chien, L50|100/100
|-ability|p2a: Wo-Chien|Tablets of Ruin
|move|p1b: Koraidon|Collision Course|p2b: Incineroar
|-supereffective|p2b: Incineroar
|-crit|p2b: Incineroar
|-damage|p2b: Incineroar|0 fnt
|-damage|p1b: Koraidon|65/100|[from] item: Rocky Helmet|[of] p2b: Incineroar
|faint|p2b: Incineroar
|move|p1a: Brute Bonnet|Spore|p2a: Wo-Chien
|-immune|p2a: Wo-Chien
|
|-weather|SunnyDay|[upkeep]
|-heal|p1b: Koraidon|71/100|[from] Grassy Terrain
|upkeep
|
|t:|1750772417
|switch|p2b: Lunala|Lunala, L50, shiny|100/100
|turn|4
|
|t:|1750772439
|switch|p1b: Rillaboom|Rillaboom, L50, M|84/100
|switch|p2b: Miraidon|Miraidon, L50, tera:Steel|100/100
|-fieldstart|move: Electric Terrain|[from] ability: Hadron Engine|[of] p2b: Miraidon
|move|p2a: Wo-Chien|Foul Play|p1b: Rillaboom
|-damage|p1b: Rillaboom|44/100
|move|p1a: Brute Bonnet|Spore|p2b: Miraidon
|-activate|p2b: Miraidon|move: Electric Terrain
|
|-weather|SunnyDay|[upkeep]
|upkeep
|turn|5
|inactive|Kolakoala44 has 30 seconds left.
|
|t:|1750772474
|move|p1a: Brute Bonnet|Rage Powder|p1a: Brute Bonnet
|-singleturn|p1a: Brute Bonnet|move: Rage Powder
|move|p2b: Miraidon|Dragon Pulse|p1a: Brute Bonnet
|-damage|p1a: Brute Bonnet|60/100
|move|p1b: Rillaboom|U-turn|p2a: Wo-Chien
|-supereffective|p2a: Wo-Chien
|-damage|p2a: Wo-Chien|44/100
|
|t:|1750772480
|switch|p1b: Koraidon|Koraidon, L50, tera:Fire|71/100|[from] U-turn
|-activate|p1b: Koraidon|ability: Orichalcum Pulse
|move|p2a: Wo-Chien|Pollen Puff|p1a: Brute Bonnet
|-supereffective|p1a: Brute Bonnet
|-damage|p1a: Brute Bonnet|1/100
|
|-weather|none
|-end|p1a: Brute Bonnet|Protosynthesis
|-heal|p2a: Wo-Chien|50/100|[from] item: Leftovers
|upkeep
|turn|6
|inactive|Gavan199 has 30 seconds left.
|
|t:|1750772510
|switch|p2b: Lunala|Lunala, L50, shiny|100/100
|-enditem|p2b: Lunala|Electric Seed
|-boost|p2b: Lunala|def|1|[from] item: Electric Seed
|-end|p1a: Brute Bonnet|Protosynthesis|[silent]
|switch|p1a: Rillaboom|Rillaboom, L50, M|44/100
|-fieldstart|move: Grassy Terrain|[from] ability: Grassy Surge|[of] p1a: Rillaboom
|move|p1b: Koraidon|Collision Course|p2b: Lunala
|-immune|p2b: Lunala
|move|p2a: Wo-Chien|Foul Play|p1b: Koraidon
|-damage|p1b: Koraidon|26/100
|
|-heal|p1b: Koraidon|32/100|[from] Grassy Terrain
|-heal|p1a: Rillaboom|50/100|[from] Grassy Terrain
|-heal|p2a: Wo-Chien|57/100|[from] Grassy Terrain
|-heal|p2a: Wo-Chien|63/100|[from] item: Leftovers
|upkeep
|turn|7
|inactive|Gavan199 has 30 seconds left.
|
|t:|1750772536
|move|p2a: Wo-Chien|Protect|p2a: Wo-Chien
|-singleturn|p2a: Wo-Chien|Protect
|move|p1b: Koraidon|Flame Charge|p2a: Wo-Chien
|-activate|p2a: Wo-Chien|move: Protect
|move|p1a: Rillaboom|Wood Hammer|p2b: Lunala
|-damage|p2b: Lunala|87/100
|-damage|p1a: Rillaboom|45/100|[from] Recoil
|move|p2b: Lunala|Trick Room|p2b: Lunala
|-fieldstart|move: Trick Room|[of] p2b: Lunala
|
|-heal|p2a: Wo-Chien|69/100|[from] Grassy Terrain
|-heal|p2a: Wo-Chien|75/100|[from] item: Leftovers
|-heal|p2b: Lunala|93/100|[from] Grassy Terrain
|-heal|p1a: Rillaboom|51/100|[from] Grassy Terrain
|-heal|p1b: Koraidon|38/100|[from] Grassy Terrain
|upkeep
|turn|8
|
|t:|1750772558
|move|p2a: Wo-Chien|Foul Play|p1b: Koraidon
|-damage|p1b: Koraidon|0 fnt
|faint|p1b: Koraidon
|move|p2b: Lunala|Moongeist Beam|p1a: Rillaboom
|-damage|p1a: Rillaboom|19/100
|move|p1a: Rillaboom|U-turn|p2a: Wo-Chien
|-supereffective|p2a: Wo-Chien
|-damage|p2a: Wo-Chien|17/100
|
|t:|1750772573
|switch|p1a: Brute Bonnet|Brute Bonnet, L50|1/100|[from] U-turn
|
|-heal|p1a: Brute Bonnet|7/100|[from] Grassy Terrain
|-heal|p2a: Wo-Chien|23/100|[from] Grassy Terrain
|-heal|p2a: Wo-Chien|30/100|[from] item: Leftovers
|-heal|p2b: Lunala|99/100|[from] Grassy Terrain
|upkeep
|
|t:|1750772578
|switch|p1b: Calyrex|Calyrex-Shadow, L50|100/100
|-ability|p1b: Calyrex|As One
|-ability|p1b: Calyrex|Unnerve
|turn|9
|
|t:|1750772592
|move|p1a: Brute Bonnet|Spore|p2b: Lunala
|-status|p2b: Lunala|slp|[from] move: Spore
|move|p2a: Wo-Chien|Foul Play|p1a: Brute Bonnet
|-resisted|p1a: Brute Bonnet
|-damage|p1a: Brute Bonnet|0 fnt
|-damage|p2a: Wo-Chien|13/100|[from] item: Rocky Helmet|[of] p1a: Brute Bonnet
|faint|p1a: Brute Bonnet
|-end|p1a: Brute Bonnet|Protosynthesis|[silent]
|cant|p2b: Lunala|slp
|move|p1b: Calyrex|Astral Barrage|p2a: Wo-Chien|[spread] p2a,p2b
|-resisted|p2a: Wo-Chien
|-supereffective|p2b: Lunala
|-damage|p2a: Wo-Chien|0 fnt
|-damage|p2b: Lunala|0 fnt
|faint|p2a: Wo-Chien
|faint|p2b: Lunala
|-ability|p1b: Calyrex|Grim Neigh|boost
|-boost|p1b: Calyrex|spa|2
|
|upkeep
|
|t:|1750772608
|switch|p1a: Rillaboom|Rillaboom, L50, M|19/100
|switch|p2b: Miraidon|Miraidon, L50, tera:Steel|100/100
|-fieldstart|move: Electric Terrain|[from] ability: Hadron Engine|[of] p2b: Miraidon
|turn|10
|
|t:|1750772622
|move|p1b: Calyrex|Protect|p1b: Calyrex
|-singleturn|p1b: Calyrex|Protect
|move|p1a: Rillaboom|Wood Hammer|p2b: Miraidon
|-resisted|p2b: Miraidon
|-damage|p2b: Miraidon|76/100
|-damage|p1a: Rillaboom|12/100|[from] Recoil
|move|p2b: Miraidon|Calm Mind|p2b: Miraidon
|-boost|p2b: Miraidon|spa|1
|-boost|p2b: Miraidon|spd|1
|
|upkeep
|turn|11
|
|t:|1750772642
|move|p1a: Rillaboom|Wood Hammer|p2b: Miraidon
|-resisted|p2b: Miraidon
|-damage|p2b: Miraidon|49/100
|-damage|p1a: Rillaboom|4/100|[from] Recoil
|move|p2b: Miraidon|Parabolic Charge|p1a: Rillaboom|[spread] p1a,p1b
|-resisted|p1a: Rillaboom
|-damage|p1a: Rillaboom|0 fnt
|-heal|p2b: Miraidon|51/100|[from] drain|[of] p1a: Rillaboom
|-damage|p1b: Calyrex|36/100
|-heal|p2b: Miraidon|84/100|[from] drain|[of] p1b: Calyrex
|faint|p1a: Rillaboom
|move|p1b: Calyrex|Astral Barrage|p2b: Miraidon
|-damage|p2b: Miraidon|1/100
|
|-fieldend|move: Trick Room
|upkeep
|turn|12
|inactive|Kolakoala44 has 30 seconds left.
|inactive|Kolakoala44 has 20 seconds left.
|inactive|Kolakoala44 has 15 seconds left.
|inactive|Kolakoala44 has 10 seconds left.
|
|t:|1750772687
|move|p1b: Calyrex|Astral Barrage|p2b: Miraidon
|-damage|p2b: Miraidon|0 fnt
|faint|p2b: Miraidon
|
|win|Kolakoala44
|raw|Kolakoala44's rating: 1109 &rarr; <strong>1129</strong><br />(+20 for winning)
|raw|Gavan199's rating: 1043 &rarr; <strong>1030</strong><br />(-13 for losing)
