|j|☆gundi8
|j|☆bryanooo_
|t:|1750854971
|gametype|doubles
|player|p1|gundi8|ethan-gen2|1520
|player|p2|bryanooo_|hugh|1506
|teamsize|p1|6
|teamsize|p2|6
|gen|9
|tier|[Gen 9] VGC 2025 Reg I
|rated|
|rule|Species Clause: Limit one of each Pokémon
|rule|Item Clause: Limit 1 of each item
|clearpoke
|poke|p1|Miraidon, L50|
|poke|p1|Zamazenta-*, L50|
|poke|p1|Volcarona, L50, M|
|poke|p1|Chien-Pao, L50|
|poke|p1|Rillaboom, L50, M|
|poke|p1|Ogerpon, L50, F|
|poke|p2|Terapagos, L50, M|
|poke|p2|Calyrex-Shadow, L50|
|poke|p2|Grimmsnarl, L50, M|
|poke|p2|Sinistcha-Masterpiece, L50|
|poke|p2|Incineroar, L50, F|
|poke|p2|Rillaboom, L50, F|
|teampreview|4
|inactive|Battle timer is ON: inactive players will automatically lose when time's up. (requested by bryanooo_)
|inactive|gundi8 also wants the timer to be on.
|inactive|gundi8 has 60 seconds left.
|inactive|bryanooo_ has 60 seconds left.
|inactive|gundi8 has 30 seconds left.
|inactive|gundi8 has 20 seconds left.
|
|t:|1750855043
|start
|switch|p1a: Miraidon|Miraidon, L50|100/100
|switch|p1b: Zamazenta|Zamazenta-Crowned, L50|100/100
|switch|p2a: Grimmsnarl|Grimmsnarl, L50, M, shiny|100/100
|switch|p2b: Terapagos|Terapagos, L50, M|100/100
|-activate|p2b: Terapagos|ability: Tera Shift
|detailschange|p2b: Terapagos|Terapagos-Terastal, L50, M
|-heal|p2b: Terapagos|100/100|[silent]
|-fieldstart|move: Electric Terrain|[from] ability: Hadron Engine|[of] p1a: Miraidon
|-ability|p1b: Zamazenta|Dauntless Shield|boost
|-boost|p1b: Zamazenta|def|1
|turn|1
|
|t:|1750855056
|move|p2b: Terapagos|Protect|p2b: Terapagos
|-singleturn|p2b: Terapagos|Protect
|move|p2a: Grimmsnarl|Parting Shot|p1a: Miraidon
|-unboost|p1a: Miraidon|atk|1
|-unboost|p1a: Miraidon|spa|1
|
|t:|1750855060
|switch|p2a: Sinistcha|Sinistcha-Masterpiece, L50, shiny|100/100|[from] Parting Shot
|move|p1a: Miraidon|Electro Drift|p2a: Sinistcha
|-resisted|p2a: Sinistcha
|-damage|p2a: Sinistcha|70/100
|-damage|p1a: Miraidon|84/100|[from] item: Rocky Helmet|[of] p2a: Sinistcha
|move|p1b: Zamazenta|Body Press|p2b: Terapagos
|-activate|p2b: Terapagos|move: Protect
|
|upkeep
|turn|2
|
|t:|1750855071
|move|p2a: Sinistcha|Rage Powder|p2a: Sinistcha
|-singleturn|p2a: Sinistcha|move: Rage Powder
|move|p1a: Miraidon|Electro Drift|p2a: Sinistcha
|-resisted|p2a: Sinistcha
|-damage|p2a: Sinistcha|38/100
|-damage|p1a: Miraidon|68/100|[from] item: Rocky Helmet|[of] p2a: Sinistcha
|move|p1b: Zamazenta|Body Press|p2a: Sinistcha
|-immune|p2a: Sinistcha
|move|p2b: Terapagos|Calm Mind|p2b: Terapagos
|-boost|p2b: Terapagos|spa|1
|-boost|p2b: Terapagos|spd|1
|
|upkeep
|turn|3
|inactive|bryanooo_ has 30 seconds left.
|
|t:|1750855102
|switch|p1a: Ogerpon|Ogerpon, L50, F|100/100
|-terastallize|p2b: Terapagos|Stellar
|detailschange|p2b: Terapagos|Terapagos-Stellar, L50, M, tera:Stellar
|-heal|p2b: Terapagos|100/100|[silent]
|-ability|p2b: Terapagos|Teraform Zero
|-fieldend|move: Electric Terrain
|move|p1b: Zamazenta|Wide Guard|p1b: Zamazenta
|-singleturn|p1b: Zamazenta|Wide Guard
|move|p2b: Terapagos|Tera Starstorm|p1a: Ogerpon|[spread] 
|-activate|p1a: Ogerpon|move: Wide Guard
|-activate|p1b: Zamazenta|move: Wide Guard
|move|p2a: Sinistcha|Life Dew||[still]|[spread] p2a,p2b
|-heal|p2a: Sinistcha|63/100
|-fail|p2b: Terapagos|heal
|
|upkeep
|turn|4
|inactive|gundi8 has 30 seconds left.
|inactive|gundi8 has 20 seconds left.
|
|t:|1750855141
|move|p2b: Terapagos|Protect|p2b: Terapagos
|-singleturn|p2b: Terapagos|Protect
|move|p1b: Zamazenta|Wide Guard|p1b: Zamazenta
|-singleturn|p1b: Zamazenta|Wide Guard
|move|p1a: Ogerpon|Taunt|p2a: Sinistcha
|-start|p2a: Sinistcha|move: Taunt
|move|p2a: Sinistcha|Matcha Gotcha|p1b: Zamazenta|[spread] 
|-activate|p1a: Ogerpon|move: Wide Guard
|-activate|p1b: Zamazenta|move: Wide Guard
|
|upkeep
|turn|5
|
|t:|1750855162
|move|p1b: Zamazenta|Behemoth Bash|p2a: Sinistcha
|-damage|p2a: Sinistcha|33/100
|-damage|p1b: Zamazenta|84/100|[from] item: Rocky Helmet|[of] p2a: Sinistcha
|move|p1a: Ogerpon|Encore|p2b: Terapagos
|-start|p2b: Terapagos|Encore
|move|p2b: Terapagos|Protect||[still]
|-fail|p2b: Terapagos
|move|p2a: Sinistcha|Matcha Gotcha|p1b: Zamazenta|[spread] p1b
|-miss|p2a: Sinistcha|p1a: Ogerpon
|-resisted|p1b: Zamazenta
|-damage|p1b: Zamazenta|75/100
|-heal|p2a: Sinistcha|37/100|[from] drain|[of] p1b: Zamazenta
|
|upkeep
|turn|6
|
|t:|1750855181
|switch|p2a: Grimmsnarl|Grimmsnarl, L50, M, shiny|100/100
|move|p2b: Terapagos|Protect|p2b: Terapagos
|-singleturn|p2b: Terapagos|Protect
|move|p1b: Zamazenta|Behemoth Bash|p2a: Grimmsnarl
|-supereffective|p2a: Grimmsnarl
|-damage|p2a: Grimmsnarl|12/100
|move|p1a: Ogerpon|Ivy Cudgel|p2a: Grimmsnarl
|-damage|p2a: Grimmsnarl|0 fnt
|faint|p2a: Grimmsnarl
|
|upkeep
|
|t:|1750855190
|switch|p2a: Sinistcha|Sinistcha-Masterpiece, L50, shiny|37/100
|turn|7
|
|t:|1750855202
|move|p2b: Terapagos|Protect||[still]
|-fail|p2b: Terapagos
|move|p1b: Zamazenta|Body Press|p2b: Terapagos
|-supereffective|p2b: Terapagos
|-damage|p2b: Terapagos|35/100
|move|p1a: Ogerpon|Taunt|p2a: Sinistcha
|-start|p2a: Sinistcha|move: Taunt
|move|p2a: Sinistcha|Matcha Gotcha|p1b: Zamazenta|[spread] p1a
|-miss|p2a: Sinistcha|p1b: Zamazenta
|-resisted|p1a: Ogerpon
|-damage|p1a: Ogerpon|88/100
|-heal|p2a: Sinistcha|43/100|[from] drain|[of] p1a: Ogerpon
|
|-heal|p2b: Terapagos|41/100|[from] item: Leftovers
|-end|p2b: Terapagos|Encore
|upkeep
|turn|8
|
|t:|1750855222
|switch|p2b: Calyrex|Calyrex-Shadow, L50|100/100
|-ability|p2b: Calyrex|As One
|-ability|p2b: Calyrex|Unnerve
|move|p1b: Zamazenta|Behemoth Bash|p2a: Sinistcha
|-damage|p2a: Sinistcha|14/100
|-damage|p1b: Zamazenta|59/100|[from] item: Rocky Helmet|[of] p2a: Sinistcha
|move|p1a: Ogerpon|Encore||[still]
|-fail|p1a: Ogerpon
|move|p2a: Sinistcha|Matcha Gotcha|p1b: Zamazenta|[spread] p1a,p1b
|-resisted|p1a: Ogerpon
|-resisted|p1b: Zamazenta
|-damage|p1a: Ogerpon|75/100
|-heal|p2a: Sinistcha|20/100|[from] drain|[of] p1a: Ogerpon
|-damage|p1b: Zamazenta|49/100
|-heal|p2a: Sinistcha|25/100|[from] drain|[of] p1b: Zamazenta
|-status|p1b: Zamazenta|brn
|
|-damage|p1b: Zamazenta|43/100 brn|[from] brn
|upkeep
|turn|9
|inactive|gundi8 has 30 seconds left.
|
|t:|1750855250
|move|p1b: Zamazenta|Wide Guard|p1b: Zamazenta
|-singleturn|p1b: Zamazenta|Wide Guard
|move|p2b: Calyrex|Psychic|p1b: Zamazenta
|-damage|p1b: Zamazenta|0 fnt
|faint|p1b: Zamazenta
|-ability|p2b: Calyrex|Grim Neigh|boost
|-boost|p2b: Calyrex|spa|1
|-damage|p2b: Calyrex|91/100|[from] item: Life Orb
|move|p1a: Ogerpon|Ivy Cudgel|p2b: Calyrex
|-damage|p2b: Calyrex|28/100
|move|p2a: Sinistcha|Matcha Gotcha|p1a: Ogerpon
|-activate|p1a: Ogerpon|move: Wide Guard
|
|-end|p2a: Sinistcha|move: Taunt
|upkeep
|
|t:|1750855259
|switch|p1b: Chien-Pao|Chien-Pao, L50|100/100
|-ability|p1b: Chien-Pao|Sword of Ruin
|turn|10
|
|t:|1750855275
|-terastallize|p1a: Ogerpon|Grass
|detailschange|p1a: Ogerpon|Ogerpon-Teal-Tera, L50, F, tera:Grass
|-ability|p1a: Ogerpon|Embody Aspect (Teal)|boost
|-boost|p1a: Ogerpon|spe|1
|move|p2a: Sinistcha|Rage Powder|p2a: Sinistcha
|-singleturn|p2a: Sinistcha|move: Rage Powder
|move|p1a: Ogerpon|Ivy Cudgel|p2b: Calyrex
|-damage|p2b: Calyrex|0 fnt
|faint|p2b: Calyrex
|move|p1b: Chien-Pao|Icicle Crash|p2a: Sinistcha
|-supereffective|p2a: Sinistcha
|-damage|p2a: Sinistcha|0 fnt
|faint|p2a: Sinistcha
|
|upkeep
|
|t:|1750855282
|switch|p2b: Terapagos|Terapagos-Stellar, L50, M, tera:Stellar|41/100
|turn|11
|
|t:|1750855289
|move|p1a: Ogerpon|Ivy Cudgel|p2b: Terapagos
|-crit|p2b: Terapagos
|-damage|p2b: Terapagos|0 fnt
|faint|p2b: Terapagos
|detailschange|p2: Terapagos|Terapagos, L50, M|[silent]
|
|win|gundi8
|raw|gundi8's rating: 1520 &rarr; <strong>1539</strong><br />(+19 for winning)
|raw|bryanooo_'s rating: 1506 &rarr; <strong>1487</strong><br />(-19 for losing)
|l|☆bryanooo_
|player|p2|
|l|☆gundi8
|player|p1|
