|j|☆gupflup
|j|☆willscharnagl
|t:|1750749205
|gametype|doubles
|player|p1|gupflup|102|1354
|player|p2|willscharnagl|266|1365
|teamsize|p1|6
|teamsize|p2|6
|gen|9
|tier|[Gen 9] VGC 2025 Reg I
|rated|
|rule|Species Clause: Limit one of each Pokémon
|rule|Item Clause: Limit 1 of each item
|clearpoke
|poke|p1|Groudon, L50|
|poke|p1|Lunala, L50|
|poke|p1|Persian-Alola, L50, F|
|poke|p1|Sableye, L50, F|
|poke|p1|Lilligant-Hisui, L50, F|
|poke|p1|Rillaboom, L50, F|
|poke|p2|Venusaur, L50, M|
|poke|p2|Groudon, L50|
|poke|p2|Flutter Mane, L50|
|poke|p2|Calyrex-Ice, L50|
|poke|p2|Raging Bolt, L50|
|poke|p2|Chi-Yu, L50|
|teampreview|4
|inactive|Battle timer is ON: inactive players will automatically lose when time's up. (requested by willscharnagl)
|inactive|gupflup has 60 seconds left.
|
|t:|1750749281
|start
|switch|p1a: Persian|Persian-Alola, L50, F|100/100
|switch|p1b: Sableye|Sableye, L50, F|100/100
|switch|p2a: Chi-Yu|Chi-Yu, L50|100/100
|switch|p2b: Flutter Mane|Flutter Mane, L50|100/100
|-ability|p2a: Chi-Yu|Beads of Ruin
|turn|1
|inactive|gupflup has 30 seconds left.
|inactive|gupflup has 20 seconds left.
|inactive|gupflup has 15 seconds left.
|inactive|gupflup has 10 seconds left.
|
|t:|1750749329
|switch|p2a: Calyrex|Calyrex-Ice, L50|100/100
|-ability|p2a: Calyrex|As One
|-ability|p2a: Calyrex|Unnerve
|-terastallize|p1a: Persian|Poison
|move|p1b: Sableye|Gravity|p1b: Sableye
|-fieldstart|move: Gravity
|move|p2b: Flutter Mane|Moonblast|p1b: Sableye
|-supereffective|p1b: Sableye
|-damage|p1b: Sableye|0 fnt
|faint|p1b: Sableye
|move|p1a: Persian|Hypnosis|p2a: Calyrex
|-status|p2a: Calyrex|slp|[from] move: Hypnosis
|
|upkeep
|
|t:|1750749344
|switch|p1b: Groudon|Groudon, L50|100/100
|-weather|SunnyDay|[from] ability: Drought|[of] p1b: Groudon
|-activate|p2b: Flutter Mane|ability: Protosynthesis
|-start|p2b: Flutter Mane|protosynthesisspe
|turn|2
|
|t:|1750749354
|-terastallize|p2a: Calyrex|Water
|move|p2b: Flutter Mane|Protect|p2b: Flutter Mane
|-singleturn|p2b: Flutter Mane|Protect
|move|p1a: Persian|Hypnosis|p2b: Flutter Mane
|-activate|p2b: Flutter Mane|move: Protect
|move|p1b: Groudon|Bulk Up|p1b: Groudon
|-boost|p1b: Groudon|atk|1
|-boost|p1b: Groudon|def|1
|cant|p2a: Calyrex|slp
|
|-weather|SunnyDay|[upkeep]
|upkeep
|turn|3
|
|t:|1750749370
|move|p2b: Flutter Mane|Moonblast|p1b: Groudon
|-damage|p1b: Groudon|56/100
|move|p1a: Persian|Foul Play|p2a: Calyrex
|-damage|p2a: Calyrex|69/100 slp
|move|p1b: Groudon|Precipice Blades|p2b: Flutter Mane|[spread] p2a,p2b
|-damage|p2a: Calyrex|28/100 slp
|-enditem|p2b: Flutter Mane|Focus Sash
|-damage|p2b: Flutter Mane|1/100
|-enditem|p2a: Calyrex|Sitrus Berry|[eat]
|-heal|p2a: Calyrex|53/100 slp|[from] item: Sitrus Berry
|cant|p2a: Calyrex|slp
|
|-weather|SunnyDay|[upkeep]
|-heal|p1b: Groudon|61/100|[from] item: Leftovers
|upkeep
|turn|4
|inactive|gupflup has 30 seconds left.
|
|t:|1750749397
|switch|p2a: Groudon|Groudon, L50|100/100
|move|p2b: Flutter Mane|Moonblast|p1b: Groudon
|-damage|p1b: Groudon|16/100
|move|p1a: Persian|Foul Play|p2a: Groudon
|-damage|p2a: Groudon|70/100
|move|p1b: Groudon|Precipice Blades|p2b: Flutter Mane|[spread] p2a,p2b
|-damage|p2a: Groudon|20/100
|-damage|p2b: Flutter Mane|0 fnt
|faint|p2b: Flutter Mane
|-end|p2b: Flutter Mane|Protosynthesis|[silent]
|
|-weather|SunnyDay|[upkeep]
|-heal|p1b: Groudon|22/100|[from] item: Leftovers
|upkeep
|
|t:|1750749400
|switch|p2b: Chi-Yu|Chi-Yu, L50|100/100
|-ability|p2b: Chi-Yu|Beads of Ruin
|turn|5
|inactive|gupflup has 30 seconds left.
|inactive|gupflup has 20 seconds left.
|inactive|gupflup has 15 seconds left.
|inactive|gupflup has 10 seconds left.
|
|t:|1750749445
|move|p1b: Groudon|Protect|p1b: Groudon
|-singleturn|p1b: Groudon|Protect
|move|p2b: Chi-Yu|Heat Wave|p1a: Persian|[spread] p1a
|-activate|p1b: Groudon|move: Protect
|-damage|p1a: Persian|22/100
|move|p1a: Persian|Hypnosis|p2b: Chi-Yu
|-status|p2b: Chi-Yu|slp|[from] move: Hypnosis
|move|p2a: Groudon|High Horsepower|p1a: Persian
|-supereffective|p1a: Persian
|-damage|p1a: Persian|0 fnt
|faint|p1a: Persian
|
|-weather|SunnyDay|[upkeep]
|-heal|p1b: Groudon|28/100|[from] item: Leftovers
|-fieldend|move: Gravity
|upkeep
|
|t:|1750749456
|switch|p1a: Lunala|Lunala, L50|100/100
|turn|6
|
|t:|1750749465
|cant|p2b: Chi-Yu|slp
|move|p1a: Lunala|Meteor Beam||[still]
|-prepare|p1a: Lunala|Meteor Beam
|-boost|p1a: Lunala|spa|1
|-enditem|p1a: Lunala|Power Herb
|-anim|p1a: Lunala|Meteor Beam|p2b: Chi-Yu
|-supereffective|p2b: Chi-Yu
|-damage|p2b: Chi-Yu|0 fnt
|faint|p2b: Chi-Yu
|move|p1b: Groudon|Heat Crash|p2a: Groudon
|-damage|p2a: Groudon|0 fnt
|faint|p2a: Groudon
|
|-weather|none
|-heal|p1b: Groudon|33/100|[from] item: Leftovers
|upkeep
|
|t:|1750749475
|switch|p2a: Calyrex|Calyrex-Ice, L50, tera:Water|53/100 slp
|-ability|p2a: Calyrex|As One
|-ability|p2a: Calyrex|Unnerve
|turn|7
|
|t:|1750749485
|move|p1a: Lunala|Moongeist Beam|p2a: Calyrex
|-damage|p2a: Calyrex|0 fnt
|faint|p2a: Calyrex
|
|win|gupflup
|raw|gupflup's rating: 1354 &rarr; <strong>1375</strong><br />(+21 for winning)
|raw|willscharnagl's rating: 1365 &rarr; <strong>1344</strong><br />(-21 for losing)
|l|☆gupflup
|player|p1|
