|j|☆TheDecommissioner
|j|☆texastrill713
|t:|1750739601
|gametype|doubles
|player|p1|TheDecommissioner|preschooler|1371
|player|p2|texastrill713|lucas-gen4pt|1465
|teamsize|p1|6
|teamsize|p2|6
|gen|9
|tier|[Gen 9] VGC 2025 Reg I
|rated|
|rule|Species Clause: Limit one of each Pokémon
|rule|Item Clause: Limit 1 of each item
|clearpoke
|poke|p1|Walking Wake, L50|
|poke|p1|Torkoal, L50, M|
|poke|p1|Indeedee-F, L50, F|
|poke|p1|Koraidon, L50|
|poke|p1|Lilligant-Hisui, L50, F|
|poke|p1|Archaludon, L50, M|
|poke|p2|Kyogre, L50|
|poke|p2|Zacian-*, L50|
|poke|p2|Roaring Moon, L50|
|poke|p2|Chien-Pao, L50|
|poke|p2|Amoonguss, L50, M|
|poke|p2|Urshifu-*, L50, M|
|teampreview|4
|inactive|Battle timer is ON: inactive players will automatically lose when time's up. (requested by TheDecommissioner)
|inactive|TheDecommissioner has 60 seconds left.
|inactive|texastrill713 has 60 seconds left.
|
|t:|1750739645
|start
|switch|p1a: Koraidon|Koraidon, L50|100/100
|switch|p1b: Talking|Lilligant-Hisui, L50, F|100/100
|switch|p2a: Roaring Moon|Roaring Moon, L50|100/100
|switch|p2b: Chien-Pao|Chien-Pao, L50|100/100
|-weather|SunnyDay|[from] ability: Orichalcum Pulse|[of] p1a: Koraidon
|-activate|p2a: Roaring Moon|ability: Protosynthesis
|-start|p2a: Roaring Moon|protosynthesisspe
|-activate|p1a: Koraidon|Orichalcum Pulse|[source]
|-ability|p2b: Chien-Pao|Sword of Ruin
|turn|1
|inactive|TheDecommissioner has 30 seconds left.
|inactive|texastrill713 has 30 seconds left.
|inactive|TheDecommissioner has 20 seconds left.
|inactive|texastrill713 has 20 seconds left.
|inactive|texastrill713 has 15 seconds left.
|inactive|texastrill713 has 10 seconds left.
|inactive|texastrill713 has 5 seconds left.
|
|t:|1750739701
|switch|p2b: Kyogre|Kyogre, L50|100/100
|-weather|RainDance|[from] ability: Drizzle|[of] p2b: Kyogre
|-end|p2a: Roaring Moon|Protosynthesis
|-enditem|p2a: Roaring Moon|Booster Energy
|-activate|p2a: Roaring Moon|ability: Protosynthesis|[fromitem]
|-start|p2a: Roaring Moon|protosynthesisspe
|-terastallize|p2a: Roaring Moon|Flying
|-terastallize|p1a: Koraidon|Fire
|move|p2a: Roaring Moon|Acrobatics|p1b: Talking
|-supereffective|p1b: Talking
|-damage|p1b: Talking|0 fnt
|faint|p1b: Talking
|move|p1a: Koraidon|Flare Blitz|p2b: Kyogre
|-resisted|p2b: Kyogre
|-damage|p2b: Kyogre|83/100
|-damage|p1a: Koraidon|95/100|[from] Recoil
|
|-weather|RainDance|[upkeep]
|upkeep
|
|t:|1750739706
|switch|p1b: Is|Archaludon, L50, M|100/100
|turn|2
|inactive|texastrill713 has 30 seconds left.
|inactive|texastrill713 has 20 seconds left.
|
|t:|1750739744
|switch|p1a: Scotland|Walking Wake, L50|100/100
|-enditem|p1a: Scotland|Booster Energy
|-activate|p1a: Scotland|ability: Protosynthesis|[fromitem]
|-start|p1a: Scotland|protosynthesisspe
|switch|p2b: Chien-Pao|Chien-Pao, L50|100/100
|-ability|p2b: Chien-Pao|Sword of Ruin
|move|p2a: Roaring Moon|Tailwind|p2a: Roaring Moon
|-sidestart|p2: texastrill713|move: Tailwind
|move|p1b: Is|Electro Shot||[still]
|-prepare|p1b: Is|Electro Shot
|-boost|p1b: Is|spa|1
|-anim|p1b: Is|Electro Shot|p2a: Roaring Moon
|-supereffective|p2a: Roaring Moon
|-damage|p2a: Roaring Moon|0 fnt
|faint|p2a: Roaring Moon
|-end|p2a: Roaring Moon|Protosynthesis|[silent]
|
|-weather|RainDance|[upkeep]
|upkeep
|
|t:|1750739763
|switch|p2a: Zacian|Zacian-Crowned, L50|100/100
|-ability|p2a: Zacian|Intrepid Sword|boost
|-boost|p2a: Zacian|atk|1
|turn|3
|inactive|TheDecommissioner has 30 seconds left.
|inactive|TheDecommissioner has 20 seconds left.
|inactive|TheDecommissioner has 15 seconds left.
|inactive|TheDecommissioner has 10 seconds left.
|
|t:|1750739813
|move|p2a: Zacian|Play Rough|p1a: Scotland
|-supereffective|p1a: Scotland
|-damage|p1a: Scotland|0 fnt
|faint|p1a: Scotland
|-end|p1a: Scotland|Protosynthesis|[silent]
|move|p2b: Chien-Pao|Sacred Sword|p1b: Is
|-supereffective|p1b: Is
|-damage|p1b: Is|35/100
|-ability|p1b: Is|Stamina|boost
|-boost|p1b: Is|def|1
|move|p1b: Is|Electro Shot||[still]
|-prepare|p1b: Is|Electro Shot
|-boost|p1b: Is|spa|1
|-anim|p1b: Is|Electro Shot|p2a: Zacian
|-damage|p2a: Zacian|37/100
|
|-weather|RainDance|[upkeep]
|upkeep
|
|t:|1750739815
|switch|p1a: Koraidon|Koraidon, L50, tera:Fire|95/100
|-weather|SunnyDay|[from] ability: Orichalcum Pulse|[of] p1a: Koraidon
|-activate|p1a: Koraidon|Orichalcum Pulse|[source]
|turn|4
|inactive|TheDecommissioner has 30 seconds left.
|inactive|texastrill713 has 30 seconds left.
|inactive|texastrill713 has 20 seconds left.
|inactive|texastrill713 has 15 seconds left.
|
|t:|1750739857
|move|p2a: Zacian|Behemoth Blade|p1a: Koraidon
|-resisted|p1a: Koraidon
|-damage|p1a: Koraidon|51/100
|move|p2b: Chien-Pao|Sacred Sword|p1b: Is
|-supereffective|p1b: Is
|-damage|p1b: Is|0 fnt
|faint|p1b: Is
|move|p1a: Koraidon|Collision Course|p2a: Zacian
|-damage|p2a: Zacian|0 fnt
|faint|p2a: Zacian
|
|-weather|SunnyDay|[upkeep]
|upkeep
|
|t:|1750739871
|switch|p2a: Kyogre|Kyogre, L50|83/100
|-weather|RainDance|[from] ability: Drizzle|[of] p2a: Kyogre
|turn|5
|
|t:|1750739891
|move|p2b: Chien-Pao|Sucker Punch|p1a: Koraidon
|-damage|p1a: Koraidon|13/100
|move|p2a: Kyogre|Water Spout|p1a: Koraidon
|-supereffective|p1a: Koraidon
|-damage|p1a: Koraidon|0 fnt
|faint|p1a: Koraidon
|
|win|texastrill713
|raw|TheDecommissioner's rating: 1371 &rarr; <strong>1356</strong><br />(-15 for losing)
|raw|texastrill713's rating: 1465 &rarr; <strong>1480</strong><br />(+15 for winning)
|l|☆TheDecommissioner
|player|p1|
|l|☆texastrill713
|player|p2|
