|j|☆chlok!
|j|☆Porygon-EpilepZ
|t:|1750867630
|gametype|doubles
|player|p1|chlok!|juliana-festival|
|player|p2|Porygon-EpilepZ|lucas|
|teamsize|p1|6
|teamsize|p2|6
|gen|9
|tier|[Gen 9] VGC 2025 Reg I
|rated|Tournament battle
|rule|Species Clause: Limit one of each Pokémon
|rule|Item Clause: Limit 1 of each item
|raw|<div class="infobox"><details class="readmore" open><summary><strong>2 custom rules:</strong></summary> Force Open Team Sheets, !Open Team Sheets</details></div>
|clearpoke
|poke|p1|Zacian-*, L50|
|poke|p1|Calyrex-Ice, L50|
|poke|p1|Iron Jugulis, L50|
|poke|p1|Ogerpon-Wellspring, L50, F|
|poke|p1|Annihilape, L50, F|
|poke|p1|Amoonguss, L50, F|
|poke|p2|Zacian-*, L50|
|poke|p2|Koraidon, L50|
|poke|p2|Flutter Mane, L50|
|poke|p2|Tornadus, L50, M|
|poke|p2|Raging Bolt, L50|
|poke|p2|Incineroar, L50, M|
|teampreview|4
|showteam|p1|Zacian-Crowned||RustedSword|IntrepidSword|Protect,PlayRough,behemothblade,Howl||||||50|,,,,,Fairy]Calyrex-Ice||NeverMeltIce|AsOneGlastrier|GlacialLance,HighHorsepower,Imprison,TrickRoom||||||50|,,,,,Fire]Iron Jugulis||BoosterEnergy|QuarkDrive|Snarl,Tailwind,AirSlash,Protect||||||50|,,,,,Steel]Ogerpon-Wellspring||WellspringMask|WaterAbsorb|IvyCudgel,SpikyShield,FollowMe,HornLeech|||F|||50|,,,,,Water]Annihilape||AssaultVest|Defiant|RageFist,FinalGambit,CloseCombat,Uturn|||F|||50|,,,,,Grass]Amoonguss||CovertCloak|Regenerator|Spore,RagePowder,Protect,PollenPuff|||F|||50|,,,,,Dark
|showteam|p2|Zacian-Crowned||RustedSword|IntrepidSword|behemothblade,SacredSword,PlayRough,Protect||||||50|,,,,,Water]Koraidon||LifeOrb|OrichalcumPulse|CloseCombat,FlameCharge,FlareBlitz,Protect||||||50|,,,,,Fire]Flutter Mane||FocusSash|Protosynthesis|Moonblast,ShadowBall,Protect,Taunt||||||50|,,,,,Normal]Tornadus||CovertCloak|Prankster|Tailwind,SunnyDay,Taunt,BleakwindStorm|||M|||50|,,,,,Dark]Raging Bolt||AssaultVest|Protosynthesis|DracoMeteor,Thunderclap,Thunderbolt,Snarl||||||50|,,,,,Fairy]Incineroar||RockyHelmet|Intimidate|FakeOut,PartingShot,KnockOff,WillOWisp|||M|||50|,,,,,Bug
|inactive|Battle timer is ON: inactive players will automatically lose when time's up. (requested by Porygon-EpilepZ)
|inactive|chlok! also wants the timer to be on.
|c|☆chlok!|glhf
|c|☆Porygon-EpilepZ|glhf
|inactive|chlok! has 60 seconds left.
|inactive|Porygon-EpilepZ has 60 seconds left.
|
|t:|1750867672
|start
|switch|p1a: Ogerpon|Ogerpon-Wellspring, L50, F|100/100
|switch|p1b: Annihilape|Annihilape, L50, F|100/100
|switch|p2a: Incineroar|Incineroar, L50, M|100/100
|switch|p2b: Koraidon|Koraidon, L50|100/100
|-weather|SunnyDay|[from] ability: Orichalcum Pulse|[of] p2b: Koraidon
|-activate|p2b: Koraidon|Orichalcum Pulse|[source]
|-ability|p2a: Incineroar|Intimidate|boost
|-unboost|p1a: Ogerpon|atk|1
|-unboost|p1b: Annihilape|atk|1
|-ability|p1b: Annihilape|Defiant|boost
|-boost|p1b: Annihilape|atk|2
|turn|1
|j| Landovoir
|inactive|chlok! has 30 seconds left.
|
|t:|1750867700
|-terastallize|p2b: Koraidon|Fire
|move|p2a: Incineroar|Fake Out|p1a: Ogerpon
|-damage|p1a: Ogerpon|90/100
|cant|p1a: Ogerpon|flinch
|move|p2b: Koraidon|Flare Blitz|p1b: Annihilape
|-damage|p1b: Annihilape|0 fnt
|faint|p1b: Annihilape
|-damage|p2b: Koraidon|60/100|[from] Recoil
|-damage|p2b: Koraidon|50/100|[from] item: Life Orb
|
|-weather|SunnyDay|[upkeep]
|upkeep
|c|☆chlok!|jokes on you
|c|☆chlok!|my annihilape was suicidal anyway
|
|t:|1750867721
|switch|p1b: Calyrex|Calyrex-Ice, L50|100/100
|-ability|p1b: Calyrex|As One
|-ability|p1b: Calyrex|Unnerve
|turn|2
|c|☆Porygon-EpilepZ|well he ain't taking me as well
|
|t:|1750867744
|-terastallize|p1b: Calyrex|Fire
|move|p1a: Ogerpon|Follow Me|p1a: Ogerpon
|-singleturn|p1a: Ogerpon|move: Follow Me
|move|p2b: Koraidon|Close Combat|p1a: Ogerpon
|-damage|p1a: Ogerpon|0 fnt
|-unboost|p2b: Koraidon|def|1
|-unboost|p2b: Koraidon|spd|1
|faint|p1a: Ogerpon
|-damage|p2b: Koraidon|40/100|[from] item: Life Orb
|move|p2a: Incineroar|Parting Shot|p1b: Calyrex
|-unboost|p1b: Calyrex|atk|1
|-unboost|p1b: Calyrex|spa|1
|
|t:|1750867755
|switch|p2a: Flutter Mane|Flutter Mane, L50|100/100|[from] Parting Shot
|-activate|p2a: Flutter Mane|ability: Protosynthesis
|-start|p2a: Flutter Mane|protosynthesisspe
|move|p1b: Calyrex|Trick Room|p1b: Calyrex
|-fieldstart|move: Trick Room|[of] p1b: Calyrex
|
|-weather|SunnyDay|[upkeep]
|upkeep
|
|t:|1750867759
|switch|p1a: Amoonguss|Amoonguss, L50, F|100/100
|turn|3
|
|t:|1750867779
|-end|p2a: Flutter Mane|Protosynthesis|[silent]
|switch|p2a: Incineroar|Incineroar, L50, M|100/100
|-ability|p2a: Incineroar|Intimidate|boost
|-unboost|p1a: Amoonguss|atk|1
|-unboost|p1b: Calyrex|atk|1
|move|p2b: Koraidon|Protect|p2b: Koraidon
|-singleturn|p2b: Koraidon|Protect
|move|p1a: Amoonguss|Spore|p2b: Koraidon
|-activate|p2b: Koraidon|move: Protect
|move|p1b: Calyrex|Glacial Lance|p2a: Incineroar|[spread] p2a
|-activate|p2b: Koraidon|move: Protect
|-resisted|p2a: Incineroar
|-damage|p2a: Incineroar|90/100
|
|-weather|SunnyDay|[upkeep]
|upkeep
|turn|4
|c|☆chlok!|clam might be a good idea tbh
|c|☆chlok!|for cir
|inactive|Porygon-EpilepZ has 30 seconds left.
|
|t:|1750867806
|move|p2a: Incineroar|Fake Out|p1b: Calyrex
|-damage|p1b: Calyrex|93/100
|move|p1a: Amoonguss|Spore|p2b: Koraidon
|-status|p2b: Koraidon|slp|[from] move: Spore
|cant|p1b: Calyrex|flinch
|cant|p2b: Koraidon|slp
|
|-weather|SunnyDay|[upkeep]
|upkeep
|turn|5
|
|t:|1750867828
|switch|p2b: Zacian|Zacian-Crowned, L50|100/100
|-ability|p2b: Zacian|Intrepid Sword|boost
|-boost|p2b: Zacian|atk|1
|move|p1a: Amoonguss|Spore|p2a: Incineroar
|-status|p2a: Incineroar|slp|[from] move: Spore
|cant|p2a: Incineroar|slp
|move|p1b: Calyrex|High Horsepower|p2b: Zacian
|-supereffective|p2b: Zacian
|-damage|p2b: Zacian|65/100
|
|-weather|none
|upkeep
|turn|6
|inactive|chlok! has 30 seconds left.
|
|t:|1750867859
|move|p2b: Zacian|Protect|p2b: Zacian
|-singleturn|p2b: Zacian|Protect
|move|p1a: Amoonguss|Spore|p2a: Incineroar
|-fail|p2a: Incineroar|slp
|-curestatus|p2a: Incineroar|slp|[msg]
|move|p2a: Incineroar|Knock Off|p1b: Calyrex
|-damage|p1b: Calyrex|72/100
|-enditem|p1b: Calyrex|Never-Melt Ice|[from] move: Knock Off|[of] p2a: Incineroar
|move|p1b: Calyrex|Glacial Lance|p2b: Zacian|[spread] p2a
|-activate|p2b: Zacian|move: Protect
|-resisted|p2a: Incineroar
|-damage|p2a: Incineroar|81/100
|
|-fieldend|move: Trick Room
|upkeep
|turn|7
|
|t:|1750867883
|move|p1a: Amoonguss|Rage Powder|p1a: Amoonguss
|-singleturn|p1a: Amoonguss|move: Rage Powder
|move|p2b: Zacian|Sacred Sword|p1a: Amoonguss
|-resisted|p1a: Amoonguss
|-damage|p1a: Amoonguss|78/100
|move|p2a: Incineroar|Parting Shot|p1a: Amoonguss
|-unboost|p1a: Amoonguss|atk|1
|-unboost|p1a: Amoonguss|spa|1
|c|☆chlok!|this is miserable
|
|t:|1750867890
|switch|p2a: Koraidon|Koraidon, L50, tera:Fire|40/100 slp|[from] Parting Shot
|-weather|SunnyDay|[from] ability: Orichalcum Pulse|[of] p2a: Koraidon
|-activate|p2a: Koraidon|Orichalcum Pulse|[source]
|move|p1b: Calyrex|Trick Room|p1b: Calyrex
|-fieldstart|move: Trick Room|[of] p1b: Calyrex
|
|-weather|SunnyDay|[upkeep]
|upkeep
|turn|8
|
|t:|1750867903
|switch|p2a: Incineroar|Incineroar, L50, M|81/100
|-ability|p2a: Incineroar|Intimidate|boost
|-unboost|p1a: Amoonguss|atk|1
|-unboost|p1b: Calyrex|atk|1
|move|p2b: Zacian|Protect|p2b: Zacian
|-singleturn|p2b: Zacian|Protect
|move|p1a: Amoonguss|Spore|p2b: Zacian
|-activate|p2b: Zacian|move: Protect
|move|p1b: Calyrex|High Horsepower|p2a: Incineroar
|-supereffective|p2a: Incineroar
|-damage|p2a: Incineroar|59/100
|-damage|p1b: Calyrex|55/100|[from] item: Rocky Helmet|[of] p2a: Incineroar
|
|-weather|SunnyDay|[upkeep]
|upkeep
|turn|9
|c|☆chlok!|crit
|c|☆chlok!|crit crit
|inactive|chlok! has 30 seconds left.
|inactive|chlok! has 20 seconds left.
|
|t:|1750867939
|switch|p2b: Koraidon|Koraidon, L50, tera:Fire|40/100 slp
|-activate|p2b: Koraidon|ability: Orichalcum Pulse
|move|p2a: Incineroar|Fake Out|p1b: Calyrex
|-damage|p1b: Calyrex|48/100
|move|p1a: Amoonguss|Spore|p2b: Koraidon
|-fail|p2b: Koraidon|slp
|cant|p1b: Calyrex|flinch
|
|-weather|SunnyDay|[upkeep]
|upkeep
|turn|10
|inactive|Porygon-EpilepZ has 30 seconds left.
|j| tomcheung22
|
|t:|1750867965
|move|p1a: Amoonguss|Rage Powder|p1a: Amoonguss
|-singleturn|p1a: Amoonguss|move: Rage Powder
|move|p2a: Incineroar|Knock Off|p1a: Amoonguss
|-damage|p1a: Amoonguss|43/100
|-enditem|p1a: Amoonguss|Covert Cloak|[from] move: Knock Off|[of] p2a: Incineroar
|move|p1b: Calyrex|High Horsepower|p2b: Koraidon
|-supereffective|p2b: Koraidon
|-damage|p2b: Koraidon|15/100 slp
|cant|p2b: Koraidon|slp
|
|-weather|SunnyDay|[upkeep]
|upkeep
|turn|11
|c|☆chlok!|we going for a third tr?
|j| X2Muz
|inactive|chlok! has 30 seconds left.
|inactive|Porygon-EpilepZ has 30 seconds left.
|
|t:|1750868004
|switch|p2b: Zacian|Zacian-Crowned, L50|65/100
|move|p1a: Amoonguss|Spore|p2a: Incineroar
|-status|p2a: Incineroar|slp|[from] move: Spore
|cant|p2a: Incineroar|slp
|move|p1b: Calyrex|High Horsepower|p2b: Zacian
|-supereffective|p2b: Zacian
|-damage|p2b: Zacian|38/100
|
|-weather|none
|-fieldend|move: Trick Room
|upkeep
|turn|12
|inactive|Porygon-EpilepZ has 30 seconds left.
|inactive|Porygon-EpilepZ has 20 seconds left.
|inactive|Porygon-EpilepZ has 15 seconds left.
|inactive|Porygon-EpilepZ has 10 seconds left.
|
|t:|1750868051
|move|p2b: Zacian|Protect|p2b: Zacian
|-singleturn|p2b: Zacian|Protect
|move|p1a: Amoonguss|Protect|p1a: Amoonguss
|-singleturn|p1a: Amoonguss|Protect
|cant|p2a: Incineroar|slp
|move|p1b: Calyrex|Trick Room|p1b: Calyrex
|-fieldstart|move: Trick Room|[of] p1b: Calyrex
|
|upkeep
|turn|13
|c| Landovoir|wow
|
|t:|1750868067
|switch|p2b: Flutter Mane|Flutter Mane, L50|100/100
|move|p1a: Amoonguss|Pollen Puff|p1b: Calyrex
|-heal|p1b: Calyrex|98/100
|cant|p2a: Incineroar|slp
|move|p1b: Calyrex|High Horsepower|p2a: Incineroar
|-supereffective|p2a: Incineroar
|-damage|p2a: Incineroar|37/100 slp
|-damage|p1b: Calyrex|82/100|[from] item: Rocky Helmet|[of] p2a: Incineroar
|
|upkeep
|turn|14
|inactive|chlok! has 30 seconds left.
|inactive|chlok! has 20 seconds left.
|inactive|chlok! has 15 seconds left.
|inactive|chlok! has 10 seconds left.
|
|t:|1750868117
|move|p2b: Flutter Mane|Protect|p2b: Flutter Mane
|-singleturn|p2b: Flutter Mane|Protect
|move|p1a: Amoonguss|Pollen Puff|p2a: Incineroar
|-damage|p2a: Incineroar|26/100 slp
|-curestatus|p2a: Incineroar|slp|[msg]
|move|p2a: Incineroar|Parting Shot|p1b: Calyrex
|-unboost|p1b: Calyrex|atk|1
|-unboost|p1b: Calyrex|spa|1
|c|☆chlok!|lagging vro
|
|t:|1750868129
|switch|p2a: Zacian|Zacian-Crowned, L50|38/100|[from] Parting Shot
|move|p1b: Calyrex|High Horsepower|p2a: Zacian
|-supereffective|p2a: Zacian
|-damage|p2a: Zacian|18/100
|
|upkeep
|turn|15
|
|t:|1750868144
|switch|p2a: Incineroar|Incineroar, L50, M|26/100
|-ability|p2a: Incineroar|Intimidate|boost
|-unboost|p1a: Amoonguss|atk|1
|-unboost|p1b: Calyrex|atk|1
|move|p1a: Amoonguss|Spore|p2a: Incineroar
|-status|p2a: Incineroar|slp|[from] move: Spore
|move|p1b: Calyrex|Glacial Lance|p2a: Incineroar|[spread] p2a,p2b
|-resisted|p2a: Incineroar
|-crit|p2a: Incineroar
|-damage|p2a: Incineroar|0 fnt
|-damage|p2b: Flutter Mane|66/100
|faint|p2a: Incineroar
|-ability|p1b: Calyrex|Chilling Neigh|boost
|-boost|p1b: Calyrex|atk|1
|move|p2b: Flutter Mane|Shadow Ball|p1a: Amoonguss
|-damage|p1a: Amoonguss|11/100
|
|upkeep
|
|t:|1750868164
|switch|p2a: Koraidon|Koraidon, L50, tera:Fire|15/100 slp
|-weather|SunnyDay|[from] ability: Orichalcum Pulse|[of] p2a: Koraidon
|-activate|p2b: Flutter Mane|ability: Protosynthesis
|-start|p2b: Flutter Mane|protosynthesisspe
|-activate|p2a: Koraidon|Orichalcum Pulse|[source]
|turn|16
|inactive|chlok! has 30 seconds left.
|c|☆chlok!|PLEASE
|c|☆chlok!|DONT WAKE UP
|c| Landovoir|does it matter?
|inactive|chlok! has 20 seconds left.
|c|☆Porygon-EpilepZ|yes
|inactive|chlok! has 15 seconds left.
|
|t:|1750868206
|cant|p2a: Koraidon|slp
|move|p2b: Flutter Mane|Protect|p2b: Flutter Mane
|-singleturn|p2b: Flutter Mane|Protect
|move|p1a: Amoonguss|Pollen Puff|p2a: Koraidon
|-resisted|p2a: Koraidon
|-damage|p2a: Koraidon|8/100 slp
|move|p1b: Calyrex|Glacial Lance|p2a: Koraidon|[spread] p2a
|-activate|p2b: Flutter Mane|move: Protect
|-resisted|p2a: Koraidon
|-damage|p2a: Koraidon|0 fnt
|faint|p2a: Koraidon
|-ability|p1b: Calyrex|Chilling Neigh|boost
|-boost|p1b: Calyrex|atk|1
|
|-weather|SunnyDay|[upkeep]
|-fieldend|move: Trick Room
|upkeep
|
|t:|1750868218
|switch|p2a: Zacian|Zacian-Crowned, L50|18/100
|turn|17
|inactive|chlok! has 30 seconds left.
|
|t:|1750868232
|move|p1a: Amoonguss|Rage Powder|p1a: Amoonguss
|-singleturn|p1a: Amoonguss|move: Rage Powder
|move|p2b: Flutter Mane|Shadow Ball|p1a: Amoonguss
|-damage|p1a: Amoonguss|0 fnt
|faint|p1a: Amoonguss
|move|p2a: Zacian|Sacred Sword|p1b: Calyrex
|-damage|p1b: Calyrex|59/100
|move|p1b: Calyrex|High Horsepower|p2a: Zacian
|-supereffective|p2a: Zacian
|-damage|p2a: Zacian|0 fnt
|faint|p2a: Zacian
|-ability|p1b: Calyrex|Chilling Neigh|boost
|-boost|p1b: Calyrex|atk|1
|
|-weather|SunnyDay|[upkeep]
|upkeep
|turn|18
|inactive|chlok! has 30 seconds left this turn.
|inactive|chlok! has 20 seconds left.
|
|t:|1750868246
|move|p2b: Flutter Mane|Shadow Ball|p1b: Calyrex
|-damage|p1b: Calyrex|30/100
|move|p1b: Calyrex|Glacial Lance|p2b: Flutter Mane
|-damage|p2b: Flutter Mane|0 fnt
|faint|p2b: Flutter Mane
|-end|p2b: Flutter Mane|Protosynthesis|[silent]
|
|win|chlok!
|n|☆chlok!|chlok
|n|☆Porygon-EpilepZ|porygonepilepz
|n| Landovoir|landovoir
|n| tomcheung22|tomcheung22
|n| X2Muz|x2muz
|c|☆Porygon-EpilepZ|gg
|c|☆chlok!|holy
|c|☆chlok!|gg
|l|☆Porygon-EpilepZ
|player|p2|
|l| X2Muz
