|j|☆Jaker0125
|j|☆long9819
|t:|1750873910
|gametype|doubles
|player|p1|Jaker0125|red|1314
|player|p2|long9819|266|1296
|teamsize|p1|6
|teamsize|p2|6
|gen|9
|tier|[Gen 9] VGC 2025 Reg I
|rated|
|rule|Species Clause: Limit one of each Pokémon
|rule|Item Clause: Limit 1 of each item
|clearpoke
|poke|p1|Calyrex-Ice, L50|
|poke|p1|Kyogre, L50|
|poke|p1|Blastoise, L50, M|
|poke|p1|Amoonguss, L50, F|
|poke|p1|Flutter Mane, L50|
|poke|p1|Urshifu-*, L50, F|
|poke|p2|Calyrex-Shadow, L50|
|poke|p2|Maushold-Four, L50|
|poke|p2|Zamazenta-*, L50|
|poke|p2|Dondozo, L50, F|
|poke|p2|Tatsugiri-Droopy, L50, F|
|poke|p2|Weezing-Galar, L50, F|
|teampreview|4
|inactive|Battle timer is ON: inactive players will automatically lose when time's up. (requested by Jaker0125)
|inactive|Jaker0125 has 60 seconds left.
|inactive|long9819 has 60 seconds left.
|
|t:|1750873958
|start
|switch|p1a: Flutter Mane|Flutter Mane, L50|100/100
|switch|p1b: Urshifu|Urshifu-Rapid-Strike, L50, F|100/100
|switch|p2a: Calyrex|Calyrex-Shadow, L50|100/100
|switch|p2b: Maushold|Maushold-Four, L50|100/100
|-ability|p2a: Calyrex|As One
|-ability|p2a: Calyrex|Unnerve
|turn|1
|inactive|Jaker0125 has 30 seconds left.
|inactive|long9819 has 30 seconds left.
|inactive|long9819 has 20 seconds left.
|inactive|long9819 has 15 seconds left.
|inactive|long9819 has 10 seconds left.
|inactive|long9819 has 5 seconds left.
|
|t:|1750874013
|-terastallize|p1a: Flutter Mane|Normal
|move|p2b: Maushold|Feint|p1b: Urshifu
|-damage|p1b: Urshifu|91/100
|move|p2a: Calyrex|Astral Barrage|p1a: Flutter Mane|[spread] p1b
|-immune|p1a: Flutter Mane
|-damage|p1b: Urshifu|0 fnt
|faint|p1b: Urshifu
|-ability|p2a: Calyrex|Grim Neigh|boost
|-boost|p2a: Calyrex|spa|1
|move|p1a: Flutter Mane|Icy Wind|p2a: Calyrex|[spread] p2a,p2b
|-damage|p2a: Calyrex|89/100
|-damage|p2b: Maushold|85/100
|-unboost|p2a: Calyrex|spe|1
|-unboost|p2b: Maushold|spe|1
|
|upkeep
|
|t:|1750874038
|switch|p1b: Kyogre|Kyogre, L50|100/100
|-weather|RainDance|[from] ability: Drizzle|[of] p1b: Kyogre
|turn|2
|l|☆long9819
|inactive|long9819 disconnected and has a minute to reconnect!
|player|p2|
|j|☆long9819
|inactive|long9819 reconnected and has 50 seconds left.
|player|p2|long9819|266|
|inactive|long9819 has 30 seconds left.
|
|t:|1750874067
|switch|p2a: Dondozo|Dondozo, L50, F|100/100
|switch|p2b: Tatsugiri|Tatsugiri-Droopy, L50, F|100/100
|-activate|p2b: Tatsugiri|ability: Commander|[of] p2a: Dondozo
|-boost|p2a: Dondozo|atk|2
|-boost|p2a: Dondozo|spa|2
|-boost|p2a: Dondozo|spe|2
|-boost|p2a: Dondozo|def|2
|-boost|p2a: Dondozo|spd|2
|move|p1a: Flutter Mane|Moonblast|p2a: Dondozo
|-damage|p2a: Dondozo|75/100
|move|p1b: Kyogre|Origin Pulse|p2a: Dondozo|[spread] p2a
|-miss|p1b: Kyogre|p2b: Tatsugiri
|-resisted|p2a: Dondozo
|-damage|p2a: Dondozo|53/100
|
|-weather|RainDance|[upkeep]
|-heal|p2a: Dondozo|59/100|[from] item: Leftovers
|upkeep
|turn|3
|inactive|Jaker0125 has 30 seconds left.
|inactive|long9819 has 30 seconds left.
|inactive|Jaker0125 has 20 seconds left.
|inactive|Jaker0125 has 15 seconds left.
|inactive|Jaker0125 has 10 seconds left.
|
|t:|1750874113
|move|p2a: Dondozo|Protect|p2a: Dondozo
|-singleturn|p2a: Dondozo|Protect
|move|p1a: Flutter Mane|Icy Wind|p2a: Dondozo|[spread] 
|-miss|p1a: Flutter Mane|p2b: Tatsugiri
|-activate|p2a: Dondozo|move: Protect
|move|p1b: Kyogre|Water Spout|p2a: Dondozo|[spread] 
|-miss|p1b: Kyogre|p2b: Tatsugiri
|-activate|p2a: Dondozo|move: Protect
|
|-weather|RainDance|[upkeep]
|-heal|p2a: Dondozo|65/100|[from] item: Leftovers
|upkeep
|turn|4
|
|t:|1750874133
|move|p1a: Flutter Mane|Icy Wind|p2b: Tatsugiri|[spread] p2a
|-miss|p1a: Flutter Mane|p2b: Tatsugiri
|-resisted|p2a: Dondozo
|-damage|p2a: Dondozo|62/100
|-unboost|p2a: Dondozo|spe|1
|move|p1b: Kyogre|Water Spout|p2b: Tatsugiri|[spread] p2a
|-miss|p1b: Kyogre|p2b: Tatsugiri
|-resisted|p2a: Dondozo
|-damage|p2a: Dondozo|30/100
|move|p2a: Dondozo|Order Up|p1b: Kyogre
|-damage|p1b: Kyogre|55/100
|-boost|p2a: Dondozo|def|1
|
|-weather|RainDance|[upkeep]
|-heal|p2a: Dondozo|36/100|[from] item: Leftovers
|upkeep
|turn|5
|
|t:|1750874150
|-end|p1a: Flutter Mane|Protosynthesis|[silent]
|switch|p1a: Calyrex|Calyrex-Ice, L50|100/100
|-ability|p1a: Calyrex|As One
|-ability|p1a: Calyrex|Unnerve
|move|p2a: Dondozo|Protect|p2a: Dondozo
|-singleturn|p2a: Dondozo|Protect
|move|p1b: Kyogre|Origin Pulse|p2a: Dondozo|[spread] 
|-miss|p1b: Kyogre|p2b: Tatsugiri
|-activate|p2a: Dondozo|move: Protect
|
|-weather|RainDance|[upkeep]
|-heal|p2a: Dondozo|42/100|[from] item: Leftovers
|upkeep
|turn|6
|inactive|long9819 has 30 seconds left.
|
|t:|1750874175
|move|p1b: Kyogre|Origin Pulse|p2b: Tatsugiri|[spread] p2a
|-miss|p1b: Kyogre|p2b: Tatsugiri
|-resisted|p2a: Dondozo
|-damage|p2a: Dondozo|20/100
|move|p2a: Dondozo|Order Up|p1b: Kyogre
|-damage|p1b: Kyogre|15/100
|-boost|p2a: Dondozo|def|1
|move|p1a: Calyrex|Leech Seed|p2a: Dondozo
|-start|p2a: Dondozo|move: Leech Seed
|
|-weather|none
|-heal|p2a: Dondozo|26/100|[from] item: Leftovers
|-damage|p2a: Dondozo|14/100|[from] Leech Seed|[of] p1a: Calyrex
|upkeep
|turn|7
|inactive|Jaker0125 has 30 seconds left.
|inactive|long9819 has 30 seconds left.
|inactive|Jaker0125 has 20 seconds left.
|
|t:|1750874211
|move|p2a: Dondozo|Protect|p2a: Dondozo
|-singleturn|p2a: Dondozo|Protect
|move|p1b: Kyogre|Origin Pulse|p2b: Tatsugiri|[spread] 
|-miss|p1b: Kyogre|p2b: Tatsugiri
|-activate|p2a: Dondozo|move: Protect
|move|p1a: Calyrex|Leech Seed|p2b: Tatsugiri|[miss]
|-miss|p1a: Calyrex|p2b: Tatsugiri
|
|-heal|p2a: Dondozo|20/100|[from] item: Leftovers
|-damage|p2a: Dondozo|8/100|[from] Leech Seed|[of] p1a: Calyrex
|upkeep
|turn|8
|
|t:|1750874221
|move|p1b: Kyogre|Origin Pulse|p2b: Tatsugiri|[spread] p2a
|-miss|p1b: Kyogre|p2b: Tatsugiri
|-resisted|p2a: Dondozo
|-damage|p2a: Dondozo|0 fnt
|faint|p2a: Dondozo
|move|p1a: Calyrex|Leech Seed|p2b: Tatsugiri
|-start|p2b: Tatsugiri|move: Leech Seed
|
|-damage|p2b: Tatsugiri|88/100|[from] Leech Seed|[of] p1a: Calyrex
|upkeep
|
|t:|1750874229
|switch|p2a: Calyrex|Calyrex-Shadow, L50|89/100
|-ability|p2a: Calyrex|As One
|-ability|p2a: Calyrex|Unnerve
|turn|9
|inactive|Jaker0125 has 30 seconds left.
|inactive|long9819 has 30 seconds left.
|
|t:|1750874259
|move|p1a: Calyrex|Protect|p1a: Calyrex
|-singleturn|p1a: Calyrex|Protect
|move|p2a: Calyrex|Energy Ball|p1b: Kyogre
|-supereffective|p1b: Kyogre
|-crit|p1b: Kyogre
|-damage|p1b: Kyogre|0 fnt
|faint|p1b: Kyogre
|-ability|p2a: Calyrex|Grim Neigh|boost
|-boost|p2a: Calyrex|spa|1
|move|p2b: Tatsugiri|Dragon Pulse|p1a: Calyrex
|-activate|p1a: Calyrex|move: Protect
|
|-damage|p2b: Tatsugiri|76/100|[from] Leech Seed|[of] p1a: Calyrex
|upkeep
|
|t:|1750874271
|switch|p1b: Flutter Mane|Flutter Mane, L50, tera:Normal|100/100
|turn|10
|inactive|long9819 has 30 seconds left.
|
|t:|1750874297
|move|p2a: Calyrex|Energy Ball|p1a: Calyrex
|-damage|p1a: Calyrex|50/100
|move|p1b: Flutter Mane|Moonblast|p2a: Calyrex
|-crit|p2a: Calyrex
|-damage|p2a: Calyrex|12/100
|-unboost|p2a: Calyrex|spa|1
|move|p2b: Tatsugiri|Dragon Pulse|p1a: Calyrex
|-damage|p1a: Calyrex|23/100
|move|p1a: Calyrex|Glacial Lance|p2b: Tatsugiri|[spread] p2a,p2b
|-damage|p2a: Calyrex|0 fnt
|-damage|p2b: Tatsugiri|3/100
|faint|p2a: Calyrex
|-ability|p1a: Calyrex|Chilling Neigh|boost
|-boost|p1a: Calyrex|atk|1
|
|-heal|p1a: Calyrex|29/100|[from] item: Leftovers
|-damage|p2b: Tatsugiri|0 fnt|[from] Leech Seed|[of] p1a: Calyrex
|-heal|p1a: Calyrex|30/100|[silent]
|faint|p2b: Tatsugiri
|upkeep
|-message|long9819 forfeited.
|
|win|Jaker0125
|raw|Jaker0125's rating: 1314 &rarr; <strong>1333</strong><br />(+19 for winning)
|raw|long9819's rating: 1296 &rarr; <strong>1272</strong><br />(-24 for losing)
|l|☆long9819
|player|p2|
|l|☆Jaker0125
|player|p1|
