|j|☆jkool99
|j|☆lpelpe
|t:|1750873628
|gametype|doubles
|player|p1|jkool99|101|1379
|player|p2|lpelpe|169|1355
|teamsize|p1|6
|teamsize|p2|6
|gen|9
|tier|[Gen 9] VGC 2025 Reg I
|rated|
|rule|Species Clause: Limit one of each Pokémon
|rule|Item Clause: Limit 1 of each item
|clearpoke
|poke|p1|Volcarona, L50, M|
|poke|p1|Miraidon, L50|
|poke|p1|Ursaluna-Bloodmoon, L50, M|
|poke|p1|Grimmsnarl, L50, M|
|poke|p1|Calyrex-Shadow, L50|
|poke|p1|Chesnaught, L50, F|
|poke|p2|Indeedee-F, L50, F|
|poke|p2|Urshifu-*, L50, M|
|poke|p2|Calyrex-Ice, L50|
|poke|p2|Reshiram, L50|
|poke|p2|Ursaluna-Bloodmoon, L50, M|
|poke|p2|Hatterene, L50, F|
|teampreview|4
|inactive|Battle timer is ON: inactive players will automatically lose when time's up. (requested by jkool99)
|inactive|jkool99 has 60 seconds left.
|
|t:|1750873668
|start
|switch|p1a: Chesnaught|Chesnaught, L50, F|100/100
|switch|p1b: Calyrex|Calyrex-Shadow, L50|100/100
|switch|p2a: Indeedee|Indeedee-F, L50, F|100/100
|switch|p2b: Hatterene|Hatterene, L50, F|100/100
|-ability|p1b: Calyrex|As One
|-ability|p1b: Calyrex|Unnerve
|-fieldstart|move: Psychic Terrain|[from] ability: Psychic Surge|[of] p2a: Indeedee
|turn|1
|inactive|lpelpe has 30 seconds left.
|
|t:|1750873695
|-terastallize|p1b: Calyrex|Ground
|-terastallize|p2b: Hatterene|Normal
|move|p1a: Chesnaught|Wide Guard|p1a: Chesnaught
|-singleturn|p1a: Chesnaught|Wide Guard
|move|p1b: Calyrex|Tera Blast|p2a: Indeedee|[anim] Tera Blast Ground
|-damage|p2a: Indeedee|41/100
|-damage|p1b: Calyrex|91/100|[from] item: Life Orb
|move|p2a: Indeedee|Dazzling Gleam|p1a: Chesnaught|[spread] 
|-activate|p1a: Chesnaught|move: Wide Guard
|-activate|p1b: Calyrex|move: Wide Guard
|move|p2b: Hatterene|Trick Room|p2b: Hatterene
|-fieldstart|move: Trick Room|[of] p2b: Hatterene
|
|upkeep
|turn|2
|inactive|jkool99 has 30 seconds left.
|
|t:|1750873721
|switch|p2b: Reshiram|Reshiram, L50|100/100
|-ability|p2b: Reshiram|Turboblaze
|move|p1b: Calyrex|Protect|p1b: Calyrex
|-singleturn|p1b: Calyrex|Protect
|move|p2a: Indeedee|Follow Me|p2a: Indeedee
|-singleturn|p2a: Indeedee|move: Follow Me
|move|p1a: Chesnaught|Body Press|p2a: Indeedee
|-damage|p2a: Indeedee|0 fnt
|faint|p2a: Indeedee
|
|upkeep
|
|t:|1750873737
|switch|p2a: Hatterene|Hatterene, L50, F, tera:Normal|100/100
|turn|3
|
|t:|1750873748
|switch|p1b: Miraidon|Miraidon, L50|100/100
|-fieldstart|move: Electric Terrain|[from] ability: Hadron Engine|[of] p1b: Miraidon
|-enditem|p1a: Chesnaught|Electric Seed
|-boost|p1a: Chesnaught|def|1|[from] item: Electric Seed
|move|p1a: Chesnaught|Spiky Shield|p1a: Chesnaught
|-singleturn|p1a: Chesnaught|move: Protect
|move|p2a: Hatterene|Expanding Force|p1a: Chesnaught
|-activate|p1a: Chesnaught|move: Protect
|move|p2b: Reshiram|Fusion Flare|p1b: Miraidon
|-resisted|p1b: Miraidon
|-damage|p1b: Miraidon|74/100
|
|upkeep
|turn|4
|
|t:|1750873769
|switch|p1b: Grimmsnarl|Grimmsnarl, L50, M|100/100
|move|p2a: Hatterene|Dazzling Gleam|p1a: Chesnaught|[spread] p1a,p1b
|-supereffective|p1a: Chesnaught
|-supereffective|p1b: Grimmsnarl
|-damage|p1a: Chesnaught|19/100
|-damage|p1b: Grimmsnarl|37/100
|move|p2b: Reshiram|Dragon Pulse|p1b: Grimmsnarl
|-immune|p1b: Grimmsnarl
|move|p1a: Chesnaught|Body Press|p2a: Hatterene
|-supereffective|p2a: Hatterene
|-enditem|p2a: Hatterene|Focus Sash
|-damage|p2a: Hatterene|1/100
|
|upkeep
|turn|5
|
|t:|1750873789
|move|p1b: Grimmsnarl|Fake Out|p2a: Hatterene
|-damage|p2a: Hatterene|0 fnt
|faint|p2a: Hatterene
|move|p2b: Reshiram|Fusion Flare|p1b: Grimmsnarl
|-damage|p1b: Grimmsnarl|0 fnt
|faint|p1b: Grimmsnarl
|move|p1a: Chesnaught|Leech Seed|p2b: Reshiram
|-start|p2b: Reshiram|move: Leech Seed
|
|-damage|p2b: Reshiram|88/100|[from] Leech Seed|[of] p1a: Chesnaught
|-heal|p1a: Chesnaught|31/100|[silent]
|-fieldend|move: Trick Room
|upkeep
|
|t:|1750873803
|switch|p1b: Miraidon|Miraidon, L50|74/100
|switch|p2a: Calyrex|Calyrex-Ice, L50|100/100
|-ability|p2a: Calyrex|As One
|-ability|p2a: Calyrex|Unnerve
|-activate|p1b: Miraidon|ability: Hadron Engine
|turn|6
|
|t:|1750873813
|move|p1a: Chesnaught|Spiky Shield|p1a: Chesnaught
|-singleturn|p1a: Chesnaught|move: Protect
|move|p2b: Reshiram|Protect|p2b: Reshiram
|-singleturn|p2b: Reshiram|Protect
|move|p1b: Miraidon|Electro Drift|p2a: Calyrex
|-damage|p2a: Calyrex|7/100
|move|p2a: Calyrex|Trick Room|p2a: Calyrex
|-fieldstart|move: Trick Room|[of] p2a: Calyrex
|
|-damage|p2b: Reshiram|76/100|[from] Leech Seed|[of] p1a: Chesnaught
|-heal|p1a: Chesnaught|44/100|[silent]
|upkeep
|turn|7
|
|t:|1750873827
|move|p1a: Chesnaught|Wide Guard|p1a: Chesnaught
|-singleturn|p1a: Chesnaught|Wide Guard
|move|p2b: Reshiram|Dragon Pulse|p1b: Miraidon
|-supereffective|p1b: Miraidon
|-damage|p1b: Miraidon|0 fnt
|faint|p1b: Miraidon
|move|p2a: Calyrex|Glacial Lance|p1a: Chesnaught
|-activate|p1a: Chesnaught|move: Wide Guard
|
|-damage|p2b: Reshiram|64/100|[from] Leech Seed|[of] p1a: Chesnaught
|-heal|p1a: Chesnaught|56/100|[silent]
|-fieldend|move: Electric Terrain
|upkeep
|
|t:|1750873837
|switch|p1b: Calyrex|Calyrex-Shadow, L50, tera:Ground|91/100
|-ability|p1b: Calyrex|As One
|-ability|p1b: Calyrex|Unnerve
|turn|8
|
|t:|1750873853
|move|p1a: Chesnaught|Wide Guard|p1a: Chesnaught
|-singleturn|p1a: Chesnaught|Wide Guard
|move|p2b: Reshiram|Fusion Flare|p1b: Calyrex
|-damage|p1b: Calyrex|23/100
|move|p2a: Calyrex|Glacial Lance|p1a: Chesnaught|[spread] 
|-activate|p1a: Chesnaught|move: Wide Guard
|-activate|p1b: Calyrex|move: Wide Guard
|move|p1b: Calyrex|Astral Barrage|p2a: Calyrex|[spread] p2a,p2b
|-supereffective|p2a: Calyrex
|-damage|p2a: Calyrex|0 fnt
|-damage|p2b: Reshiram|8/100
|faint|p2a: Calyrex
|-ability|p1b: Calyrex|Grim Neigh|boost
|-boost|p1b: Calyrex|spa|1
|-damage|p1b: Calyrex|13/100|[from] item: Life Orb
|
|-damage|p2b: Reshiram|0 fnt|[from] Leech Seed|[of] p1a: Chesnaught
|-heal|p1a: Chesnaught|64/100|[silent]
|faint|p2b: Reshiram
|
|win|jkool99
|raw|jkool99's rating: 1379 &rarr; <strong>1398</strong><br />(+19 for winning)
|raw|lpelpe's rating: 1355 &rarr; <strong>1336</strong><br />(-19 for losing)
|l|☆lpelpe
|player|p2|
|l|☆jkool99
|player|p1|
