|j|☆Aoparzi
|j|☆Backalaking
|t:|1750826513
|gametype|doubles
|player|p1|Aoparzi|2|1094
|player|p2|Backalaking|101|1112
|teamsize|p1|6
|teamsize|p2|6
|gen|9
|tier|[Gen 9] VGC 2025 Reg I
|rated|
|rule|Species Clause: Limit one of each Pokémon
|rule|Item Clause: Limit 1 of each item
|clearpoke
|poke|p1|Miraidon, L50|
|poke|p1|Iron Hands, L50|
|poke|p1|Lunala, L50|
|poke|p1|Ting-Lu, L50|
|poke|p1|Incineroar, L50, F|
|poke|p1|Chien-Pao, L50|
|poke|p2|Ho-Oh, L50|
|poke|p2|Hydrapple, L50, M|
|poke|p2|Palkia-Origin, L50|
|poke|p2|Iron Hands, L50|
|poke|p2|Ninetales-Alola, L50, F|
|poke|p2|Landorus-Therian, L50, M|
|teampreview|4
|
|t:|1750826560
|start
|switch|p1a: Miraidon|Miraidon, L50|100/100
|switch|p1b: Lunala|Lunala, L50|100/100
|switch|p2a: Landorus|Landorus-Therian, L50, M|100/100
|switch|p2b: Palkia|Palkia-Origin, L50|100/100
|-fieldstart|move: Electric Terrain|[from] ability: Hadron Engine|[of] p1a: Miraidon
|-ability|p2b: Palkia|Pressure
|-ability|p2a: Landorus|Intimidate|boost
|-unboost|p1a: Miraidon|atk|1
|-unboost|p1b: Lunala|atk|1
|turn|1
|
|t:|1750826588
|move|p2b: Palkia|Protect|p2b: Palkia
|-singleturn|p2b: Palkia|Protect
|move|p1a: Miraidon|Draco Meteor|p2a: Landorus
|-damage|p2a: Landorus|0 fnt
|-unboost|p1a: Miraidon|spa|2
|faint|p2a: Landorus
|move|p1b: Lunala|Dazzling Gleam|p2b: Palkia
|-activate|p2b: Palkia|move: Protect
|
|upkeep
|
|t:|1750826598
|switch|p2a: Hydrapple|Hydrapple, L50, M|100/100
|turn|2
|
|t:|1750826607
|switch|p1a: Iron Hands|Iron Hands, L50|100/100
|-activate|p1a: Iron Hands|ability: Quark Drive
|-start|p1a: Iron Hands|quarkdriveatk
|move|p2b: Palkia|Dragon Pulse|p1a: Iron Hands
|-damage|p1a: Iron Hands|80/100
|move|p2a: Hydrapple|Draco Meteor|p1a: Iron Hands|[miss]
|-miss|p2a: Hydrapple|p1a: Iron Hands
|move|p1b: Lunala|Trick Room|p1b: Lunala
|-fieldstart|move: Trick Room|[of] p1b: Lunala
|
|upkeep
|turn|3
|
|t:|1750826645
|move|p2b: Palkia|Protect|p2b: Palkia
|-singleturn|p2b: Palkia|Protect
|move|p2a: Hydrapple|Pollen Puff|p1b: Lunala
|-damage|p1b: Lunala|91/100
|move|p1a: Iron Hands|Supercell Slam|p2b: Palkia
|-activate|p2b: Palkia|move: Protect
|-damage|p1a: Iron Hands|30/100|[from] supercellslam
|move|p1b: Lunala|Dazzling Gleam|p2a: Hydrapple|[spread] p2a
|-activate|p2b: Palkia|move: Protect
|-supereffective|p2a: Hydrapple
|-damage|p2a: Hydrapple|64/100
|
|upkeep
|turn|4
|
|t:|1750826686
|move|p2a: Hydrapple|Draco Meteor|p1b: Lunala
|-damage|p1b: Lunala|49/100
|-unboost|p2a: Hydrapple|spa|2
|-enditem|p2a: Hydrapple|Eject Pack
|
|t:|1750826691
|switch|p2a: Ho-Oh|Ho-Oh, L50|100/100
|move|p1a: Iron Hands|Close Combat|p2a: Ho-Oh
|-resisted|p2a: Ho-Oh
|-damage|p2a: Ho-Oh|69/100
|-unboost|p1a: Iron Hands|def|1
|-unboost|p1a: Iron Hands|spd|1
|move|p1b: Lunala|Dazzling Gleam|p2b: Palkia|[spread] p2a,p2b
|-resisted|p2a: Ho-Oh
|-supereffective|p2b: Palkia
|-damage|p2a: Ho-Oh|64/100
|-damage|p2b: Palkia|70/100
|move|p2b: Palkia|Dragon Pulse|p1b: Lunala
|-damage|p1b: Lunala|13/100
|
|upkeep
|turn|5
|
|t:|1750826712
|-end|p1a: Iron Hands|Quark Drive|[silent]
|switch|p1a: Miraidon|Miraidon, L50|100/100
|-activate|p1a: Miraidon|ability: Hadron Engine
|move|p2b: Palkia|Protect|p2b: Palkia
|-singleturn|p2b: Palkia|Protect
|move|p2a: Ho-Oh|Earthquake|p1a: Miraidon|[spread] p1a,p1b
|-activate|p2b: Palkia|move: Protect
|-supereffective|p1a: Miraidon
|-damage|p1a: Miraidon|15/100
|-damage|p1b: Lunala|0 fnt
|faint|p1b: Lunala
|
|-fieldend|move: Electric Terrain
|upkeep
|
|t:|1750826723
|switch|p1b: Chien-Pao|Chien-Pao, L50|100/100
|-ability|p1b: Chien-Pao|Sword of Ruin
|turn|6
|
|t:|1750826737
|-terastallize|p2a: Ho-Oh|Fire
|move|p2a: Ho-Oh|Earthquake|p1b: Chien-Pao|[spread] p2b,p1a,p1b
|-supereffective|p1a: Miraidon
|-damage|p2b: Palkia|22/100
|-damage|p1a: Miraidon|0 fnt
|-damage|p1b: Chien-Pao|40/100
|faint|p1a: Miraidon
|move|p2b: Palkia|Flamethrower|p1b: Chien-Pao
|-supereffective|p1b: Chien-Pao
|-damage|p1b: Chien-Pao|0 fnt
|faint|p1b: Chien-Pao
|
|-fieldend|move: Trick Room
|upkeep
|-message|Aoparzi forfeited.
|
|win|Backalaking
|raw|Aoparzi's rating: 1094 &rarr; <strong>1071</strong><br />(-23 for losing)
|raw|Backalaking's rating: 1112 &rarr; <strong>1136</strong><br />(+24 for winning)
|l|☆Aoparzi
|player|p1|
|l|☆Backalaking
|player|p2|
