|j|☆gui2xx
|j|☆ThelegendaryFarmer
|t:|1750741345
|gametype|doubles
|player|p1|gui2xx|preschoolerf|1099
|player|p2|ThelegendaryFarmer|rancher|1056
|teamsize|p1|6
|teamsize|p2|6
|gen|9
|tier|[Gen 9] VGC 2025 Reg I
|rated|
|rule|Species Clause: Limit one of each Pokémon
|rule|Item Clause: Limit 1 of each item
|clearpoke
|poke|p1|Lugia, L50|
|poke|p1|Dusclops, L50, F|
|poke|p1|Meowstic, L50, M|
|poke|p1|Calyrex-Shadow, L50|
|poke|p1|Rhyperior, L50, F|
|poke|p1|Chi-Yu, L50|
|poke|p2|Calyrex-Ice, L50|
|poke|p2|Indeedee-F, L50, F|
|poke|p2|Torkoal, L50, F|
|poke|p2|Hatterene, L50, F|
|poke|p2|Smeargle, L50, M|
|poke|p2|Gallade, L50, M|
|teampreview|4
|inactive|Battle timer is ON: inactive players will automatically lose when time's up. (requested by gui2xx)
|
|t:|1750741360
|start
|switch|p1a: Calyrex|Calyrex-Shadow, L50|100/100
|switch|p1b: Meowstic|Meowstic, L50, M|100/100
|switch|p2a: Calyrex|Calyrex-Ice, L50|100/100
|switch|p2b: Indeedee|Indeedee-F, L50, F|100/100
|-ability|p1a: Calyrex|As One
|-ability|p1a: Calyrex|Unnerve
|-ability|p2a: Calyrex|As One
|-ability|p2a: Calyrex|Unnerve
|-fieldstart|move: Psychic Terrain|[from] ability: Psychic Surge|[of] p2b: Indeedee
|turn|1
|
|t:|1750741382
|switch|p1b: Chi-Yu|Chi-Yu, L50|100/100
|-ability|p1b: Chi-Yu|Beads of Ruin
|-terastallize|p1a: Calyrex|Psychic
|move|p2b: Indeedee|Follow Me|p2b: Indeedee
|-singleturn|p2b: Indeedee|move: Follow Me
|move|p1a: Calyrex|Expanding Force|p2b: Indeedee|[spread] p2a,p2b
|-resisted|p2a: Calyrex
|-resisted|p2b: Indeedee
|-damage|p2a: Calyrex|54/100
|-damage|p2b: Indeedee|55/100
|move|p2a: Calyrex|Trick Room|p2a: Calyrex
|-fieldstart|move: Trick Room|[of] p2a: Calyrex
|
|upkeep
|turn|2
|
|t:|1750741407
|move|p2b: Indeedee|Helping Hand|p2a: Calyrex
|-singleturn|p2a: Calyrex|Helping Hand|[of] p2b: Indeedee
|move|p2a: Calyrex|Glacial Lance|p1a: Calyrex|[spread] p1a,p1b
|-resisted|p1b: Chi-Yu
|-damage|p1a: Calyrex|0 fnt
|-damage|p1b: Chi-Yu|59/100
|faint|p1a: Calyrex
|-ability|p2a: Calyrex|Chilling Neigh|boost
|-boost|p2a: Calyrex|atk|1
|move|p1b: Chi-Yu|Fire Spin|p2a: Calyrex
|-supereffective|p2a: Calyrex
|-damage|p2a: Calyrex|25/100
|-activate|p2a: Calyrex|move: Fire Spin|[of] p1b: Chi-Yu
|
|-damage|p2a: Calyrex|13/100|[from] move: Fire Spin|[partiallytrapped]
|upkeep
|
|t:|1750741421
|switch|p1a: Meowstic|Meowstic, L50, M|100/100
|turn|3
|n|☆ThelegendaryFarmer|thelegendaryfarmer
|inactive|ThelegendaryFarmer has 30 seconds left.
|
|t:|1750741447
|move|p2b: Indeedee|Helping Hand|p2a: Calyrex
|-singleturn|p2a: Calyrex|Helping Hand|[of] p2b: Indeedee
|move|p2a: Calyrex|Glacial Lance|p1b: Chi-Yu|[spread] p1a,p1b
|-resisted|p1b: Chi-Yu
|-enditem|p1a: Meowstic|Focus Sash
|-damage|p1a: Meowstic|1/100
|-damage|p1b: Chi-Yu|0 fnt
|faint|p1b: Chi-Yu
|-ability|p2a: Calyrex|Chilling Neigh|boost
|-boost|p2a: Calyrex|atk|1
|move|p1a: Meowstic|Trick Room|p1a: Meowstic
|-fieldend|move: Trick Room
|
|-end|p2a: Calyrex|Fire Spin|[partiallytrapped]|[silent]
|upkeep
|
|t:|1750741457
|switch|p1b: Rhyperior|Rhyperior, L50, F|100/100
|turn|4
|
|t:|1750741467
|move|p1a: Meowstic|Protect|p1a: Meowstic
|-singleturn|p1a: Meowstic|Protect
|move|p2b: Indeedee|Follow Me|p2b: Indeedee
|-singleturn|p2b: Indeedee|move: Follow Me
|move|p1b: Rhyperior|Rock Blast|p2b: Indeedee
|-crit|p2b: Indeedee
|-damage|p2b: Indeedee|7/100
|-damage|p2b: Indeedee|0 fnt
|faint|p2b: Indeedee
|-hitcount|p2: Indeedee|2
|move|p2a: Calyrex|Trick Room|p2a: Calyrex
|-fieldstart|move: Trick Room|[of] p2a: Calyrex
|
|upkeep
|
|t:|1750741471
|switch|p2b: Torkoal|Torkoal, L50, F|100/100
|-weather|SunnyDay|[from] ability: Drought|[of] p2b: Torkoal
|turn|5
|inactive|gui2xx has 30 seconds left.
|
|t:|1750741497
|move|p1a: Meowstic|Imprison|p1a: Meowstic
|-start|p1a: Meowstic|move: Imprison
|move|p2b: Torkoal|Eruption|p1b: Rhyperior|[spread] p1a,p1b
|-resisted|p1b: Rhyperior
|-damage|p1a: Meowstic|0 fnt
|-damage|p1b: Rhyperior|34/100
|faint|p1a: Meowstic
|move|p1b: Rhyperior|Rock Blast|p2a: Calyrex
|-supereffective|p2a: Calyrex
|-damage|p2a: Calyrex|0 fnt
|faint|p2a: Calyrex
|-hitcount|p2: Calyrex|1
|
|-weather|SunnyDay|[upkeep]
|-fieldend|move: Psychic Terrain
|upkeep
|
|t:|1750741502
|switch|p2a: Hatterene|Hatterene, L50, F|100/100
|turn|6
|
|t:|1750741511
|move|p2b: Torkoal|Eruption|p1b: Rhyperior
|-resisted|p1b: Rhyperior
|-damage|p1b: Rhyperior|0 fnt
|faint|p1b: Rhyperior
|
|win|ThelegendaryFarmer
|raw|gui2xx's rating: 1099 &rarr; <strong>1071</strong><br />(-28 for losing)
|raw|ThelegendaryFarmer's rating: 1056 &rarr; <strong>1091</strong><br />(+35 for winning)
|l|☆gui2xx
|player|p1|
|l|☆ThelegendaryFarmer
|player|p2|
