|j|☆relooo
|j|☆Alexfind
|t:|1750767533
|gametype|doubles
|player|p1|relooo|1|1267
|player|p2|Alexfind|265|1385
|teamsize|p1|6
|teamsize|p2|6
|gen|9
|tier|[Gen 9] VGC 2025 Reg I
|rated|
|rule|Species Clause: Limit one of each Pokémon
|rule|Item Clause: Limit 1 of each item
|clearpoke
|poke|p1|Calyrex-Ice, L50|
|poke|p1|Smeargle, L50, F|
|poke|p1|Necrozma-Dawn-Wings, L50|
|poke|p1|Indeedee-F, L50, F|
|poke|p1|Ursaluna, L50, M|
|poke|p1|Incineroar, L50, F|
|poke|p2|Stonjourner, L50, F|
|poke|p2|Rayquaza, L50|
|poke|p2|Zamazenta-*, L50|
|poke|p2|Ting-Lu, L50|
|poke|p2|Raichu, L50, F|
|poke|p2|Ogerpon-Hearthflame, L50, F|
|teampreview|4
|
|t:|1750767558
|start
|switch|p1a: Calyrex|Calyrex-Ice, L50|100/100
|switch|p1b: Smeargle|Smeargle, L50, F|100/100
|switch|p2a: Raichu|Raichu, L50, F|100/100
|switch|p2b: Zamazenta|Zamazenta-Crowned, L50|100/100
|-ability|p1a: Calyrex|As One
|-ability|p1a: Calyrex|Unnerve
|-ability|p2b: Zamazenta|Dauntless Shield|boost
|-boost|p2b: Zamazenta|def|1
|turn|1
|inactive|Battle timer is ON: inactive players will automatically lose when time's up. (requested by Alexfind)
|
|t:|1750767571
|move|p2a: Raichu|Fake Out|p1b: Smeargle
|-damage|p1b: Smeargle|89/100
|cant|p1b: Smeargle|flinch
|move|p2b: Zamazenta|Body Press|p1b: Smeargle
|-supereffective|p1b: Smeargle
|-damage|p1b: Smeargle|0 fnt
|faint|p1b: Smeargle
|move|p1a: Calyrex|Trick Room|p1a: Calyrex
|-fieldstart|move: Trick Room|[of] p1a: Calyrex
|
|upkeep
|
|t:|1750767583
|switch|p1b: Indeedee|Indeedee-F, L50, F|100/100
|-fieldstart|move: Psychic Terrain|[from] ability: Psychic Surge|[of] p1b: Indeedee
|turn|2
|
|t:|1750767599
|move|p1a: Calyrex|Leech Seed|p2b: Zamazenta
|-start|p2b: Zamazenta|move: Leech Seed
|move|p1b: Indeedee|Psychic|p2b: Zamazenta
|-damage|p2b: Zamazenta|76/100
|move|p2b: Zamazenta|Iron Defense|p2b: Zamazenta
|-boost|p2b: Zamazenta|def|2
|move|p2a: Raichu|Endeavor|p1a: Calyrex
|-damage|p1a: Calyrex|81/100
|
|-heal|p1a: Calyrex|87/100|[from] item: Leftovers
|-damage|p2b: Zamazenta|64/100|[from] Leech Seed|[of] p1a: Calyrex
|-heal|p1a: Calyrex|98/100|[silent]
|upkeep
|turn|3
|inactive|relooo has 30 seconds left.
|
|t:|1750767630
|switch|p1a: Necrozma|Necrozma-Dawn-Wings, L50|100/100
|-enditem|p1a: Necrozma|Psychic Seed
|-boost|p1a: Necrozma|spd|1|[from] item: Psychic Seed
|move|p1b: Indeedee|Psychic|p2b: Zamazenta
|-damage|p2b: Zamazenta|39/100
|move|p2b: Zamazenta|Body Press|p1b: Indeedee
|-damage|p1b: Indeedee|0 fnt
|faint|p1b: Indeedee
|move|p2a: Raichu|Nuzzle|p1a: Necrozma
|-damage|p1a: Necrozma|96/100
|-status|p1a: Necrozma|par
|
|-damage|p2b: Zamazenta|26/100|[from] Leech Seed|[of] p1a: Necrozma
|-heal|p1a: Necrozma|100/100 par|[silent]
|upkeep
|
|t:|1750767640
|switch|p1b: Calyrex|Calyrex-Ice, L50|98/100
|-ability|p1b: Calyrex|As One
|-ability|p1b: Calyrex|Unnerve
|turn|4
|
|t:|1750767663
|move|p1a: Necrozma|Moongeist Beam|p2b: Zamazenta
|-crit|p2b: Zamazenta
|-damage|p2b: Zamazenta|0 fnt
|faint|p2b: Zamazenta
|move|p1b: Calyrex|Leech Seed|p2a: Raichu
|-start|p2a: Raichu|move: Leech Seed
|move|p2a: Raichu|Nuzzle|p1b: Calyrex
|-damage|p1b: Calyrex|93/100
|-status|p1b: Calyrex|par
|
|-heal|p1b: Calyrex|99/100 par|[from] item: Leftovers
|-damage|p2a: Raichu|89/100|[from] Leech Seed|[of] p1b: Calyrex
|-heal|p1b: Calyrex|100/100 par|[silent]
|upkeep
|
|t:|1750767670
|switch|p2b: Ting-Lu|Ting-Lu, L50|100/100
|-ability|p2b: Ting-Lu|Vessel of Ruin
|turn|5
|inactive|Alexfind has 30 seconds left.
|
|t:|1750767697
|-terastallize|p2b: Ting-Lu|Fairy
|move|p1b: Calyrex|Glacial Lance|p2b: Ting-Lu|[spread] p2a,p2b
|-damage|p2a: Raichu|0 fnt
|-damage|p2b: Ting-Lu|78/100
|faint|p2a: Raichu
|-ability|p1b: Calyrex|Chilling Neigh|boost
|-boost|p1b: Calyrex|atk|1
|move|p1a: Necrozma|Moongeist Beam|p2b: Ting-Lu
|-damage|p2b: Ting-Lu|43/100
|move|p2b: Ting-Lu|Ruination|p1b: Calyrex
|-damage|p1b: Calyrex|51/100 par
|
|-heal|p1b: Calyrex|57/100 par|[from] item: Leftovers
|-heal|p2b: Ting-Lu|50/100|[from] item: Leftovers
|-fieldend|move: Trick Room
|upkeep
|
|t:|1750767710
|switch|p2a: Stonjourner|Stonjourner, L50, F|100/100
|turn|6
|
|t:|1750767725
|-terastallize|p1a: Necrozma|Dark
|move|p2a: Stonjourner|Wide Guard|p2a: Stonjourner
|-singleturn|p2a: Stonjourner|Wide Guard
|move|p2b: Ting-Lu|Lash Out|p1b: Calyrex
|-supereffective|p1b: Calyrex
|-damage|p1b: Calyrex|9/100 par
|move|p1a: Necrozma|Expanding Force|p2a: Stonjourner|[spread] 
|-activate|p2a: Stonjourner|move: Wide Guard
|-activate|p2b: Ting-Lu|move: Wide Guard
|move|p1b: Calyrex|Leech Seed|p2a: Stonjourner
|-start|p2a: Stonjourner|move: Leech Seed
|
|-heal|p2b: Ting-Lu|56/100|[from] item: Leftovers
|-heal|p1b: Calyrex|15/100 par|[from] item: Leftovers
|-damage|p2a: Stonjourner|88/100|[from] Leech Seed|[of] p1b: Calyrex
|-heal|p1b: Calyrex|25/100 par|[silent]
|-fieldend|move: Psychic Terrain
|upkeep
|turn|7
|inactive|Alexfind has 30 seconds left.
|
|t:|1750767751
|move|p2a: Stonjourner|Body Press|p1a: Necrozma
|-supereffective|p1a: Necrozma
|-damage|p1a: Necrozma|66/100 par
|move|p2b: Ting-Lu|Lash Out|p1b: Calyrex
|-supereffective|p1b: Calyrex
|-damage|p1b: Calyrex|0 fnt
|faint|p1b: Calyrex
|move|p1a: Necrozma|Moongeist Beam|p2b: Ting-Lu
|-damage|p2b: Ting-Lu|20/100
|
|-heal|p2b: Ting-Lu|27/100|[from] item: Leftovers
|upkeep
|turn|8
|
|t:|1750767766
|move|p2a: Stonjourner|Body Press|p1a: Necrozma
|-supereffective|p1a: Necrozma
|-damage|p1a: Necrozma|34/100 par
|move|p2b: Ting-Lu|Sand Tomb|p1a: Necrozma
|-damage|p1a: Necrozma|22/100 par
|-activate|p1a: Necrozma|move: Sand Tomb|[of] p2b: Ting-Lu
|move|p1a: Necrozma|Moongeist Beam|p2b: Ting-Lu
|-damage|p2b: Ting-Lu|0 fnt
|faint|p2b: Ting-Lu
|
|-end|p1a: Necrozma|Sand Tomb|[partiallytrapped]|[silent]
|upkeep
|turn|9
|
|t:|1750767777
|move|p2a: Stonjourner|Body Press|p1a: Necrozma
|-supereffective|p1a: Necrozma
|-damage|p1a: Necrozma|0 fnt
|faint|p1a: Necrozma
|
|win|Alexfind
|raw|relooo's rating: 1267 &rarr; <strong>1250</strong><br />(-17 for losing)
|raw|Alexfind's rating: 1385 &rarr; <strong>1398</strong><br />(+13 for winning)
|l|☆Alexfind
|player|p2|
|l|☆relooo
|player|p1|
