|j|☆parapapa123
|j|☆gozerwijf
|t:|1750856357
|gametype|doubles
|player|p1|parapapa123|265|1378
|player|p2|gozerwijf|richboy-gen4|1343
|teamsize|p1|6
|teamsize|p2|6
|gen|9
|tier|[Gen 9] VGC 2025 Reg I
|rated|
|rule|Species Clause: Limit one of each Pokémon
|rule|Item Clause: Limit 1 of each item
|clearpoke
|poke|p1|Calyrex-Ice, L50|
|poke|p1|Landorus, L50, M|
|poke|p1|Urshifu-*, L50, M|
|poke|p1|Farigiraf, L50, M|
|poke|p1|Miraidon, L50|
|poke|p1|Incineroar, L50, M|
|poke|p2|Iron Treads, L50|
|poke|p2|Calyrex-Shadow, L50|
|poke|p2|Tyranitar, L50, F|
|poke|p2|Murkrow, L50, M|
|poke|p2|Zacian-*, L50|
|poke|p2|Ursaluna-Bloodmoon, L50, M|
|teampreview|4
|l|☆parapapa123
|player|p1|
|j|☆parapapa123
|player|p1|parapapa123|265|
|l|☆parapapa123
|player|p1|
|inactive|Battle timer is ON: inactive players will automatically lose when time's up. (requested by gozerwijf)
|j|☆parapapa123
|inactive|parapapa123 reconnected and has 85 seconds left.
|player|p1|parapapa123|265|
|inactive|parapapa123 has 60 seconds left.
|
|t:|1750856441
|start
|switch|p1a: Incineroar|Incineroar, L50, M|100/100
|switch|p1b: Miraidon|Miraidon, L50|100/100
|switch|p2a: Iron Treads|Iron Treads, L50|100/100
|switch|p2b: Ursaluna|Ursaluna-Bloodmoon, L50, M|100/100
|-fieldstart|move: Electric Terrain|[from] ability: Hadron Engine|[of] p1b: Miraidon
|-activate|p2a: Iron Treads|ability: Quark Drive
|-start|p2a: Iron Treads|quarkdrivespe
|-ability|p1a: Incineroar|Intimidate|boost
|-unboost|p2a: Iron Treads|atk|1
|-unboost|p2b: Ursaluna|atk|1
|turn|1
|inactive|parapapa123 has 30 seconds left.
|inactive|parapapa123 has 20 seconds left.
|
|t:|1750856480
|switch|p1b: Landorus|Landorus, L50, M|100/100
|move|p1a: Incineroar|Fake Out|p2b: Ursaluna
|-damage|p2b: Ursaluna|90/100
|move|p2a: Iron Treads|High Horsepower|p1b: Landorus
|-immune|p1b: Landorus
|cant|p2b: Ursaluna|flinch
|
|upkeep
|turn|2
|inactive|gozerwijf has 30 seconds left.
|inactive|gozerwijf has 20 seconds left.
|inactive|gozerwijf has 15 seconds left.
|
|t:|1750856521
|switch|p1a: Urshifu|Urshifu-Rapid-Strike, L50, M|100/100
|move|p2a: Iron Treads|Steel Roller|p1b: Landorus
|-damage|p1b: Landorus|53/100
|-fieldend|move: Electric Terrain
|-end|p2a: Iron Treads|Quark Drive
|-enditem|p2a: Iron Treads|Booster Energy
|-activate|p2a: Iron Treads|ability: Quark Drive|[fromitem]
|-start|p2a: Iron Treads|quarkdrivespe
|move|p1b: Landorus|Earth Power|p2a: Iron Treads
|-supereffective|p2a: Iron Treads
|-damage|p2a: Iron Treads|0 fnt
|faint|p2a: Iron Treads
|-end|p2a: Iron Treads|Quark Drive|[silent]
|move|p2b: Ursaluna|Blood Moon|p1b: Landorus
|-damage|p1b: Landorus|0 fnt
|faint|p1b: Landorus
|
|upkeep
|
|t:|1750856540
|switch|p2a: Zacian|Zacian-Crowned, L50|100/100
|switch|p1b: Incineroar|Incineroar, L50, M|100/100
|-ability|p2a: Zacian|Intrepid Sword|boost
|-boost|p2a: Zacian|atk|1
|-ability|p1b: Incineroar|Intimidate|boost
|-unboost|p2a: Zacian|atk|1
|-unboost|p2b: Ursaluna|atk|1
|turn|3
|inactive|gozerwijf has 30 seconds left.
|inactive|gozerwijf has 20 seconds left.
|inactive|gozerwijf has 15 seconds left.
|inactive|gozerwijf has 10 seconds left.
|inactive|gozerwijf has 5 seconds left.
|
|t:|1750856595
|move|p1b: Incineroar|Fake Out|p2a: Zacian
|-resisted|p2a: Zacian
|-damage|p2a: Zacian|94/100
|move|p1a: Urshifu|Surging Strikes|p2b: Ursaluna
|-supereffective|p2b: Ursaluna
|-crit|p2b: Ursaluna
|-damage|p2b: Ursaluna|60/100
|-supereffective|p2b: Ursaluna
|-crit|p2b: Ursaluna
|-damage|p2b: Ursaluna|31/100
|-supereffective|p2b: Ursaluna
|-crit|p2b: Ursaluna
|-damage|p2b: Ursaluna|3/100
|-hitcount|p2b: Ursaluna|3
|cant|p2a: Zacian|flinch
|move|p2b: Ursaluna|Hyper Voice|p1a: Urshifu|[spread] p1a,p1b
|-damage|p1a: Urshifu|35/100
|-damage|p1b: Incineroar|73/100
|
|upkeep
|turn|4
|
|t:|1750856619
|-terastallize|p1a: Urshifu|Water
|move|p2b: Ursaluna|Vacuum Wave|p1b: Incineroar
|-supereffective|p1b: Incineroar
|-damage|p1b: Incineroar|53/100
|move|p1a: Urshifu|Surging Strikes|p2a: Zacian
|-crit|p2a: Zacian
|-damage|p2a: Zacian|68/100
|-crit|p2a: Zacian
|-damage|p2a: Zacian|39/100
|-crit|p2a: Zacian
|-damage|p2a: Zacian|11/100
|-hitcount|p2a: Zacian|3
|move|p2a: Zacian|Play Rough|p1a: Urshifu
|-crit|p1a: Urshifu
|-damage|p1a: Urshifu|0 fnt
|faint|p1a: Urshifu
|move|p1b: Incineroar|U-turn|p2b: Ursaluna
|-damage|p2b: Ursaluna|0 fnt
|faint|p2b: Ursaluna
|
|t:|1750856633
|switch|p1b: Miraidon|Miraidon, L50|100/100|[from] U-turn
|-fieldstart|move: Electric Terrain|[from] ability: Hadron Engine|[of] p1b: Miraidon
|
|upkeep
|
|t:|1750856639
|switch|p1a: Incineroar|Incineroar, L50, M|53/100
|switch|p2b: Calyrex|Calyrex-Shadow, L50|100/100
|-ability|p2b: Calyrex|As One
|-ability|p2b: Calyrex|Unnerve
|-ability|p1a: Incineroar|Intimidate|boost
|-unboost|p2a: Zacian|atk|1
|-unboost|p2b: Calyrex|atk|1
|turn|5
|
|t:|1750856658
|move|p2b: Calyrex|Protect|p2b: Calyrex
|-singleturn|p2b: Calyrex|Protect
|move|p2a: Zacian|Protect|p2a: Zacian
|-singleturn|p2a: Zacian|Protect
|move|p1a: Incineroar|Fake Out|p2a: Zacian
|-activate|p2a: Zacian|move: Protect
|move|p1b: Miraidon|Dazzling Gleam|p2a: Zacian|[spread] 
|-activate|p2a: Zacian|move: Protect
|-activate|p2b: Calyrex|move: Protect
|
|upkeep
|turn|6
|
|t:|1750856672
|-terastallize|p2b: Calyrex|Ghost
|move|p2b: Calyrex|Astral Barrage|p1b: Miraidon|[spread] p1a,p1b
|-resisted|p1a: Incineroar
|-damage|p1a: Incineroar|30/100
|-damage|p1b: Miraidon|36/100
|move|p2a: Zacian|Play Rough|p1b: Miraidon
|-supereffective|p1b: Miraidon
|-damage|p1b: Miraidon|0 fnt
|faint|p1b: Miraidon
|move|p1a: Incineroar|Knock Off|p2b: Calyrex
|-supereffective|p2b: Calyrex
|-crit|p2b: Calyrex
|-damage|p2b: Calyrex|0 fnt
|-enditem|p2b: Calyrex|Safety Goggles|[from] move: Knock Off|[of] p1a: Incineroar
|faint|p2b: Calyrex
|
|upkeep
|turn|7
|c|☆gozerwijf|gg
|
|t:|1750856688
|move|p2a: Zacian|Close Combat|p1a: Incineroar
|-supereffective|p1a: Incineroar
|-crit|p1a: Incineroar
|-damage|p1a: Incineroar|0 fnt
|-unboost|p2a: Zacian|def|1
|-unboost|p2a: Zacian|spd|1
|faint|p1a: Incineroar
|
|win|gozerwijf
|raw|parapapa123's rating: 1378 &rarr; <strong>1356</strong><br />(-22 for losing)
|raw|gozerwijf's rating: 1343 &rarr; <strong>1365</strong><br />(+22 for winning)
|l|☆parapapa123
|player|p1|
|l|☆gozerwijf
|player|p2|
