|j|☆lost oblitus
|j|☆StonedVGC
|t:|1750734796
|gametype|doubles
|player|p1|lost oblitus|supernerd|1151
|player|p2|StonedVGC|steven|1200
|teamsize|p1|6
|teamsize|p2|6
|gen|9
|tier|[Gen 9] VGC 2025 Reg I
|rated|
|rule|Species Clause: Limit one of each Pokémon
|rule|Item Clause: Limit 1 of each item
|clearpoke
|poke|p1|Tentacruel, L50, F|
|poke|p1|Pelipper, L50, M|
|poke|p1|Rillaboom, L50, F|
|poke|p1|Palkia-Origin, L50|
|poke|p1|Dipplin, L50, F|
|poke|p1|Giratina, L50|
|poke|p2|Miraidon, L50|
|poke|p2|Calyrex-Shadow, L50|
|poke|p2|Urshifu-*, L50, M|
|poke|p2|Incineroar, L50, M|
|poke|p2|Amoonguss, L50, F|
|poke|p2|Regieleki, L50|
|teampreview|4
|
|t:|1750734835
|start
|switch|p1a: Giratina|Giratina, L50|100/100
|switch|p1b: Pelipper|Pelipper, L50, M|100/100
|switch|p2a: Vroom🏍️|Miraidon, L50|100/100
|switch|p2b: Evil Cat🐱|Incineroar, L50, M, shiny|100/100
|-fieldstart|move: Electric Terrain|[from] ability: Hadron Engine|[of] p2a: Vroom🏍️
|-weather|RainDance|[from] ability: Drizzle|[of] p1b: Pelipper
|-ability|p1a: Giratina|Pressure
|-ability|p2b: Evil Cat🐱|Intimidate|boost
|-unboost|p1a: Giratina|atk|1
|-unboost|p1b: Pelipper|atk|1
|turn|1
|
|t:|1750734862
|switch|p1b: Rillaboom|Rillaboom, L50, F|100/100
|-fieldstart|move: Grassy Terrain|[from] ability: Grassy Surge|[of] p1b: Rillaboom
|move|p2b: Evil Cat🐱|Fake Out|p1b: Rillaboom
|-damage|p1b: Rillaboom|93/100
|move|p2a: Vroom🏍️|Draco Meteor|p1a: Giratina
|-supereffective|p1a: Giratina
|-damage|p1a: Giratina|7/100
|-unboost|p2a: Vroom🏍️|spa|2
|move|p1a: Giratina|Shadow Force||[still]
|-prepare|p1a: Giratina|Shadow Force
|
|-weather|RainDance|[upkeep]
|-heal|p1b: Rillaboom|99/100|[from] Grassy Terrain
|-heal|p1a: Giratina|13/100|[from] item: Leftovers
|upkeep
|turn|2
|
|t:|1750734893
|switch|p2a: Teddy Bear🧸|Urshifu-Rapid-Strike, L50, M|100/100
|move|p1b: Rillaboom|U-turn|p2b: Evil Cat🐱
|-damage|p2b: Evil Cat🐱|87/100
|
|t:|1750734898
|switch|p1b: Pelipper|Pelipper, L50, M|100/100|[from] U-turn
|move|p1a: Giratina|Shadow Force|p2a: Teddy Bear🧸|[from] lockedmove
|-damage|p2a: Teddy Bear🧸|70/100
|move|p2b: Evil Cat🐱|Flare Blitz|p1b: Pelipper
|-resisted|p1b: Pelipper
|-damage|p1b: Pelipper|84/100
|-damage|p2b: Evil Cat🐱|84/100|[from] Recoil
|
|-weather|RainDance|[upkeep]
|-heal|p2a: Teddy Bear🧸|76/100|[from] Grassy Terrain
|-heal|p1a: Giratina|19/100|[from] Grassy Terrain
|-heal|p1a: Giratina|25/100|[from] item: Leftovers
|-heal|p2b: Evil Cat🐱|90/100|[from] Grassy Terrain
|upkeep
|turn|3
|
|t:|1750734925
|move|p1a: Giratina|Protect|p1a: Giratina
|-singleturn|p1a: Giratina|Protect
|move|p2a: Teddy Bear🧸|U-turn|p1b: Pelipper
|-resisted|p1b: Pelipper
|-damage|p1b: Pelipper|56/100
|
|t:|1750734932
|switch|p2a: Vroom🏍️|Miraidon, L50|100/100|[from] U-turn
|-fieldstart|move: Electric Terrain|[from] ability: Hadron Engine|[of] p2a: Vroom🏍️
|move|p1b: Pelipper|Weather Ball|p2b: Evil Cat🐱
|-supereffective|p2b: Evil Cat🐱
|-damage|p2b: Evil Cat🐱|0 fnt
|faint|p2b: Evil Cat🐱
|
|-weather|RainDance|[upkeep]
|-heal|p1a: Giratina|31/100|[from] item: Leftovers
|upkeep
|
|t:|1750734954
|switch|p2b: 2½ ♞|Calyrex-Shadow, L50|100/100
|-ability|p2b: 2½ ♞|As One
|-ability|p2b: 2½ ♞|Unnerve
|turn|4
|
|t:|1750734978
|switch|p1a: Rillaboom|Rillaboom, L50, F|99/100
|-fieldstart|move: Grassy Terrain|[from] ability: Grassy Surge|[of] p1a: Rillaboom
|-terastallize|p2a: Vroom🏍️|Electric
|move|p2b: 2½ ♞|Astral Barrage|p1a: Rillaboom|[spread] p1a,p1b
|-damage|p1a: Rillaboom|56/100
|-damage|p1b: Pelipper|0 fnt
|faint|p1b: Pelipper
|-ability|p2b: 2½ ♞|Grim Neigh|boost
|-boost|p2b: 2½ ♞|spa|1
|move|p2a: Vroom🏍️|Volt Switch|p1a: Rillaboom
|-resisted|p1a: Rillaboom
|-damage|p1a: Rillaboom|27/100
|
|t:|1750734994
|switch|p2a: Teddy Bear🧸|Urshifu-Rapid-Strike, L50, M|76/100|[from] Volt Switch
|
|-weather|RainDance|[upkeep]
|-heal|p2a: Teddy Bear🧸|82/100|[from] Grassy Terrain
|-heal|p1a: Rillaboom|33/100|[from] Grassy Terrain
|upkeep
|
|t:|1750734997
|switch|p1b: Giratina|Giratina, L50|31/100
|-ability|p1b: Giratina|Pressure
|turn|5
|
|t:|1750735014
|move|p1a: Rillaboom|Grassy Glide|p2a: Teddy Bear🧸
|-supereffective|p2a: Teddy Bear🧸
|-damage|p2a: Teddy Bear🧸|21/100
|move|p1b: Giratina|Shadow Sneak|p2b: 2½ ♞
|-supereffective|p2b: 2½ ♞
|-damage|p2b: 2½ ♞|23/100
|move|p2b: 2½ ♞|Astral Barrage|p1b: Giratina|[spread] p1a,p1b
|-supereffective|p1b: Giratina
|-damage|p1a: Rillaboom|0 fnt
|-damage|p1b: Giratina|0 fnt
|faint|p1a: Rillaboom
|faint|p1b: Giratina
|-ability|p2b: 2½ ♞|Grim Neigh|boost
|-boost|p2b: 2½ ♞|spa|2
|move|p2a: Teddy Bear🧸|Surging Strikes|p1: Rillaboom|[notarget]
|-fail|p2a: Teddy Bear🧸
|
|-weather|none
|-heal|p2b: 2½ ♞|29/100|[from] Grassy Terrain
|-heal|p2a: Teddy Bear🧸|27/100|[from] Grassy Terrain
|upkeep
|
|t:|1750735022
|switch|p1b: Tentacruel|Tentacruel, L50, F, shiny|100/100
|turn|6
|-message|lost oblitus forfeited.
|
|win|StonedVGC
|raw|lost oblitus's rating: 1151 &rarr; <strong>1130</strong><br />(-21 for losing)
|raw|StonedVGC's rating: 1200 &rarr; <strong>1221</strong><br />(+21 for winning)
|l|☆lost oblitus
|player|p1|
|c|☆StonedVGC|GG
|l|☆StonedVGC
|player|p2|
