|j|☆furretusedpunch
|j|☆TorinBlackheart
|html|<table width="100%"><tr><td align="left">furretusedpunch</td><td align="right">TorinBlackheart</tr><tr><td align="left"><i class="fa fa-circle"></i> <i class="fa fa-circle-o"></i> </td><td align="right"><i class="fa fa-circle-o"></i> <i class="fa fa-circle-o"></i> </tr></table>
|uhtml|bestof|<h2><strong>Game 2</strong> of <a href="/game-bestof3-gen9vgc2025regi-2390539439">a best-of-3</a></h2>
|t:|1750726390
|gametype|doubles
|player|p1|furretusedpunch|lacey|
|player|p2|TorinBlackheart|gambler|
|teamsize|p1|6
|teamsize|p2|6
|gen|9
|tier|[Gen 9] VGC 2025 Reg I
|rule|Tera Type Preview: Tera Types are shown at Team Preview
|rule|Species Clause: Limit one of each Pokémon
|rule|Item Clause: Limit 1 of each item
|raw|<div class="infobox"><details class="readmore" open><summary><strong>2 custom rules:</strong></summary> Best of = 3, Tera Type Preview</details></div>
|clearpoke
|poke|p1|Landorus, L50, M|
|poke|p1|Rhydon, L50, F|
|poke|p1|Ogerpon-Wellspring, L50, F|
|poke|p1|Comfey, L50, M|
|poke|p1|Arcanine-Hisui, L50, M|
|poke|p1|Lapras, L50, F|
|poke|p2|Donphan, L50, M|
|poke|p2|Gholdengo, L50|
|poke|p2|Zoroark-Hisui, L50, F|
|poke|p2|Clefairy, L50, M|
|poke|p2|Appletun, L50, F|
|poke|p2|Slowbro-Galar, L50, F|
|teampreview|4
|raw|furretusedpunch's Tera Types:<br /><psicon pokemon="landorus" /><psicon type="Poison" /> / <psicon pokemon="rhydon" /><psicon type="Grass" /> / <psicon pokemon="ogerponwellspring" /><psicon type="Water" /> / <psicon pokemon="comfey" /><psicon type="Ghost" /> / <psicon pokemon="arcaninehisui" /><psicon type="Grass" /> / <psicon pokemon="lapras" /><psicon type="Fire" />
|raw|TorinBlackheart's Tera Types:<br /><psicon pokemon="donphan" /><psicon type="Fairy" /> / <psicon pokemon="gholdengo" /><psicon type="Steel" /> / <psicon pokemon="zoroarkhisui" /><psicon type="Normal" /> / <psicon pokemon="clefairy" /><psicon type="Steel" /> / <psicon pokemon="appletun" /><psicon type="Grass" /> / <psicon pokemon="slowbrogalar" /><psicon type="Grass" />
|j| JabsGR
|j| For The Eevees
|j| Seggardicloudcom
|j| reversknockout
|
|t:|1750726417
|start
|switch|p1a: Arcanine|Arcanine-Hisui, L50, M|100/100
|switch|p1b: Landorus|Landorus, L50, M|100/100
|switch|p2a: Srgt Slowbro|Slowbro-Galar, L50, F, shiny|100/100
|switch|p2b: Ensign Clef|Clefairy, L50, M, shiny|100/100
|-ability|p1a: Arcanine|Intimidate|boost
|-unboost|p2a: Srgt Slowbro|atk|1
|-unboost|p2b: Ensign Clef|atk|1
|turn|1
|
|t:|1750726464
|-terastallize|p2a: Srgt Slowbro|Normal
|move|p2b: Ensign Clef|Follow Me|p2b: Ensign Clef
|-singleturn|p2b: Ensign Clef|move: Follow Me
|move|p1b: Landorus|Sludge Bomb|p2b: Ensign Clef
|-supereffective|p2b: Ensign Clef
|-damage|p2b: Ensign Clef|43/100
|move|p2a: Srgt Slowbro|Hyper Voice|p1b: Landorus|[spread] p1a,p1b
|-resisted|p1a: Arcanine
|-damage|p1a: Arcanine|82/100
|-damage|p1b: Landorus|31/100
|-enditem|p2a: Srgt Slowbro|Throat Spray
|-boost|p2a: Srgt Slowbro|spa|1|[from] item: Throat Spray
|move|p1a: Arcanine|Rock Slide|p2a: Srgt Slowbro|[spread] p2a,p2b
|-damage|p2a: Srgt Slowbro|62/100
|-damage|p2b: Ensign Clef|15/100
|replace|p2a: Special Agent Zoro|Zoroark-Hisui, L50, F, shiny
|-end|p2a: Special Agent Zoro|Illusion
|
|upkeep
|turn|2
|
|t:|1750726489
|move|p1b: Landorus|Protect|p1b: Landorus
|-singleturn|p1b: Landorus|Protect
|move|p2a: Special Agent Zoro|Hyper Voice|p1a: Arcanine|[spread] p1a
|-activate|p1b: Landorus|move: Protect
|-resisted|p1a: Arcanine
|-damage|p1a: Arcanine|55/100
|move|p1a: Arcanine|Rock Slide|p2b: Ensign Clef|[spread] p2a,p2b
|-damage|p2a: Special Agent Zoro|26/100
|-damage|p2b: Ensign Clef|0 fnt
|faint|p2b: Ensign Clef
|
|upkeep
|j| Seaksos
|
|t:|1750726502
|switch|p2b: Srgt Slowbro|Slowbro-Galar, L50, F, shiny|100/100
|turn|3
|
|t:|1750726516
|move|p2b: Srgt Slowbro|Protect|p2b: Srgt Slowbro
|-singleturn|p2b: Srgt Slowbro|Protect
|move|p1a: Arcanine|Extreme Speed|p2a: Special Agent Zoro
|-damage|p2a: Special Agent Zoro|0 fnt
|faint|p2a: Special Agent Zoro
|move|p1b: Landorus|Earth Power|p2b: Srgt Slowbro
|-activate|p2b: Srgt Slowbro|move: Protect
|
|upkeep
|
|t:|1750726524
|switch|p2a: ADM Battletun|Appletun, L50, F, shiny|100/100
|turn|4
|
|t:|1750726544
|move|p1b: Landorus|Earth Power|p2b: Srgt Slowbro
|-supereffective|p2b: Srgt Slowbro
|-damage|p2b: Srgt Slowbro|0 fnt
|faint|p2b: Srgt Slowbro
|move|p1a: Arcanine|Heat Crash|p2a: ADM Battletun
|-damage|p2a: ADM Battletun|74/100
|move|p2a: ADM Battletun|Apple Acid|p1b: Landorus
|-damage|p1b: Landorus|0 fnt
|faint|p1b: Landorus
|
|upkeep
|
|t:|1750726548
|switch|p1b: Lapras|Lapras, L50, F|100/100
|turn|5
|
|t:|1750726555
|move|p1a: Arcanine|Rock Slide|p2a: ADM Battletun
|-damage|p2a: ADM Battletun|42/100
|move|p1b: Lapras|Freeze-Dry|p2a: ADM Battletun
|-supereffective|p2a: ADM Battletun
|-damage|p2a: ADM Battletun|0 fnt
|faint|p2a: ADM Battletun
|
|win|furretusedpunch
|c|☆furretusedpunch|ggs
|c|☆TorinBlackheart|gg
|l| For The Eevees
|l| Seaksos
|l|☆TorinBlackheart
|player|p2|
