|j|☆Sallust
|j|☆wyverncutie 23
|t:|1750768417
|gametype|doubles
|player|p1|Sallust|li|1326
|player|p2|wyverncutie 23|steven|1409
|teamsize|p1|6
|teamsize|p2|6
|gen|9
|tier|[Gen 9] VGC 2025 Reg I
|rated|
|rule|Species Clause: Limit one of each Pokémon
|rule|Item Clause: Limit 1 of each item
|clearpoke
|poke|p1|Calyrex-Shadow, L50|
|poke|p1|Lunala, L50|
|poke|p1|Incineroar, L50, F|
|poke|p1|Hitmontop, L50, M|
|poke|p1|Urshifu-*, L50, F|
|poke|p1|Ursaluna, L50, F|
|poke|p2|Giratina-Origin, L50|
|poke|p2|Zamazenta-*, L50|
|poke|p2|Rillaboom, L50, F|
|poke|p2|Urshifu-*, L50, F|
|poke|p2|Hatterene, L50, F|
|poke|p2|Tornadus, L50, M|
|teampreview|4
|c|☆Sallust|glhf
|c|☆wyverncutie 23|glhf
|
|t:|1750768451
|start
|switch|p1a: Lunala|Lunala, L50|100/100
|switch|p1b: Incineroar|Incineroar, L50, F|100/100
|switch|p2a: Urshifu|Urshifu, L50, F|100/100
|switch|p2b: Giratina|Giratina-Origin, L50|100/100
|-ability|p1b: Incineroar|Intimidate|boost
|-unboost|p2a: Urshifu|atk|1
|-unboost|p2b: Giratina|atk|1
|turn|1
|
|t:|1750768477
|switch|p2a: Zamazenta|Zamazenta-Crowned, L50|100/100
|-ability|p2a: Zamazenta|Dauntless Shield|boost
|-boost|p2a: Zamazenta|def|1
|move|p1b: Incineroar|Fake Out|p2a: Zamazenta
|-resisted|p2a: Zamazenta
|-damage|p2a: Zamazenta|98/100
|move|p1a: Lunala|Moongeist Beam|p2b: Giratina
|-supereffective|p2b: Giratina
|-damage|p2b: Giratina|33/100
|move|p2b: Giratina|Poltergeist|p1a: Lunala
|-activate|p1a: Lunala|move: Poltergeist|Power Herb
|-supereffective|p1a: Lunala
|-damage|p1a: Lunala|34/100
|
|upkeep
|turn|2
|
|t:|1750768500
|switch|p1b: Hitmontop|Hitmontop, L50, M|100/100
|-ability|p1b: Hitmontop|Intimidate|boost
|-unboost|p2a: Zamazenta|atk|1
|-unboost|p2b: Giratina|atk|1
|move|p2b: Giratina|Shadow Sneak|p1a: Lunala
|-supereffective|p1a: Lunala
|-damage|p1a: Lunala|0 fnt
|faint|p1a: Lunala
|move|p2a: Zamazenta|Body Press|p1b: Hitmontop
|-damage|p1b: Hitmontop|15/100
|-enditem|p1b: Hitmontop|Eject Button
|
|t:|1750768512
|switch|p1b: Calyrex|Calyrex-Shadow, L50|100/100
|-ability|p1b: Calyrex|As One
|-ability|p1b: Calyrex|Unnerve
|
|upkeep
|
|t:|1750768513
|switch|p1a: Incineroar|Incineroar, L50, F|100/100
|-ability|p1a: Incineroar|Intimidate|boost
|-unboost|p2a: Zamazenta|atk|1
|-unboost|p2b: Giratina|atk|1
|turn|3
|
|t:|1750768525
|switch|p2b: Urshifu|Urshifu, L50, F|100/100
|move|p1b: Calyrex|Protect|p1b: Calyrex
|-singleturn|p1b: Calyrex|Protect
|move|p2a: Zamazenta|Wide Guard|p2a: Zamazenta
|-singleturn|p2a: Zamazenta|Wide Guard
|move|p1a: Incineroar|Knock Off|p2b: Urshifu
|-resisted|p2b: Urshifu
|-damage|p2b: Urshifu|90/100
|-enditem|p2b: Urshifu|Choice Scarf|[from] move: Knock Off|[of] p1a: Incineroar
|
|upkeep
|turn|4
|
|t:|1750768541
|switch|p1b: Hitmontop|Hitmontop, L50, M|15/100
|-ability|p1b: Hitmontop|Intimidate|boost
|-unboost|p2a: Zamazenta|atk|1
|-unboost|p2b: Urshifu|atk|1
|move|p2a: Zamazenta|Body Press|p1a: Incineroar
|-supereffective|p1a: Incineroar
|-damage|p1a: Incineroar|0 fnt
|faint|p1a: Incineroar
|move|p2b: Urshifu|Wicked Blow|p1b: Hitmontop
|-resisted|p1b: Hitmontop
|-crit|p1b: Hitmontop
|-damage|p1b: Hitmontop|0 fnt
|faint|p1b: Hitmontop
|
|upkeep
|
|t:|1750768554
|switch|p1b: Calyrex|Calyrex-Shadow, L50|100/100
|-ability|p1b: Calyrex|As One
|-ability|p1b: Calyrex|Unnerve
|turn|5
|
|t:|1750768562
|-terastallize|p1b: Calyrex|Ghost
|move|p2a: Zamazenta|Wide Guard|p2a: Zamazenta
|-singleturn|p2a: Zamazenta|Wide Guard
|move|p1b: Calyrex|Disable|p2a: Zamazenta
|-start|p2a: Zamazenta|Disable|Wide Guard
|move|p2b: Urshifu|Wicked Blow|p1b: Calyrex
|-supereffective|p1b: Calyrex
|-crit|p1b: Calyrex
|-enditem|p1b: Calyrex|Focus Sash
|-damage|p1b: Calyrex|1/100
|
|upkeep
|turn|6
|
|t:|1750768574
|move|p1b: Calyrex|Astral Barrage|p2b: Urshifu|[spread] p2a,p2b
|-crit|p2a: Zamazenta
|-resisted|p2b: Urshifu
|-damage|p2a: Zamazenta|24/100
|-damage|p2b: Urshifu|35/100
|move|p2a: Zamazenta|Behemoth Bash|p1b: Calyrex
|-crit|p1b: Calyrex
|-damage|p1b: Calyrex|0 fnt
|faint|p1b: Calyrex
|
|win|wyverncutie 23
|raw|Sallust's rating: 1326 &rarr; <strong>1311</strong><br />(-15 for losing)
|raw|wyverncutie 23's rating: 1409 &rarr; <strong>1424</strong><br />(+15 for winning)
|l|☆Sallust
|player|p1|
|l|☆wyverncutie 23
|player|p2|
