|j|☆crj2002
|j|☆zhz2021
|t:|1750739838
|gametype|doubles
|player|p1|crj2002|rosa|1512
|player|p2|zhz2021|marley|1524
|teamsize|p1|6
|teamsize|p2|6
|gen|9
|tier|[Gen 9] VGC 2025 Reg I
|rated|
|rule|Species Clause: Limit one of each Pokémon
|rule|Item Clause: Limit 1 of each item
|clearpoke
|poke|p1|Kyogre, L50|
|poke|p1|Calyrex-Ice, L50|
|poke|p1|Incineroar, L50, F|
|poke|p1|Rillaboom, L50, F|
|poke|p1|Urshifu-*, L50, M|
|poke|p1|Tornadus, L50, M|
|poke|p2|Murkrow, L50, F|
|poke|p2|Scream Tail, L50|
|poke|p2|Miraidon, L50|
|poke|p2|Annihilape, L50, M|
|poke|p2|Calyrex-Ice, L50|
|poke|p2|Araquanid, L50, F|
|teampreview|4
crj2002 has agreed to open team sheets.
|inactive|Battle timer is ON: inactive players will automatically lose when time's up. (requested by zhz2021)
|
|t:|1750739890
|start
|switch|p1a: Calyrex|Calyrex-Ice, L50|100/100
|switch|p1b: Rillaboom|Rillaboom, L50, F|100/100
|switch|p2a: Annihilape|Annihilape, L50, M|100/100
|switch|p2b: Calyrex|Calyrex-Ice, L50|100/100
|-ability|p2b: Calyrex|As One
|-ability|p2b: Calyrex|Unnerve
|-ability|p1a: Calyrex|As One
|-ability|p1a: Calyrex|Unnerve
|-fieldstart|move: Grassy Terrain|[from] ability: Grassy Surge|[of] p1b: Rillaboom
|turn|1
|
|t:|1750739911
|move|p2a: Annihilape|Coaching|p2b: Calyrex
|-boost|p2b: Calyrex|atk|1
|-boost|p2b: Calyrex|def|1
|move|p1b: Rillaboom|U-turn|p2a: Annihilape
|-resisted|p2a: Annihilape
|-damage|p2a: Annihilape|94/100
|
|t:|1750739917
|switch|p1b: Incineroar|Incineroar, L50, F|100/100|[from] U-turn
|-ability|p1b: Incineroar|Intimidate|boost
|-unboost|p2a: Annihilape|atk|1
|-ability|p2a: Annihilape|Defiant|boost
|-boost|p2a: Annihilape|atk|2
|-fail|p2b: Calyrex|unboost|[from] item: Clear Amulet|[of] p2b: Calyrex
|move|p2b: Calyrex|Glacial Lance|p1b: Incineroar|[spread] p1a,p1b
|-resisted|p1a: Calyrex
|-resisted|p1b: Incineroar
|-damage|p1a: Calyrex|77/100
|-damage|p1b: Incineroar|68/100
|move|p1a: Calyrex|Leech Seed|p2b: Calyrex
|-start|p2b: Calyrex|move: Leech Seed
|
|-heal|p2a: Annihilape|99/100|[from] Grassy Terrain
|-heal|p1b: Incineroar|74/100|[from] Grassy Terrain
|-heal|p1a: Calyrex|83/100|[from] Grassy Terrain
|-heal|p1a: Calyrex|89/100|[from] item: Leftovers
|-damage|p2b: Calyrex|88/100|[from] Leech Seed|[of] p1a: Calyrex
|-heal|p1a: Calyrex|100/100|[silent]
|upkeep
|turn|2
|inactive|crj2002 has 30 seconds left.
|inactive|zhz2021 has 30 seconds left.
|inactive|crj2002 has 20 seconds left.
|inactive|zhz2021 has 20 seconds left.
|
|t:|1750739954
|move|p2b: Calyrex|Protect|p2b: Calyrex
|-singleturn|p2b: Calyrex|Protect
|move|p2a: Annihilape|Coaching|p2b: Calyrex
|-boost|p2b: Calyrex|atk|1
|-boost|p2b: Calyrex|def|1
|move|p1b: Incineroar|Will-O-Wisp|p2b: Calyrex
|-activate|p2b: Calyrex|move: Protect
|move|p1a: Calyrex|Leech Seed|p2a: Annihilape
|-start|p2a: Annihilape|move: Leech Seed
|
|-heal|p2a: Annihilape|100/100|[from] Grassy Terrain
|-heal|p1b: Incineroar|80/100|[from] Grassy Terrain
|-heal|p2b: Calyrex|94/100|[from] Grassy Terrain
|-damage|p2a: Annihilape|88/100|[from] Leech Seed|[of] p1a: Calyrex
|-damage|p2b: Calyrex|82/100|[from] Leech Seed|[of] p1a: Calyrex
|upkeep
|turn|3
|inactive|crj2002 has 30 seconds left.
|inactive|zhz2021 has 30 seconds left.
|inactive|zhz2021 has 20 seconds left.
|
|t:|1750739993
|switch|p2a: Araquanid|Araquanid, L50, F|100/100
|move|p1b: Incineroar|Knock Off|p2b: Calyrex
|-supereffective|p2b: Calyrex
|-damage|p2b: Calyrex|61/100
|-enditem|p2b: Calyrex|Clear Amulet|[from] move: Knock Off|[of] p1b: Incineroar
|move|p2b: Calyrex|High Horsepower|p1b: Incineroar
|-supereffective|p1b: Incineroar
|-damage|p1b: Incineroar|0 fnt
|-damage|p2b: Calyrex|44/100|[from] item: Rocky Helmet|[of] p1b: Incineroar
|faint|p1b: Incineroar
|-ability|p2b: Calyrex|Chilling Neigh|boost
|-boost|p2b: Calyrex|atk|1
|move|p1a: Calyrex|Glacial Lance|p2b: Calyrex|[spread] p2a,p2b
|-resisted|p2a: Araquanid
|-resisted|p2b: Calyrex
|-damage|p2a: Araquanid|73/100
|-damage|p2b: Calyrex|36/100
|
|-heal|p2b: Calyrex|42/100|[from] Grassy Terrain
|-heal|p2a: Araquanid|79/100|[from] Grassy Terrain
|-damage|p2b: Calyrex|29/100|[from] Leech Seed|[of] p1a: Calyrex
|upkeep
|
|t:|1750740016
|switch|p1b: Kyogre|Kyogre, L50|100/100
|-weather|RainDance|[from] ability: Drizzle|[of] p1b: Kyogre
|turn|4
|
|t:|1750740034
|move|p1b: Kyogre|Protect|p1b: Kyogre
|-singleturn|p1b: Kyogre|Protect
|move|p2a: Araquanid|Wide Guard|p2a: Araquanid
|-singleturn|p2a: Araquanid|Wide Guard
|move|p2b: Calyrex|Glacial Lance|p1b: Kyogre|[spread] p1a
|-activate|p1b: Kyogre|move: Protect
|-resisted|p1a: Calyrex
|-crit|p1a: Calyrex
|-damage|p1a: Calyrex|44/100
|move|p1a: Calyrex|Leech Seed|p2a: Araquanid
|-start|p2a: Araquanid|move: Leech Seed
|
|-weather|RainDance|[upkeep]
|-heal|p2b: Calyrex|35/100|[from] Grassy Terrain
|-heal|p1a: Calyrex|50/100|[from] Grassy Terrain
|-heal|p1a: Calyrex|56/100|[from] item: Leftovers
|-heal|p2a: Araquanid|84/100|[from] Grassy Terrain
|-damage|p2b: Calyrex|23/100|[from] Leech Seed|[of] p1a: Calyrex
|-heal|p1a: Calyrex|68/100|[silent]
|-damage|p2a: Araquanid|72/100|[from] Leech Seed|[of] p1a: Calyrex
|-heal|p1a: Calyrex|78/100|[silent]
|upkeep
|turn|5
|inactive|crj2002 has 30 seconds left.
|
|t:|1750740061
|move|p1b: Kyogre|Origin Pulse|p2a: Araquanid|[spread] p2a,p2b
|-resisted|p2a: Araquanid
|-damage|p2a: Araquanid|38/100
|-damage|p2b: Calyrex|0 fnt
|faint|p2b: Calyrex
|move|p1a: Calyrex|Glacial Lance|p2a: Araquanid
|-resisted|p2a: Araquanid
|-damage|p2a: Araquanid|6/100
|move|p2a: Araquanid|Liquidation|p1a: Calyrex
|-damage|p1a: Calyrex|27/100
|
|-weather|RainDance|[upkeep]
|-heal|p1a: Calyrex|33/100|[from] Grassy Terrain
|-heal|p1a: Calyrex|38/100|[from] item: Leftovers
|-heal|p2a: Araquanid|11/100|[from] Grassy Terrain
|-damage|p2a: Araquanid|0 fnt|[from] Leech Seed|[of] p1a: Calyrex
|-heal|p1a: Calyrex|48/100|[silent]
|faint|p2a: Araquanid
|-fieldend|move: Grassy Terrain
|upkeep
|
|t:|1750740065
|switch|p2b: Miraidon|Miraidon, L50|100/100
|switch|p2a: Annihilape|Annihilape, L50, M|88/100
|-fieldstart|move: Electric Terrain|[from] ability: Hadron Engine|[of] p2b: Miraidon
|turn|6
|inactive|crj2002 has 30 seconds left.
|inactive|zhz2021 has 30 seconds left.
|
|t:|1750740095
|switch|p1b: Rillaboom|Rillaboom, L50, F|100/100
|-fieldstart|move: Grassy Terrain|[from] ability: Grassy Surge|[of] p1b: Rillaboom
|-terastallize|p2b: Miraidon|Fairy
|move|p1a: Calyrex|Protect|p1a: Calyrex
|-singleturn|p1a: Calyrex|Protect
|move|p2a: Annihilape|Rage Fist|p1a: Calyrex
|-activate|p1a: Calyrex|move: Protect
|move|p2b: Miraidon|Draco Meteor|p1b: Rillaboom
|-damage|p1b: Rillaboom|30/100
|-unboost|p2b: Miraidon|spa|2
|-damage|p2b: Miraidon|91/100|[from] item: Life Orb
|
|-weather|RainDance|[upkeep]
|-heal|p2a: Annihilape|94/100|[from] Grassy Terrain
|-heal|p2b: Miraidon|97/100|[from] Grassy Terrain
|-heal|p1b: Rillaboom|36/100|[from] Grassy Terrain
|-heal|p1a: Calyrex|54/100|[from] Grassy Terrain
|-heal|p1a: Calyrex|60/100|[from] item: Leftovers
|upkeep
|turn|7
|inactive|crj2002 has 30 seconds left.
|inactive|crj2002 has 20 seconds left.
|
|t:|1750740134
|-terastallize|p1a: Calyrex|Water
|move|p2b: Miraidon|Protect|p2b: Miraidon
|-singleturn|p2b: Miraidon|Protect
|move|p1b: Rillaboom|Fake Out|p2b: Miraidon
|-activate|p2b: Miraidon|move: Protect
|move|p2a: Annihilape|Rage Fist|p1a: Calyrex
|-damage|p1a: Calyrex|34/100
|move|p1a: Calyrex|Trick Room|p1a: Calyrex
|-fieldstart|move: Trick Room|[of] p1a: Calyrex
|
|-weather|RainDance|[upkeep]
|-heal|p1a: Calyrex|40/100|[from] Grassy Terrain
|-heal|p1a: Calyrex|46/100|[from] item: Leftovers
|-heal|p1b: Rillaboom|42/100|[from] Grassy Terrain
|-heal|p2b: Miraidon|100/100|[from] Grassy Terrain
|-heal|p2a: Annihilape|100/100|[from] Grassy Terrain
|upkeep
|turn|8
|
|t:|1750740150
|move|p1a: Calyrex|Glacial Lance|p2b: Miraidon|[spread] p2a,p2b
|-damage|p2a: Annihilape|43/100
|-damage|p2b: Miraidon|58/100
|move|p1b: Rillaboom|Wood Hammer|p2b: Miraidon
|-damage|p2b: Miraidon|0 fnt
|faint|p2b: Miraidon
|-damage|p1b: Rillaboom|23/100|[from] Recoil
|move|p2a: Annihilape|Rage Fist|p1b: Rillaboom
|-damage|p1b: Rillaboom|0 fnt
|faint|p1b: Rillaboom
|
|-weather|none
|-heal|p1a: Calyrex|52/100|[from] Grassy Terrain
|-heal|p1a: Calyrex|58/100|[from] item: Leftovers
|-heal|p2a: Annihilape|49/100|[from] Grassy Terrain
|upkeep
|-message|zhz2021 forfeited.
|
|win|crj2002
|raw|crj2002's rating: 1512 &rarr; <strong>1534</strong><br />(+22 for winning)
|raw|zhz2021's rating: 1548 &rarr; <strong>1526</strong><br />(-22 for losing)
|l|☆zhz2021
|player|p2|
|l|☆crj2002
|player|p1|
