|j|☆PancakingTroops
|j|☆stsblue
|t:|1750843279
|gametype|doubles
|player|p1|PancakingTroops|preschooler|1235
|player|p2|stsblue|101|1198
|teamsize|p1|6
|teamsize|p2|6
|gen|9
|tier|[Gen 9] VGC 2025 Reg I
|rated|
|rule|Species Clause: Limit one of each Pokémon
|rule|Item Clause: Limit 1 of each item
|clearpoke
|poke|p1|Gallade, L50, M|
|poke|p1|Indeedee-F, L50, F|
|poke|p1|Calyrex-Ice, L50|
|poke|p1|Miraidon, L50|
|poke|p1|Incineroar, L50, M|
|poke|p1|Archaludon, L50, M|
|poke|p2|Maushold, L50|
|poke|p2|Indeedee-F, L50, F|
|poke|p2|Calyrex-Shadow, L50|
|poke|p2|Ho-Oh, L50|
|poke|p2|Archaludon, L50, M|
|poke|p2|Enamorus, L50, F|
|teampreview|4
|inactive|Battle timer is ON: inactive players will automatically lose when time's up. (requested by stsblue)
|
|t:|1750843304
|start
|switch|p1a: A Waitress|Indeedee-F, L50, F|100/100
|switch|p1b: Underrated|Gallade, L50, M|100/100
|switch|p2a: Indeedee|Indeedee-F, L50, F|100/100
|switch|p2b: Enamorus|Enamorus, L50, F|100/100
|-fieldstart|move: Psychic Terrain|[from] ability: Psychic Surge|[of] p2a: Indeedee
|-enditem|p2a: Indeedee|Psychic Seed
|-boost|p2a: Indeedee|spd|1|[from] item: Psychic Seed
|-enditem|p1a: A Waitress|Psychic Seed
|-boost|p1a: A Waitress|spd|1|[from] item: Psychic Seed
|turn|1
|
|t:|1750843328
|move|p1b: Underrated|Wide Guard|p1b: Underrated
|-singleturn|p1b: Underrated|Wide Guard
|move|p2a: Indeedee|Follow Me|p2a: Indeedee
|-singleturn|p2a: Indeedee|move: Follow Me
|move|p2b: Enamorus|Superpower|p1a: A Waitress
|-damage|p1a: A Waitress|62/100
|-boost|p2b: Enamorus|atk|1
|-boost|p2b: Enamorus|def|1
|move|p1a: A Waitress|Trick Room|p1a: A Waitress
|-fieldstart|move: Trick Room|[of] p1a: A Waitress
|
|upkeep
|turn|2
|l|☆PancakingTroops
|inactive|PancakingTroops disconnected and has a minute to reconnect!
|player|p1|
|j|☆PancakingTroops
|inactive|PancakingTroops reconnected and has 35 seconds left.
|player|p1|PancakingTroops|preschooler|
|inactive|PancakingTroops has 30 seconds left.
|inactive|PancakingTroops has 20 seconds left.
|
|t:|1750843366
|switch|p1a: Snowman Jockey|Calyrex-Ice, L50|100/100
|-ability|p1a: Snowman Jockey|As One
|-ability|p1a: Snowman Jockey|Unnerve
|move|p2a: Indeedee|Follow Me|p2a: Indeedee
|-singleturn|p2a: Indeedee|move: Follow Me
|move|p1b: Underrated|Sacred Sword|p2a: Indeedee
|-damage|p2a: Indeedee|30/100
|move|p2b: Enamorus|Play Rough|p1b: Underrated
|-supereffective|p1b: Underrated
|-enditem|p1b: Underrated|Focus Sash
|-damage|p1b: Underrated|1/100
|-unboost|p1b: Underrated|atk|1
|
|upkeep
|turn|3
|inactive|PancakingTroops has 30 seconds left.
|inactive|stsblue has 30 seconds left.
|
|t:|1750843398
|-terastallize|p2b: Enamorus|Fighting
|move|p2a: Indeedee|Follow Me|p2a: Indeedee
|-singleturn|p2a: Indeedee|move: Follow Me
|move|p1a: Snowman Jockey|Glacial Lance|p2b: Enamorus|[spread] p2a,p2b
|-damage|p2a: Indeedee|0 fnt
|-damage|p2b: Enamorus|51/100
|faint|p2a: Indeedee
|-ability|p1a: Snowman Jockey|Chilling Neigh|boost
|-boost|p1a: Snowman Jockey|atk|1
|move|p1b: Underrated|Psycho Cut|p2b: Enamorus
|-supereffective|p2b: Enamorus
|-damage|p2b: Enamorus|0 fnt
|faint|p2b: Enamorus
|
|upkeep
|
|t:|1750843410
|switch|p2a: Archaludon|Archaludon, L50, M|100/100
|switch|p2b: Calyrex|Calyrex-Shadow, L50|100/100
|-ability|p2b: Calyrex|As One
|-ability|p2b: Calyrex|Unnerve
|turn|4
|
|t:|1750843421
|move|p2b: Calyrex|Protect|p2b: Calyrex
|-singleturn|p2b: Calyrex|Protect
|move|p1a: Snowman Jockey|Glacial Lance|p2b: Calyrex|[spread] p2a
|-activate|p2b: Calyrex|move: Protect
|-damage|p2a: Archaludon|45/100
|-ability|p2a: Archaludon|Stamina|boost
|-boost|p2a: Archaludon|def|1
|move|p1b: Underrated|Sacred Sword|p2a: Archaludon
|-supereffective|p2a: Archaludon
|-damage|p2a: Archaludon|0 fnt
|faint|p2a: Archaludon
|
|upkeep
|turn|5
|
|t:|1750843433
|move|p2b: Calyrex|Protect||[still]
|-fail|p2b: Calyrex
|move|p1a: Snowman Jockey|Glacial Lance|p2b: Calyrex
|-damage|p2b: Calyrex|0 fnt
|faint|p2b: Calyrex
|
|win|PancakingTroops
|raw|PancakingTroops's rating: 1235 &rarr; <strong>1257</strong><br />(+22 for winning)
|raw|stsblue's rating: 1198 &rarr; <strong>1176</strong><br />(-22 for losing)
|l|☆stsblue
|player|p2|
|l|☆PancakingTroops
|player|p1|
