|j|☆chico linguiceta
|j|☆Foeluis
|t:|1750824884
|gametype|doubles
|player|p1|chico linguiceta|harlequin|1371
|player|p2|Foeluis|170|1448
|teamsize|p1|6
|teamsize|p2|6
|gen|9
|tier|[Gen 9] VGC 2025 Reg I
|rated|
|rule|Species Clause: Limit one of each Pokémon
|rule|Item Clause: Limit 1 of each item
|clearpoke
|poke|p1|Incineroar, L50, F|
|poke|p1|Calyrex-Ice, L50|
|poke|p1|Indeedee-F, L50, F|
|poke|p1|Ursaluna-Bloodmoon, L50, M|
|poke|p1|Oranguru, L50, F|
|poke|p1|Poliwrath, L50, M|
|poke|p2|Kyogre, L50|
|poke|p2|Incineroar, L50, M|
|poke|p2|Zacian-*, L50|
|poke|p2|Rillaboom, L50, F|
|poke|p2|Tornadus, L50, M|
|poke|p2|Urshifu-*, L50, M|
|teampreview|4
|
|t:|1750824917
|start
|switch|p1a: Incineroar|Incineroar, L50, F, shiny|100/100
|switch|p1b: Oranguru|Oranguru, L50, F, shiny|100/100
|switch|p2a: Kyogre|Kyogre, L50|100/100
|switch|p2b: Urshifu|Urshifu, L50, M|100/100
|-weather|RainDance|[from] ability: Drizzle|[of] p2a: Kyogre
|-ability|p1a: Incineroar|Intimidate|boost
|-unboost|p2a: Kyogre|atk|1
|-unboost|p2b: Urshifu|atk|1
|turn|1
|
|t:|1750824939
|-terastallize|p1b: Oranguru|Dragon
|move|p1a: Incineroar|Fake Out|p2b: Urshifu
|-damage|p2b: Urshifu|89/100
|move|p2a: Kyogre|Water Spout|p1a: Incineroar|[spread] p1a,p1b
|-supereffective|p1a: Incineroar
|-resisted|p1b: Oranguru
|-damage|p1a: Incineroar|0 fnt
|-damage|p1b: Oranguru|70/100
|faint|p1a: Incineroar
|cant|p2b: Urshifu|flinch
|move|p1b: Oranguru|Trick Room|p1b: Oranguru
|-fieldstart|move: Trick Room|[of] p1b: Oranguru
|
|-weather|RainDance|[upkeep]
|upkeep
|
|t:|1750824953
|switch|p1a: Calyrex|Calyrex-Ice, L50|100/100
|-ability|p1a: Calyrex|As One
|-ability|p1a: Calyrex|Unnerve
|turn|2
|
|t:|1750824964
|move|p2b: Urshifu|Sucker Punch|p1a: Calyrex
|-supereffective|p1a: Calyrex
|-crit|p1a: Calyrex
|-damage|p1a: Calyrex|31/100
|move|p1a: Calyrex|Seed Bomb|p2a: Kyogre
|-supereffective|p2a: Kyogre
|-damage|p2a: Kyogre|0 fnt
|faint|p2a: Kyogre
|-ability|p1a: Calyrex|Chilling Neigh|boost
|-boost|p1a: Calyrex|atk|1
|move|p1b: Oranguru|Instruct|p1a: Calyrex
|-singleturn|p1a: Calyrex|move: Instruct|[of] p1b: Oranguru
|move|p1a: Calyrex|Seed Bomb|p2b: Urshifu
|-damage|p2b: Urshifu|1/100
|
|-weather|RainDance|[upkeep]
|upkeep
|
|t:|1750824982
|switch|p2a: Rillaboom|Rillaboom, L50, F|100/100
|-fieldstart|move: Grassy Terrain|[from] ability: Grassy Surge|[of] p2a: Rillaboom
|turn|3
|
|t:|1750824990
|move|p2a: Rillaboom|Fake Out|p1b: Oranguru
|-damage|p1b: Oranguru|54/100
|move|p2b: Urshifu|Sucker Punch|p1a: Calyrex
|-supereffective|p1a: Calyrex
|-damage|p1a: Calyrex|2/100
|move|p1a: Calyrex|Seed Bomb|p2b: Urshifu
|-damage|p2b: Urshifu|0 fnt
|faint|p2b: Urshifu
|-ability|p1a: Calyrex|Chilling Neigh|boost
|-boost|p1a: Calyrex|atk|1
|move|p1b: Oranguru|Expanding Force|p2a: Rillaboom
|-damage|p2a: Rillaboom|78/100
|
|-weather|RainDance|[upkeep]
|-heal|p1a: Calyrex|8/100|[from] Grassy Terrain
|-heal|p1b: Oranguru|60/100|[from] Grassy Terrain
|-heal|p2a: Rillaboom|84/100|[from] Grassy Terrain
|upkeep
|
|t:|1750825008
|switch|p2b: Zacian|Zacian-Crowned, L50|100/100
|-ability|p2b: Zacian|Intrepid Sword|boost
|-boost|p2b: Zacian|atk|1
|turn|4
|
|t:|1750825026
|-terastallize|p2a: Rillaboom|Fire
|move|p2a: Rillaboom|Grassy Glide|p1a: Calyrex
|-damage|p1a: Calyrex|0 fnt
|faint|p1a: Calyrex
|move|p1b: Oranguru|Instruct|p1: Calyrex|[notarget]
|-fail|p1b: Oranguru
|move|p2b: Zacian|Play Rough|p1b: Oranguru
|-supereffective|p1b: Oranguru
|-damage|p1b: Oranguru|0 fnt
|faint|p1b: Oranguru
|
|-weather|RainDance|[upkeep]
|-heal|p2a: Rillaboom|90/100|[from] Grassy Terrain
|upkeep
|
|t:|1750825032
|switch|p1b: Ursaluna|Ursaluna-Bloodmoon, L50, M|100/100
|turn|5
|
|t:|1750825050
|move|p1b: Ursaluna|Earth Power|p2a: Rillaboom
|-supereffective|p2a: Rillaboom
|-damage|p2a: Rillaboom|0 fnt
|faint|p2a: Rillaboom
|move|p2b: Zacian|Behemoth Blade|p1b: Ursaluna
|-damage|p1b: Ursaluna|38/100
|
|-weather|none
|-heal|p1b: Ursaluna|44/100|[from] Grassy Terrain
|-fieldend|move: Trick Room
|upkeep
|turn|6
|
|t:|1750825064
|move|p2b: Zacian|Behemoth Blade|p1b: Ursaluna
|-damage|p1b: Ursaluna|0 fnt
|faint|p1b: Ursaluna
|
|win|Foeluis
|raw|chico linguiceta's rating: 1371 &rarr; <strong>1355</strong><br />(-16 for losing)
|raw|Foeluis's rating: 1448 &rarr; <strong>1464</strong><br />(+16 for winning)
|l|☆chico linguiceta
|player|p1|
|l|☆Foeluis
|player|p2|
|j|☆Foeluis
|player|p2|Foeluis|170|
|l|☆Foeluis
|player|p2|
