|j|☆Godther
|j|☆windhounds
|t:|1750726914
|gametype|doubles
|player|p1|Godther|n|1483
|player|p2|windhounds|dancer|1445
|teamsize|p1|6
|teamsize|p2|6
|gen|9
|tier|[Gen 9] VGC 2025 Reg I
|rated|
|rule|Species Clause: Limit one of each Pokémon
|rule|Item Clause: Limit 1 of each item
|clearpoke
|poke|p1|Calyrex-Shadow, L50|
|poke|p1|Zoroark-Hisui, L50, F|
|poke|p1|Urshifu-*, L50, M|
|poke|p1|Zamazenta-*, L50|
|poke|p1|Tornadus, L50, M|
|poke|p1|Archaludon, L50, F|
|poke|p2|Riolu, L50, M|
|poke|p2|Dragonite, L50, F|
|poke|p2|Urshifu-*, L50, M|
|poke|p2|Calyrex-Shadow, L50|
|poke|p2|Grimmsnarl, L50, M|
|poke|p2|Zamazenta-*, L50|
|teampreview|4
|c|☆windhounds|glhf
|inactive|Battle timer is ON: inactive players will automatically lose when time's up. (requested by windhounds)
|inactive|Godther has 60 seconds left.
|
|t:|1750726952
|start
|switch|p1a: Anjin|Urshifu-Rapid-Strike, L50, M|100/100
|switch|p1b: Castle|Zamazenta-Crowned, L50|100/100
|switch|p2a: Riolu|Riolu, L50, M|100/100
|switch|p2b: Urshifu|Urshifu-Rapid-Strike, L50, M|100/100
|-ability|p1b: Castle|Dauntless Shield|boost
|-boost|p1b: Castle|def|1
|turn|1
|
|t:|1750726969
|-terastallize|p1b: Castle|Dragon
|move|p2a: Riolu|Coaching|p2b: Urshifu
|-boost|p2b: Urshifu|atk|1
|-boost|p2b: Urshifu|def|1
|move|p2b: Urshifu|Surging Strikes|p1a: Anjin
|-crit|p1a: Anjin
|-damage|p1a: Anjin|42/100
|replace|p1a: Mariko|Zoroark-Hisui, L50, F
|-end|p1a: Mariko|Illusion
|-crit|p1a: Mariko
|-damage|p1a: Mariko|0 fnt
|faint|p1a: Mariko
|-hitcount|p1: Mariko|2
|move|p1b: Castle|Body Press|p2b: Urshifu
|-damage|p2b: Urshifu|62/100
|
|upkeep
|
|t:|1750726985
|switch|p1a: Anjin|Urshifu-Rapid-Strike, L50, M|100/100
|turn|2
|
|t:|1750727004
|-terastallize|p2b: Urshifu|Water
|move|p2a: Riolu|Coaching|p2b: Urshifu
|-boost|p2b: Urshifu|atk|1
|-boost|p2b: Urshifu|def|1
|move|p1a: Anjin|Zen Headbutt|p2b: Urshifu
|-damage|p2b: Urshifu|48/100
|move|p2b: Urshifu|Surging Strikes|p1a: Anjin
|-resisted|p1a: Anjin
|-crit|p1a: Anjin
|-damage|p1a: Anjin|74/100
|-resisted|p1a: Anjin
|-crit|p1a: Anjin
|-damage|p1a: Anjin|46/100
|-resisted|p1a: Anjin
|-crit|p1a: Anjin
|-damage|p1a: Anjin|18/100
|-hitcount|p1a: Anjin|3
|move|p1b: Castle|Body Press|p2b: Urshifu
|-damage|p2b: Urshifu|20/100
|
|upkeep
|turn|3
|inactive|windhounds has 30 seconds left.
|
|t:|1750727033
|switch|p2b: Zamazenta|Zamazenta-Crowned, L50|100/100
|-ability|p2b: Zamazenta|Dauntless Shield|boost
|-boost|p2b: Zamazenta|def|1
|move|p2a: Riolu|Coaching|p2b: Zamazenta
|-boost|p2b: Zamazenta|atk|1
|-boost|p2b: Zamazenta|def|1
|move|p1a: Anjin|Zen Headbutt|p2a: Riolu
|-supereffective|p2a: Riolu
|-damage|p2a: Riolu|9/100
|move|p1b: Castle|Body Press|p2b: Zamazenta
|-supereffective|p2b: Zamazenta
|-damage|p2b: Zamazenta|69/100
|
|upkeep
|turn|4
|inactive|Godther has 30 seconds left.
|
|t:|1750727063
|switch|p1a: Torunaga|Calyrex-Shadow, L50|100/100
|-ability|p1a: Torunaga|As One
|-ability|p1a: Torunaga|Unnerve
|move|p2a: Riolu|Coaching|p2b: Zamazenta
|-boost|p2b: Zamazenta|atk|1
|-boost|p2b: Zamazenta|def|1
|move|p1b: Castle|Body Press|p2b: Zamazenta
|-supereffective|p2b: Zamazenta
|-damage|p2b: Zamazenta|43/100
|move|p2b: Zamazenta|Body Press|p1a: Torunaga
|-immune|p1a: Torunaga
|
|upkeep
|turn|5
|inactive|Godther has 30 seconds left.
|
|t:|1750727096
|move|p2b: Zamazenta|Protect|p2b: Zamazenta
|-singleturn|p2b: Zamazenta|Protect
|move|p2a: Riolu|Coaching|p2b: Zamazenta
|-boost|p2b: Zamazenta|atk|1
|-boost|p2b: Zamazenta|def|1
|move|p1a: Torunaga|Encore|p2b: Zamazenta
|-activate|p2b: Zamazenta|move: Protect
|move|p1b: Castle|Body Press|p2b: Zamazenta
|-activate|p2b: Zamazenta|move: Protect
|
|upkeep
|turn|6
|inactive|windhounds has 30 seconds left.
|
|t:|1750727124
|switch|p2a: Urshifu|Urshifu-Rapid-Strike, L50, M, tera:Water|20/100
|move|p2b: Zamazenta|Wide Guard|p2b: Zamazenta
|-singleturn|p2b: Zamazenta|Wide Guard
|move|p1a: Torunaga|Astral Barrage|p2a: Urshifu|[spread] 
|-activate|p2a: Urshifu|move: Wide Guard
|-activate|p2b: Zamazenta|move: Wide Guard
|move|p1b: Castle|Body Press|p2b: Zamazenta
|-supereffective|p2b: Zamazenta
|-damage|p2b: Zamazenta|18/100
|
|upkeep
|turn|7
|
|t:|1750727144
|switch|p1a: Anjin|Urshifu-Rapid-Strike, L50, M|18/100
|switch|p2b: Calyrex|Calyrex-Shadow, L50|100/100
|-ability|p2b: Calyrex|As One
|-ability|p2b: Calyrex|Unnerve
|move|p2a: Urshifu|Surging Strikes|p1a: Anjin
|-resisted|p1a: Anjin
|-crit|p1a: Anjin
|-damage|p1a: Anjin|3/100
|-resisted|p1a: Anjin
|-crit|p1a: Anjin
|-damage|p1a: Anjin|0 fnt
|faint|p1a: Anjin
|-hitcount|p1: Anjin|2
|move|p1b: Castle|Body Press|p2a: Urshifu
|-damage|p2a: Urshifu|0 fnt
|faint|p2a: Urshifu
|
|upkeep
|
|t:|1750727166
|switch|p1a: Torunaga|Calyrex-Shadow, L50|100/100
|switch|p2a: Zamazenta|Zamazenta-Crowned, L50|18/100
|-ability|p1a: Torunaga|As One
|-ability|p1a: Torunaga|Unnerve
|turn|8
|
|t:|1750727180
|move|p1a: Torunaga|Protect|p1a: Torunaga
|-singleturn|p1a: Torunaga|Protect
|move|p2a: Zamazenta|Wide Guard|p2a: Zamazenta
|-singleturn|p2a: Zamazenta|Wide Guard
|move|p2b: Calyrex|Astral Barrage|p1a: Torunaga|[spread] p1b
|-activate|p1a: Torunaga|move: Protect
|-damage|p1b: Castle|61/100
|move|p1b: Castle|Body Press|p2a: Zamazenta
|-supereffective|p2a: Zamazenta
|-crit|p2a: Zamazenta
|-damage|p2a: Zamazenta|0 fnt
|faint|p2a: Zamazenta
|
|upkeep
|
|t:|1750727192
|switch|p2a: Riolu|Riolu, L50, M|9/100
|turn|9
|c|☆Godther|sir do you have dark pulse?
|
|t:|1750727205
|move|p1b: Castle|Wide Guard|p1b: Castle
|-singleturn|p1b: Castle|Wide Guard
|move|p2a: Riolu|Coaching|p2b: Calyrex
|-boost|p2b: Calyrex|atk|1
|-boost|p2b: Calyrex|def|1
|move|p1a: Torunaga|Astral Barrage|p2a: Riolu|[spread] p2a,p2b
|-supereffective|p2b: Calyrex
|-damage|p2a: Riolu|0 fnt
|-enditem|p2b: Calyrex|Focus Sash
|-damage|p2b: Calyrex|1/100
|faint|p2a: Riolu
|-ability|p1a: Torunaga|Grim Neigh|boost
|-boost|p1a: Torunaga|spa|1
|-damage|p1a: Torunaga|91/100|[from] item: Life Orb
|move|p2b: Calyrex|Encore|p1a: Torunaga
|-start|p1a: Torunaga|Encore
|
|upkeep
|turn|10
|c|☆Godther|gg
|
|t:|1750727225
|move|p1b: Castle|Wide Guard|p1b: Castle
|-singleturn|p1b: Castle|Wide Guard
|move|p1a: Torunaga|Astral Barrage|p2b: Calyrex
|-supereffective|p2b: Calyrex
|-damage|p2b: Calyrex|0 fnt
|faint|p2b: Calyrex
|-damage|p1a: Torunaga|81/100|[from] item: Life Orb
|
|win|Godther
|raw|Godther's rating: 1483 &rarr; <strong>1501</strong><br />(+18 for winning)
|raw|windhounds's rating: 1445 &rarr; <strong>1427</strong><br />(-18 for losing)
|c|☆windhounds|gg
|l|☆windhounds
|player|p2|
|l|☆Godther
|player|p1|
