|j|☆JoeyFromFullHouse
|j|☆Vinegar_it_is
|t:|1750855343
|gametype|doubles
|player|p1|JoeyFromFullHouse|fisherman-gen4|1421
|player|p2|Vinegar_it_is|265|1403
|teamsize|p1|6
|teamsize|p2|6
|gen|9
|tier|[Gen 9] VGC 2025 Reg I
|rated|
|rule|Species Clause: Limit one of each Pokémon
|rule|Item Clause: Limit 1 of each item
|clearpoke
|poke|p1|Rillaboom, L50, F|
|poke|p1|Calyrex-Shadow, L50|
|poke|p1|Zamazenta-*, L50|
|poke|p1|Incineroar, L50, M|
|poke|p1|Raging Bolt, L50|
|poke|p1|Ogerpon-Hearthflame, L50, F|
|poke|p2|Lunala, L50|
|poke|p2|Zamazenta-*, L50|
|poke|p2|Zoroark-Hisui, L50, F|
|poke|p2|Ogerpon-Wellspring, L50, F|
|poke|p2|Ursaluna, L50, M|
|poke|p2|Whimsicott, L50, F|
|teampreview|4
|inactive|Battle timer is ON: inactive players will automatically lose when time's up. (requested by JoeyFromFullHouse)
|inactive|JoeyFromFullHouse has 60 seconds left.
|inactive|Vinegar_it_is has 60 seconds left.
|
|t:|1750855384
|start
|switch|p1a: Zamazenta|Zamazenta-Crowned, L50|100/100
|switch|p1b: Incineroar|Incineroar, L50, M|100/100
|switch|p2a: Whimsicott|Whimsicott, L50, F|100/100
|switch|p2b: Zamazenta|Zamazenta-Crowned, L50|100/100
|-ability|p1a: Zamazenta|Dauntless Shield|boost
|-boost|p1a: Zamazenta|def|1
|-ability|p2b: Zamazenta|Dauntless Shield|boost
|-boost|p2b: Zamazenta|def|1
|-ability|p1b: Incineroar|Intimidate|boost
|-unboost|p2a: Whimsicott|atk|1
|-unboost|p2b: Zamazenta|atk|1
|turn|1
|inactive|Vinegar_it_is has 30 seconds left.
|inactive|Vinegar_it_is has 20 seconds left.
|inactive|Vinegar_it_is has 15 seconds left.
|
|t:|1750855426
|move|p2b: Zamazenta|Protect|p2b: Zamazenta
|-singleturn|p2b: Zamazenta|Protect
|move|p1b: Incineroar|Fake Out|p2b: Zamazenta
|-activate|p2b: Zamazenta|move: Protect
|move|p1a: Zamazenta|Heavy Slam|p2a: Whimsicott
|-damage|p2a: Whimsicott|3/100
|replace|p2a: Zoroark|Zoroark-Hisui, L50, F
|-end|p2a: Zoroark|Illusion
|move|p2a: Zoroark|Trick|p1b: Incineroar
|-activate|p2a: Zoroark|move: Trick|[of] p1b: Incineroar
|-item|p1b: Incineroar|Choice Specs|[from] move: Trick
|-item|p2a: Zoroark|Rocky Helmet|[from] move: Trick
|
|upkeep
|turn|2
|inactive|JoeyFromFullHouse has 30 seconds left.
|inactive|Vinegar_it_is has 30 seconds left.
|inactive|JoeyFromFullHouse has 20 seconds left.
|inactive|Vinegar_it_is has 20 seconds left.
|inactive|Vinegar_it_is has 15 seconds left.
|inactive|Vinegar_it_is has 10 seconds left.
|inactive|Vinegar_it_is has 5 seconds left.
|
|t:|1750855478
|switch|p1b: Calyrex|Calyrex-Shadow, L50|100/100
|-ability|p1b: Calyrex|As One
|-ability|p1b: Calyrex|Unnerve
|move|p1a: Zamazenta|Heavy Slam|p2a: Zoroark
|-damage|p2a: Zoroark|0 fnt
|-damage|p1a: Zamazenta|84/100|[from] item: Rocky Helmet|[of] p2a: Zoroark
|faint|p2a: Zoroark
|move|p2b: Zamazenta|Body Press|p1a: Zamazenta
|-supereffective|p1a: Zamazenta
|-crit|p1a: Zamazenta
|-damage|p1a: Zamazenta|0 fnt
|faint|p1a: Zamazenta
|
|upkeep
|
|t:|1750855501
|switch|p1a: Incineroar|Incineroar, L50, M|100/100
|switch|p2a: Lunala|Lunala, L50|100/100
|-ability|p1a: Incineroar|Intimidate|boost
|-unboost|p2a: Lunala|atk|1
|-unboost|p2b: Zamazenta|atk|1
|turn|3
|inactive|Vinegar_it_is has 30 seconds left.
|inactive|Vinegar_it_is has 20 seconds left.
|inactive|Vinegar_it_is has 15 seconds left.
|inactive|Vinegar_it_is has 10 seconds left.
|inactive|Vinegar_it_is has 5 seconds left.
|
|t:|1750855553
|-terastallize|p1b: Calyrex|Dark
|-terastallize|p2a: Lunala|Fairy
|move|p2b: Zamazenta|Protect|p2b: Zamazenta
|-singleturn|p2b: Zamazenta|Protect
|move|p1a: Incineroar|Fake Out|p2b: Zamazenta
|-activate|p2b: Zamazenta|move: Protect
|move|p1b: Calyrex|Astral Barrage|p2b: Zamazenta|[spread] p2a
|-activate|p2b: Zamazenta|move: Protect
|-damage|p2a: Lunala|73/100
|-damage|p1b: Calyrex|91/100|[from] item: Life Orb
|move|p2a: Lunala|Dazzling Gleam|p1a: Incineroar|[spread] p1a,p1b
|-crit|p1a: Incineroar
|-supereffective|p1b: Calyrex
|-damage|p1a: Incineroar|50/100
|-damage|p1b: Calyrex|12/100
|
|-heal|p2a: Lunala|80/100|[from] item: Leftovers
|upkeep
|turn|4
|inactive|JoeyFromFullHouse has 30 seconds left.
|inactive|Vinegar_it_is has 30 seconds left.
|inactive|Vinegar_it_is has 20 seconds left.
|
|t:|1750855589
|switch|p1a: Rillaboom|Rillaboom, L50, F|100/100
|-fieldstart|move: Grassy Terrain|[from] ability: Grassy Surge|[of] p1a: Rillaboom
|move|p1b: Calyrex|Protect|p1b: Calyrex
|-singleturn|p1b: Calyrex|Protect
|move|p2b: Zamazenta|Body Press|p1a: Rillaboom
|-damage|p1a: Rillaboom|37/100
|move|p2a: Lunala|Dazzling Gleam|p1a: Rillaboom|[spread] p1a
|-activate|p1b: Calyrex|move: Protect
|-damage|p1a: Rillaboom|13/100
|
|-heal|p1b: Calyrex|18/100|[from] Grassy Terrain
|-heal|p2a: Lunala|86/100|[from] Grassy Terrain
|-heal|p1a: Rillaboom|19/100|[from] Grassy Terrain
|-heal|p2a: Lunala|92/100|[from] item: Leftovers
|upkeep
|turn|5
|inactive|JoeyFromFullHouse has 30 seconds left.
|
|t:|1750855623
|move|p2b: Zamazenta|Wide Guard|p2b: Zamazenta
|-singleturn|p2b: Zamazenta|Wide Guard
|move|p1a: Rillaboom|Fake Out|p2a: Lunala
|-damage|p2a: Lunala|80/100
|move|p1b: Calyrex|Astral Barrage|p2b: Zamazenta|[spread] 
|-activate|p2a: Lunala|move: Wide Guard
|-activate|p2b: Zamazenta|move: Wide Guard
|cant|p2a: Lunala|flinch
|
|-heal|p1b: Calyrex|23/100|[from] Grassy Terrain
|-heal|p1a: Rillaboom|25/100|[from] Grassy Terrain
|-heal|p2a: Lunala|86/100|[from] Grassy Terrain
|-heal|p2a: Lunala|92/100|[from] item: Leftovers
|upkeep
|turn|6
|inactive|Vinegar_it_is has 30 seconds left.
|inactive|Vinegar_it_is has 20 seconds left.
|inactive|Vinegar_it_is has 15 seconds left.
|inactive|Vinegar_it_is has 10 seconds left.
|inactive|Vinegar_it_is has 5 seconds left.
|
|t:|1750855674
|move|p1b: Calyrex|Protect|p1b: Calyrex
|-singleturn|p1b: Calyrex|Protect
|move|p2a: Lunala|Protect|p2a: Lunala
|-singleturn|p2a: Lunala|Protect
|move|p2b: Zamazenta|Body Press|p1b: Calyrex
|-activate|p1b: Calyrex|move: Protect
|move|p1a: Rillaboom|Wood Hammer|p2a: Lunala
|-activate|p2a: Lunala|move: Protect
|
|-heal|p1b: Calyrex|29/100|[from] Grassy Terrain
|-heal|p1a: Rillaboom|31/100|[from] Grassy Terrain
|-heal|p2a: Lunala|98/100|[from] Grassy Terrain
|-heal|p2a: Lunala|100/100|[from] item: Leftovers
|upkeep
|turn|7
|inactive|JoeyFromFullHouse has 30 seconds left.
|
|t:|1750855706
|switch|p1b: Incineroar|Incineroar, L50, M|50/100
|-ability|p1b: Incineroar|Intimidate|boost
|-unboost|p2a: Lunala|atk|1
|-unboost|p2b: Zamazenta|atk|1
|move|p2b: Zamazenta|Wide Guard|p2b: Zamazenta
|-singleturn|p2b: Zamazenta|Wide Guard
|move|p1a: Rillaboom|U-turn|p2b: Zamazenta
|-resisted|p2b: Zamazenta
|-damage|p2b: Zamazenta|98/100
|
|t:|1750855716
|switch|p1a: Calyrex|Calyrex-Shadow, L50, tera:Dark|29/100|[from] U-turn
|-ability|p1a: Calyrex|As One
|-ability|p1a: Calyrex|Unnerve
|move|p2a: Lunala|Dazzling Gleam|p1b: Incineroar|[spread] p1a,p1b
|-supereffective|p1a: Calyrex
|-damage|p1a: Calyrex|0 fnt
|-damage|p1b: Incineroar|17/100
|faint|p1a: Calyrex
|
|-heal|p2b: Zamazenta|100/100|[from] Grassy Terrain
|-heal|p1b: Incineroar|23/100|[from] Grassy Terrain
|upkeep
|
|t:|1750855725
|switch|p1a: Rillaboom|Rillaboom, L50, F|31/100
|turn|8
|
|t:|1750855745
|move|p2b: Zamazenta|Protect||[still]
|-fail|p2b: Zamazenta
|move|p2a: Lunala|Protect|p2a: Lunala
|-singleturn|p2a: Lunala|Protect
|move|p1b: Incineroar|Fake Out|p2a: Lunala
|-activate|p2a: Lunala|move: Protect
|move|p1a: Rillaboom|Wood Hammer|p2a: Lunala
|-activate|p2a: Lunala|move: Protect
|
|-heal|p1a: Rillaboom|37/100|[from] Grassy Terrain
|-heal|p1b: Incineroar|29/100|[from] Grassy Terrain
|-fieldend|move: Grassy Terrain
|upkeep
|turn|9
|-message|JoeyFromFullHouse forfeited.
|
|win|Vinegar_it_is
|raw|JoeyFromFullHouse's rating: 1421 &rarr; <strong>1400</strong><br />(-21 for losing)
|raw|Vinegar_it_is's rating: 1403 &rarr; <strong>1424</strong><br />(+21 for winning)
|l|☆JoeyFromFullHouse
|player|p1|
|l|☆Vinegar_it_is
|player|p2|
