|j|☆GKun1999
|j|☆cnncnncnn1
|t:|1750864254
|gametype|doubles
|player|p1|GKun1999|red|1099
|player|p2|cnncnncnn1|2|1054
|teamsize|p1|6
|teamsize|p2|6
|gen|9
|tier|[Gen 9] VGC 2025 Reg I
|rated|
|rule|Species Clause: Limit one of each Pokémon
|rule|Item Clause: Limit 1 of each item
|clearpoke
|poke|p1|Ninetales-Alola, L50, M|
|poke|p1|Ho-Oh, L50|
|poke|p1|Landorus, L50, M|
|poke|p1|Terapagos, L50, M|
|poke|p1|Houndoom, L50, M|
|poke|p1|Regice, L50|
|poke|p2|Terapagos, L50, M|
|poke|p2|Incineroar, L50, M|
|poke|p2|Rillaboom, L50, F|
|poke|p2|Zacian-*, L50|
|poke|p2|Flutter Mane, L50|
|poke|p2|Ogerpon-Wellspring, L50, F|
|teampreview|4
|inactive|Battle timer is ON: inactive players will automatically lose when time's up. (requested by GKun1999)
GKun1999 has agreed to open team sheets.
cnncnncnn1 rejected open team sheets.
|inactive|GKun1999 has 60 seconds left.
|
|t:|1750864324
|start
|switch|p1a: Ho-Oh|Ho-Oh, L50|100/100
|switch|p1b: Houndoom|Houndoom, L50, M|100/100
|switch|p2a: Incineroar|Incineroar, L50, M|100/100
|switch|p2b: Ogerpon|Ogerpon-Wellspring, L50, F|100/100
|-ability|p2a: Incineroar|Intimidate|boost
|-fail|p1a: Ho-Oh|unboost|[from] item: Clear Amulet|[of] p1a: Ho-Oh
|-unboost|p1b: Houndoom|atk|1
|turn|1
|inactive|cnncnncnn1 has 30 seconds left.
|
|t:|1750864357
|move|p1b: Houndoom|Protect|p1b: Houndoom
|-singleturn|p1b: Houndoom|Protect
|move|p2a: Incineroar|Fake Out|p1b: Houndoom
|-activate|p1b: Houndoom|move: Protect
|move|p2b: Ogerpon|Leech Seed|p1a: Ho-Oh
|-start|p1a: Ho-Oh|move: Leech Seed
|move|p1a: Ho-Oh|Tailwind|p1a: Ho-Oh
|-sidestart|p1: GKun1999|move: Tailwind
|
|-damage|p1a: Ho-Oh|88/100|[from] Leech Seed|[of] p2b: Ogerpon
|upkeep
|turn|2
|
|t:|1750864378
|switch|p1a: Terapagos|Terapagos, L50, M|100/100
|-activate|p1a: Terapagos|ability: Tera Shift
|detailschange|p1a: Terapagos|Terapagos-Terastal, L50, M
|-heal|p1a: Terapagos|100/100|[silent]
|move|p2b: Ogerpon|Protect|p2b: Ogerpon
|-singleturn|p2b: Ogerpon|Protect
|move|p1b: Houndoom|Will-O-Wisp|p2b: Ogerpon
|-activate|p2b: Ogerpon|move: Protect
|move|p2a: Incineroar|Parting Shot|p1b: Houndoom
|-unboost|p1b: Houndoom|atk|1
|-unboost|p1b: Houndoom|spa|1
|
|t:|1750864395
|switch|p2a: Terapagos|Terapagos, L50, M|100/100|[from] Parting Shot
|-activate|p2a: Terapagos|ability: Tera Shift
|detailschange|p2a: Terapagos|Terapagos-Terastal, L50, M
|-heal|p2a: Terapagos|100/100|[silent]
|
|upkeep
|turn|3
|
|t:|1750864410
|move|p2a: Terapagos|Protect|p2a: Terapagos
|-singleturn|p2a: Terapagos|Protect
|move|p1b: Houndoom|Snarl|p2b: Ogerpon|[spread] p2b
|-activate|p2a: Terapagos|move: Protect
|-damage|p2b: Ogerpon|87/100
|-unboost|p2b: Ogerpon|spa|1
|move|p1a: Terapagos|Calm Mind|p1a: Terapagos
|-boost|p1a: Terapagos|spa|1
|-boost|p1a: Terapagos|spd|1
|move|p2b: Ogerpon|Leech Seed|p1a: Terapagos
|-start|p1a: Terapagos|move: Leech Seed
|
|-damage|p1a: Terapagos|88/100|[from] Leech Seed|[of] p2b: Ogerpon
|-heal|p2b: Ogerpon|100/100|[silent]
|upkeep
|turn|4
|
|t:|1750864429
|move|p2b: Ogerpon|Protect|p2b: Ogerpon
|-singleturn|p2b: Ogerpon|Protect
|move|p1b: Houndoom|Taunt|p2a: Terapagos
|-start|p2a: Terapagos|move: Taunt
|move|p1a: Terapagos|Calm Mind|p1a: Terapagos
|-boost|p1a: Terapagos|spa|1
|-boost|p1a: Terapagos|spd|1
|cant|p2a: Terapagos|move: Taunt|Substitute
|
|-heal|p1a: Terapagos|94/100|[from] item: Leftovers
|-damage|p1a: Terapagos|82/100|[from] Leech Seed|[of] p2b: Ogerpon
|-sideend|p1: GKun1999|move: Tailwind
|upkeep
|turn|5
|inactive|cnncnncnn1 has 30 seconds left.
|
|t:|1750864454
|switch|p2a: Flutter Mane|Flutter Mane, L50|100/100
|-enditem|p2a: Flutter Mane|Booster Energy
|-activate|p2a: Flutter Mane|ability: Protosynthesis|[fromitem]
|-start|p2a: Flutter Mane|protosynthesisspe
|move|p2b: Ogerpon|Leech Seed|p1b: Houndoom|[miss]
|-miss|p2b: Ogerpon|p1b: Houndoom
|move|p1b: Houndoom|Will-O-Wisp|p2b: Ogerpon
|-status|p2b: Ogerpon|brn
|move|p1a: Terapagos|Tera Starstorm|p2b: Ogerpon
|-damage|p2b: Ogerpon|0 fnt
|faint|p2b: Ogerpon
|
|-heal|p1a: Terapagos|88/100|[from] item: Leftovers
|upkeep
|
|t:|1750864479
|switch|p2b: Terapagos|Terapagos-Terastal, L50, M|100/100
|turn|6
|
|t:|1750864489
|move|p2a: Flutter Mane|Shadow Ball|p1b: Houndoom
|-resisted|p1b: Houndoom
|-damage|p1b: Houndoom|71/100
|-unboost|p1b: Houndoom|spd|1
|move|p1b: Houndoom|Taunt|p2b: Terapagos
|-start|p2b: Terapagos|move: Taunt
|move|p1a: Terapagos|Calm Mind|p1a: Terapagos
|-boost|p1a: Terapagos|spa|1
|-boost|p1a: Terapagos|spd|1
|cant|p2b: Terapagos|move: Taunt|Calm Mind
|
|-heal|p1a: Terapagos|94/100|[from] item: Leftovers
|-damage|p1a: Terapagos|81/100|[from] Leech Seed|[of] p2b: Terapagos
|upkeep
|turn|7
|inactive|cnncnncnn1 has 30 seconds left.
|
|t:|1750864516
|-terastallize|p2b: Terapagos|Stellar
|detailschange|p2b: Terapagos|Terapagos-Stellar, L50, M, tera:Stellar
|-heal|p2b: Terapagos|100/100|[silent]
|move|p2a: Flutter Mane|Icy Wind|p1b: Houndoom|[spread] p1a,p1b
|-resisted|p1b: Houndoom
|-damage|p1a: Terapagos|77/100
|-damage|p1b: Houndoom|56/100
|-unboost|p1a: Terapagos|spe|1
|-unboost|p1b: Houndoom|spe|1
|move|p1b: Houndoom|Snarl|p2a: Flutter Mane|[spread] p2a,p2b
|-damage|p2a: Flutter Mane|88/100
|-damage|p2b: Terapagos|93/100
|-unboost|p2a: Flutter Mane|spa|1
|-unboost|p2b: Terapagos|spa|1
|move|p2b: Terapagos|Tera Starstorm|p1b: Houndoom|[spread] p1a,p1b
|-crit|p1b: Houndoom
|-damage|p1a: Terapagos|67/100
|-damage|p1b: Houndoom|0 fnt
|faint|p1b: Houndoom
|move|p1a: Terapagos|Tera Starstorm|p2b: Terapagos
|-damage|p2b: Terapagos|13/100
|
|-heal|p2b: Terapagos|19/100|[from] item: Leftovers
|-heal|p1a: Terapagos|73/100|[from] item: Leftovers
|-damage|p1a: Terapagos|60/100|[from] Leech Seed|[of] p2b: Terapagos
|-heal|p2b: Terapagos|29/100|[silent]
|upkeep
|
|t:|1750864537
|switch|p1b: Landorus|Landorus, L50, M|100/100
|turn|8
|
|t:|1750864555
|move|p1a: Terapagos|Protect|p1a: Terapagos
|-singleturn|p1a: Terapagos|Protect
|move|p2a: Flutter Mane|Moonblast|p1a: Terapagos
|-activate|p1a: Terapagos|move: Protect
|move|p1b: Landorus|Earth Power|p2a: Flutter Mane
|-damage|p2a: Flutter Mane|24/100
|move|p2b: Terapagos|Tera Starstorm|p1b: Landorus|[spread] p1b
|-activate|p1a: Terapagos|move: Protect
|-damage|p1b: Landorus|66/100
|
|-heal|p2b: Terapagos|35/100|[from] item: Leftovers
|-heal|p1a: Terapagos|66/100|[from] item: Leftovers
|-damage|p1a: Terapagos|54/100|[from] Leech Seed|[of] p2b: Terapagos
|-heal|p2b: Terapagos|44/100|[silent]
|-end|p2b: Terapagos|move: Taunt
|upkeep
|turn|9
|
|t:|1750864573
|-terastallize|p1a: Terapagos|Stellar
|detailschange|p1a: Terapagos|Terapagos-Stellar, L50, M, tera:Stellar
|-heal|p1a: Terapagos|65/100|[silent]
|move|p2a: Flutter Mane|Moonblast|p1a: Terapagos
|-damage|p1a: Terapagos|57/100
|-unboost|p1a: Terapagos|spa|1
|move|p1b: Landorus|Earth Power|p2b: Terapagos
|-damage|p2b: Terapagos|4/100
|move|p2b: Terapagos|Tera Starstorm|p1a: Terapagos|[spread] p1a,p1b
|-supereffective|p1a: Terapagos
|-crit|p1b: Landorus
|-damage|p1a: Terapagos|43/100
|-damage|p1b: Landorus|0 fnt
|faint|p1b: Landorus
|move|p1a: Terapagos|Tera Starstorm|p2b: Terapagos|[spread] p2a,p2b
|-supereffective|p2b: Terapagos
|-damage|p2a: Flutter Mane|0 fnt
|-damage|p2b: Terapagos|0 fnt
|faint|p2a: Flutter Mane
|-end|p2a: Flutter Mane|Protosynthesis|[silent]
|faint|p2b: Terapagos
|detailschange|p2: Terapagos|Terapagos, L50, M|[silent]
|
|-heal|p1a: Terapagos|49/100|[from] item: Leftovers
|upkeep
|
|t:|1750864594
|switch|p1b: Ho-Oh|Ho-Oh, L50|100/100
|switch|p2b: Incineroar|Incineroar, L50, M|100/100
|-ability|p2b: Incineroar|Intimidate|boost
|-unboost|p1a: Terapagos|atk|1
|-fail|p1b: Ho-Oh|unboost|[from] item: Clear Amulet|[of] p1b: Ho-Oh
|turn|10
|
|t:|1750864601
|move|p1a: Terapagos|Protect|p1a: Terapagos
|-singleturn|p1a: Terapagos|Protect
|move|p2b: Incineroar|Fake Out|p1a: Terapagos
|-activate|p1a: Terapagos|move: Protect
|move|p1b: Ho-Oh|Tailwind|p1b: Ho-Oh
|-sidestart|p1: GKun1999|move: Tailwind
|
|-heal|p1a: Terapagos|55/100|[from] item: Leftovers
|-damage|p1a: Terapagos|43/100|[from] Leech Seed|[of] p2b: Incineroar
|upkeep
|turn|11
|
|t:|1750864613
|move|p1b: Ho-Oh|Brave Bird|p2b: Incineroar
|-damage|p2b: Incineroar|33/100
|-damage|p1b: Ho-Oh|83/100|[from] Recoil
|move|p1a: Terapagos|Tera Starstorm|p2b: Incineroar
|-damage|p2b: Incineroar|0 fnt
|faint|p2b: Incineroar
|
|win|GKun1999
|raw|GKun1999's rating: 1099 &rarr; <strong>1121</strong><br />(+22 for winning)
|raw|cnncnncnn1's rating: 1054 &rarr; <strong>1038</strong><br />(-16 for losing)
|l|☆cnncnncnn1
|player|p2|
|l|☆GKun1999
|player|p1|
