|j|☆pallotix
|j|☆sunnyforces
|t:|1750798043
|gametype|doubles
|player|p1|pallotix|2|1208
|player|p2|sunnyforces|266|1119
|teamsize|p1|6
|teamsize|p2|6
|gen|9
|tier|[Gen 9] VGC 2025 Reg I
|rated|
|rule|Species Clause: Limit one of each Pokémon
|rule|Item Clause: Limit 1 of each item
|clearpoke
|poke|p1|Koraidon, L50|
|poke|p1|Flutter Mane, L50|
|poke|p1|Raging Bolt, L50|
|poke|p1|Incineroar, L50, M|
|poke|p1|Lunala, L50|
|poke|p1|Indeedee-F, L50, F|
|poke|p2|Calyrex-Shadow, L50|
|poke|p2|Indeedee-F, L50, F|
|poke|p2|Articuno-Galar, L50|
|poke|p2|Flutter Mane, L50|
|poke|p2|Landorus, L50, M|
|poke|p2|Chi-Yu, L50|
|teampreview|4
|inactive|Battle timer is ON: inactive players will automatically lose when time's up. (requested by pallotix)
|
|t:|1750798083
|start
|switch|p1a: Indeedee|Indeedee-F, L50, F|100/100
|switch|p1b: Lunala|Lunala, L50|100/100
|switch|p2a: Articuno|Articuno-Galar, L50|100/100
|switch|p2b: Chi-Yu|Chi-Yu, L50|100/100
|-ability|p2b: Chi-Yu|Beads of Ruin
|-fieldstart|move: Psychic Terrain|[from] ability: Psychic Surge|[of] p1a: Indeedee
|turn|1
|
|t:|1750798102
|-terastallize|p1b: Lunala|Fairy
|move|p1a: Indeedee|Follow Me|p1a: Indeedee
|-singleturn|p1a: Indeedee|move: Follow Me
|move|p2b: Chi-Yu|Dark Pulse|p1a: Indeedee
|-supereffective|p1a: Indeedee
|-damage|p1a: Indeedee|0 fnt
|faint|p1a: Indeedee
|move|p2a: Articuno|Tailwind|p2a: Articuno
|-sidestart|p2: sunnyforces|move: Tailwind
|move|p1b: Lunala|Trick Room|p1b: Lunala
|-fieldstart|move: Trick Room|[of] p1b: Lunala
|
|upkeep
|l|☆sunnyforces
|inactive|sunnyforces disconnected and has a minute to reconnect!
|player|p2|
|
|t:|1750798110
|switch|p1a: Incineroar|Incineroar, L50, M|100/100
|-ability|p1a: Incineroar|Intimidate|boost
|-unboost|p2a: Articuno|atk|1
|-ability|p2a: Articuno|Competitive|boost
|-boost|p2a: Articuno|spa|2
|-unboost|p2b: Chi-Yu|atk|1
|turn|2
|inactive|sunnyforces has 30 seconds left.
|inactive|sunnyforces has 20 seconds left.
|j|☆sunnyforces
|inactive|sunnyforces reconnected and has 20 seconds left.
|player|p2|sunnyforces|266|
|inactive|sunnyforces has 15 seconds left.
|inactive|sunnyforces has 10 seconds left.
|inactive|sunnyforces has 5 seconds left.
|
|t:|1750798165
|move|p1a: Incineroar|Knock Off|p2a: Articuno
|-supereffective|p2a: Articuno
|-damage|p2a: Articuno|6/100
|-enditem|p2a: Articuno|Choice Specs|[from] move: Knock Off|[of] p1a: Incineroar
|move|p1b: Lunala|Moongeist Beam|p2b: Chi-Yu
|-resisted|p2b: Chi-Yu
|-damage|p2b: Chi-Yu|69/100
|move|p2a: Articuno|Tailwind||[still]
|-fail|p2a: Articuno
|move|p2b: Chi-Yu|Dark Pulse|p1a: Incineroar
|-resisted|p1a: Incineroar
|-damage|p1a: Incineroar|76/100
|
|upkeep
|turn|3
|inactive|pallotix has 30 seconds left.
|inactive|sunnyforces has 30 seconds left.
|
|t:|1750798192
|move|p1a: Incineroar|Knock Off|p2b: Chi-Yu
|-resisted|p2b: Chi-Yu
|-damage|p2b: Chi-Yu|37/100
|-enditem|p2b: Chi-Yu|Choice Scarf|[from] move: Knock Off|[of] p1a: Incineroar
|move|p1b: Lunala|Moongeist Beam|p2b: Chi-Yu
|-resisted|p2b: Chi-Yu
|-damage|p2b: Chi-Yu|7/100
|move|p2a: Articuno|Expanding Force|p1b: Lunala
|-damage|p1b: Lunala|64/100
|move|p2b: Chi-Yu|Dark Pulse|p1b: Lunala
|-resisted|p1b: Lunala
|-damage|p1b: Lunala|45/100
|
|-heal|p1b: Lunala|51/100|[from] item: Leftovers
|upkeep
|turn|4
|
|t:|1750798215
|move|p1a: Incineroar|Knock Off|p2b: Chi-Yu
|-resisted|p2b: Chi-Yu
|-damage|p2b: Chi-Yu|0 fnt
|faint|p2b: Chi-Yu
|move|p1b: Lunala|Expanding Force|p2a: Articuno
|-resisted|p2a: Articuno
|-crit|p2a: Articuno
|-damage|p2a: Articuno|0 fnt
|faint|p2a: Articuno
|
|-heal|p1b: Lunala|57/100|[from] item: Leftovers
|-sideend|p2: sunnyforces|move: Tailwind
|upkeep
|
|t:|1750798225
|switch|p2a: Flutter Mane|Flutter Mane, L50|100/100
|switch|p2b: Calyrex|Calyrex-Shadow, L50|100/100
|-ability|p2b: Calyrex|As One
|-ability|p2b: Calyrex|Unnerve
|-enditem|p2a: Flutter Mane|Booster Energy
|-activate|p2a: Flutter Mane|ability: Protosynthesis|[fromitem]
|-start|p2a: Flutter Mane|protosynthesisspe
|turn|5
|
|t:|1750798235
|move|p2b: Calyrex|Protect|p2b: Calyrex
|-singleturn|p2b: Calyrex|Protect
|move|p2a: Flutter Mane|Protect|p2a: Flutter Mane
|-singleturn|p2a: Flutter Mane|Protect
|move|p1a: Incineroar|Knock Off|p2a: Flutter Mane
|-activate|p2a: Flutter Mane|move: Protect
|move|p1b: Lunala|Expanding Force|p2b: Calyrex|[spread] 
|-activate|p2a: Flutter Mane|move: Protect
|-activate|p2b: Calyrex|move: Protect
|
|-heal|p1b: Lunala|63/100|[from] item: Leftovers
|-fieldend|move: Trick Room
|-fieldend|move: Psychic Terrain
|upkeep
|turn|6
|inactive|sunnyforces has 30 seconds left.
|inactive|pallotix has 30 seconds left.
|
|t:|1750798271
|-terastallize|p2a: Flutter Mane|Fairy
|move|p1b: Lunala|Wide Guard|p1b: Lunala
|-singleturn|p1b: Lunala|Wide Guard
|move|p2a: Flutter Mane|Moonblast|p1a: Incineroar
|-damage|p1a: Incineroar|16/100
|move|p2b: Calyrex|Astral Barrage|p1b: Lunala|[spread] 
|-activate|p1a: Incineroar|move: Wide Guard
|-activate|p1b: Lunala|move: Wide Guard
|move|p1a: Incineroar|Knock Off|p2b: Calyrex
|-supereffective|p2b: Calyrex
|-enditem|p2b: Calyrex|Focus Sash
|-damage|p2b: Calyrex|1/100
|
|-heal|p1b: Lunala|69/100|[from] item: Leftovers
|upkeep
|turn|7
|inactive|pallotix has 30 seconds left.
|inactive|sunnyforces has 30 seconds left.
|
|t:|1750798301
|move|p2a: Flutter Mane|Moonblast|p1a: Incineroar
|-damage|p1a: Incineroar|0 fnt
|faint|p1a: Incineroar
|move|p2b: Calyrex|Astral Barrage|p1b: Lunala
|-damage|p1b: Lunala|24/100
|move|p1b: Lunala|Moongeist Beam|p2a: Flutter Mane
|-damage|p2a: Flutter Mane|39/100
|
|-heal|p1b: Lunala|29/100|[from] item: Leftovers
|upkeep
|
|t:|1750798304
|switch|p1a: Koraidon|Koraidon, L50|100/100
|-weather|SunnyDay|[from] ability: Orichalcum Pulse|[of] p1a: Koraidon
|-activate|p1a: Koraidon|Orichalcum Pulse|[source]
|turn|8
|
|t:|1750798325
|move|p1b: Lunala|Wide Guard|p1b: Lunala
|-singleturn|p1b: Lunala|Wide Guard
|move|p2a: Flutter Mane|Moonblast|p1a: Koraidon
|-supereffective|p1a: Koraidon
|-damage|p1a: Koraidon|0 fnt
|faint|p1a: Koraidon
|move|p2b: Calyrex|Astral Barrage|p1b: Lunala
|-activate|p1b: Lunala|move: Wide Guard
|
|-weather|SunnyDay|[upkeep]
|-heal|p1b: Lunala|35/100|[from] item: Leftovers
|upkeep
|turn|9
|-message|pallotix forfeited.
|
|win|sunnyforces
|raw|pallotix's rating: 1208 &rarr; <strong>1177</strong><br />(-31 for losing)
|raw|sunnyforces's rating: 1119 &rarr; <strong>1150</strong><br />(+31 for winning)
|l|☆pallotix
|player|p1|
|l|☆sunnyforces
|player|p2|
