|j|☆leolucks
|j|☆BlossomingRuin
|t:|1750850092
|gametype|doubles
|player|p1|leolucks|1|1331
|player|p2|BlossomingRuin|penny|1363
|teamsize|p1|6
|teamsize|p2|6
|gen|9
|tier|[Gen 9] VGC 2025 Reg I
|rated|
|rule|Species Clause: Limit one of each Pokémon
|rule|Item Clause: Limit 1 of each item
|clearpoke
|poke|p1|Koraidon, L50|
|poke|p1|Scovillain, L50, F|
|poke|p1|Miraidon, L50|
|poke|p1|Chesnaught, L50, M|
|poke|p1|Clefairy, L50, M|
|poke|p1|Indeedee-F, L50, F|
|poke|p2|Koraidon, L50|
|poke|p2|Chi-Yu, L50|
|poke|p2|Flutter Mane, L50|
|poke|p2|Lunala, L50|
|poke|p2|Tornadus, L50, M|
|poke|p2|Indeedee-F, L50, F|
|teampreview|4
|inactive|Battle timer is ON: inactive players will automatically lose when time's up. (requested by BlossomingRuin)
|inactive|leolucks has 60 seconds left.
|
|t:|1750850126
|start
|switch|p1a: Miraidon|Miraidon, L50|100/100
|switch|p1b: Clefairy|Clefairy, L50, M|100/100
|switch|p2a: Lakitu|Tornadus, L50, M|100/100
|switch|p2b: Flutter|Flutter Mane, L50|100/100
|-fieldstart|move: Electric Terrain|[from] ability: Hadron Engine|[of] p1a: Miraidon
|turn|1
|
|t:|1750850147
|-terastallize|p1a: Miraidon|Electric
|move|p2a: Lakitu|Tailwind|p2a: Lakitu
|-sidestart|p2: BlossomingRuin|move: Tailwind
|move|p2b: Flutter|Icy Wind|p1a: Miraidon|[spread] p1a,p1b
|-damage|p1a: Miraidon|85/100
|-damage|p1b: Clefairy|78/100
|-unboost|p1a: Miraidon|spe|1
|-unboost|p1b: Clefairy|spe|1
|move|p1a: Miraidon|Volt Switch|p2a: Lakitu
|-supereffective|p2a: Lakitu
|-damage|p2a: Lakitu|0 fnt
|faint|p2a: Lakitu
|
|t:|1750850163
|switch|p1a: Koraidon|Koraidon, L50|100/100|[from] Volt Switch
|-weather|SunnyDay|[from] ability: Orichalcum Pulse|[of] p1a: Koraidon
|-activate|p2b: Flutter|ability: Protosynthesis
|-start|p2b: Flutter|protosynthesisspe
|-activate|p1a: Koraidon|Orichalcum Pulse|[source]
|move|p1b: Clefairy|Life Dew||[still]|[spread] p1a,p1b
|-fail|p1a: Koraidon|heal
|-heal|p1b: Clefairy|100/100
|
|-weather|SunnyDay|[upkeep]
|upkeep
|
|t:|1750850169
|switch|p2a: Spector|Lunala, L50|100/100
|turn|2
|inactive|leolucks has 30 seconds left.
|
|t:|1750850203
|move|p1a: Koraidon|Protect|p1a: Koraidon
|-singleturn|p1a: Koraidon|Protect
|move|p1b: Clefairy|Protect|p1b: Clefairy
|-singleturn|p1b: Clefairy|Protect
|move|p2b: Flutter|Icy Wind|p1b: Clefairy|[spread] 
|-activate|p1a: Koraidon|move: Protect
|-activate|p1b: Clefairy|move: Protect
|move|p2a: Spector|Meteor Beam||[still]
|-prepare|p2a: Spector|Meteor Beam
|-boost|p2a: Spector|spa|1
|-enditem|p2a: Spector|Power Herb
|-anim|p2a: Spector|Meteor Beam|p1a: Koraidon
|-activate|p1a: Koraidon|move: Protect
|
|-weather|SunnyDay|[upkeep]
|upkeep
|turn|3
|inactive|leolucks has 30 seconds left.
|
|t:|1750850231
|-end|p2b: Flutter|Protosynthesis|[silent]
|switch|p2b: Billy <3|Indeedee-F, L50, F|100/100
|-fieldstart|move: Psychic Terrain|[from] ability: Psychic Surge|[of] p2b: Billy <3
|move|p1b: Clefairy|Follow Me|p1b: Clefairy
|-singleturn|p1b: Clefairy|move: Follow Me
|move|p2a: Spector|Expanding Force|p1b: Clefairy|[spread] p1a,p1b
|-supereffective|p1a: Koraidon
|-damage|p1a: Koraidon|0 fnt
|-damage|p1b: Clefairy|4/100
|faint|p1a: Koraidon
|
|-weather|SunnyDay|[upkeep]
|upkeep
|
|t:|1750850249
|switch|p1a: Miraidon|Miraidon, L50, tera:Electric|85/100
|-fieldstart|move: Electric Terrain|[from] ability: Hadron Engine|[of] p1a: Miraidon
|turn|4
|
|t:|1750850265
|move|p2b: Billy <3|Follow Me|p2b: Billy <3
|-singleturn|p2b: Billy <3|move: Follow Me
|move|p1b: Clefairy|Follow Me|p1b: Clefairy
|-singleturn|p1b: Clefairy|move: Follow Me
|move|p1a: Miraidon|Snarl|p2a: Spector|[spread] p2a,p2b
|-supereffective|p2a: Spector
|-supereffective|p2b: Billy <3
|-damage|p2a: Spector|71/100
|-damage|p2b: Billy <3|60/100
|-unboost|p2a: Spector|spa|1
|-unboost|p2b: Billy <3|spa|1
|move|p2a: Spector|Moongeist Beam|p1b: Clefairy
|-damage|p1b: Clefairy|0 fnt
|faint|p1b: Clefairy
|
|-weather|SunnyDay|[upkeep]
|-sideend|p2: BlossomingRuin|move: Tailwind
|upkeep
|
|t:|1750850277
|switch|p1b: Scovillain|Scovillain, L50, F|100/100
|turn|5
|
|t:|1750850306
|move|p1b: Scovillain|Rage Powder|p1b: Scovillain
|-singleturn|p1b: Scovillain|move: Rage Powder
|move|p1a: Miraidon|Snarl|p2b: Billy <3|[spread] 
|-miss|p1a: Miraidon|p2a: Spector
|-miss|p1a: Miraidon|p2b: Billy <3
|move|p2a: Spector|Moongeist Beam|p1b: Scovillain
|-enditem|p1b: Scovillain|Focus Sash
|-damage|p1b: Scovillain|1/100
|move|p2b: Billy <3|Dazzling Gleam|p1a: Miraidon|[spread] p1a,p1b
|-resisted|p1b: Scovillain
|-damage|p1a: Miraidon|77/100
|-damage|p1b: Scovillain|0 fnt
|faint|p1b: Scovillain
|
|-weather|none
|upkeep
|turn|6
|
|t:|1750850330
|move|p2a: Spector|Wide Guard|p2a: Spector
|-singleturn|p2a: Spector|Wide Guard
|move|p1a: Miraidon|Snarl|p2a: Spector|[spread] 
|-activate|p2a: Spector|move: Wide Guard
|-activate|p2b: Billy <3|move: Wide Guard
|move|p2b: Billy <3|Dazzling Gleam|p1a: Miraidon
|-damage|p1a: Miraidon|66/100
|
|upkeep
|turn|7
|
|t:|1750850337
|move|p2a: Spector|Wide Guard|p2a: Spector
|-singleturn|p2a: Spector|Wide Guard
|move|p1a: Miraidon|Snarl|p2a: Spector|[spread] 
|-activate|p2a: Spector|move: Wide Guard
|-activate|p2b: Billy <3|move: Wide Guard
|move|p2b: Billy <3|Dazzling Gleam|p1a: Miraidon
|-damage|p1a: Miraidon|56/100
|
|upkeep
|turn|8
|
|t:|1750850341
|move|p2a: Spector|Wide Guard|p2a: Spector
|-singleturn|p2a: Spector|Wide Guard
|move|p1a: Miraidon|Snarl|p2a: Spector|[spread] 
|-activate|p2a: Spector|move: Wide Guard
|-activate|p2b: Billy <3|move: Wide Guard
|move|p2b: Billy <3|Dazzling Gleam|p1a: Miraidon
|-damage|p1a: Miraidon|45/100
|
|-fieldend|move: Electric Terrain
|upkeep
|turn|9
|
|t:|1750850344
|move|p2a: Spector|Wide Guard|p2a: Spector
|-singleturn|p2a: Spector|Wide Guard
|move|p1a: Miraidon|Snarl|p2a: Spector|[spread] 
|-activate|p2a: Spector|move: Wide Guard
|-activate|p2b: Billy <3|move: Wide Guard
|move|p2b: Billy <3|Dazzling Gleam|p1a: Miraidon
|-damage|p1a: Miraidon|33/100
|
|upkeep
|turn|10
|
|t:|1750850348
|-terastallize|p2b: Billy <3|Fairy
|move|p2a: Spector|Wide Guard|p2a: Spector
|-singleturn|p2a: Spector|Wide Guard
|move|p1a: Miraidon|Snarl|p2b: Billy <3|[spread] 
|-activate|p2a: Spector|move: Wide Guard
|-activate|p2b: Billy <3|move: Wide Guard
|move|p2b: Billy <3|Dazzling Gleam|p1a: Miraidon
|-damage|p1a: Miraidon|17/100
|
|upkeep
|turn|11
|
|t:|1750850354
|move|p2a: Spector|Wide Guard|p2a: Spector
|-singleturn|p2a: Spector|Wide Guard
|move|p1a: Miraidon|Snarl|p2b: Billy <3|[spread] 
|-activate|p2a: Spector|move: Wide Guard
|-activate|p2b: Billy <3|move: Wide Guard
|move|p2b: Billy <3|Dazzling Gleam|p1a: Miraidon
|-damage|p1a: Miraidon|0 fnt
|faint|p1a: Miraidon
|
|win|BlossomingRuin
|raw|leolucks's rating: 1331 &rarr; <strong>1313</strong><br />(-18 for losing)
|raw|BlossomingRuin's rating: 1363 &rarr; <strong>1381</strong><br />(+18 for winning)
|l|☆leolucks
|player|p1|
