|j|☆AlejoB7
|j|☆Nougalex
|t:|1750798188
|gametype|doubles
|player|p1|AlejoB7|ethan|1435
|player|p2|Nougalex|serena-masters2|1428
|teamsize|p1|6
|teamsize|p2|6
|gen|9
|tier|[Gen 9] VGC 2025 Reg I
|rated|
|rule|Species Clause: Limit one of each Pokémon
|rule|Item Clause: Limit 1 of each item
|clearpoke
|poke|p1|Miraidon, L50|
|poke|p1|Volcarona, L50, F|
|poke|p1|Zamazenta-*, L50|
|poke|p1|Chien-Pao, L50|
|poke|p1|Rillaboom, L50, M|
|poke|p1|Grimmsnarl, L50, M|
|poke|p2|Calyrex-Ice, L50|
|poke|p2|Scraggy, L50, M|
|poke|p2|Miraidon, L50|
|poke|p2|Farigiraf, L50, M|
|poke|p2|Iron Treads, L50|
|poke|p2|Iron Hands, L50|
|teampreview|4
|inactive|Battle timer is ON: inactive players will automatically lose when time's up. (requested by Nougalex)
|
|t:|1750798230
|start
|switch|p1a: Rillaboom|Rillaboom, L50, M|100/100
|switch|p1b: Grimmsnarl|Grimmsnarl, L50, M|100/100
|switch|p2a: Pure Vessel|Calyrex-Ice, L50|100/100
|switch|p2b: Broken Vessel|Scraggy, L50, M, shiny|100/100
|-ability|p2a: Pure Vessel|As One
|-ability|p2a: Pure Vessel|Unnerve
|-fieldstart|move: Grassy Terrain|[from] ability: Grassy Surge|[of] p1a: Rillaboom
|-ability|p2b: Broken Vessel|Intimidate|boost
|-unboost|p1a: Rillaboom|atk|1
|-unboost|p1b: Grimmsnarl|atk|1
|turn|1
|inactive|AlejoB7 has 30 seconds left.
|
|t:|1750798264
|switch|p2b: Hornet Sentinel|Farigiraf, L50, M, shiny|100/100
|move|p1a: Rillaboom|Fake Out||[still]
|cant|p2b: Hornet Sentinel|ability: Armor Tail|Fake Out|[of] p1a: Rillaboom
|move|p1b: Grimmsnarl|Reflect|p1b: Grimmsnarl
|-sidestart|p1: AlejoB7|Reflect
|move|p2a: Pure Vessel|Trick Room|p2a: Pure Vessel
|-fieldstart|move: Trick Room|[of] p2a: Pure Vessel
|
|upkeep
|turn|2
|
|t:|1750798279
|-terastallize|p1a: Rillaboom|Water
|move|p2b: Hornet Sentinel|Helping Hand|p2a: Pure Vessel
|-singleturn|p2a: Pure Vessel|Helping Hand|[of] p2b: Hornet Sentinel
|move|p2a: Pure Vessel|Glacial Lance|p1a: Rillaboom|[spread] p1a,p1b
|-resisted|p1a: Rillaboom
|-damage|p1a: Rillaboom|74/100
|-damage|p1b: Grimmsnarl|40/100
|move|p1b: Grimmsnarl|Foul Play|p2a: Pure Vessel
|-supereffective|p2a: Pure Vessel
|-damage|p2a: Pure Vessel|22/100
|move|p1a: Rillaboom|U-turn|p2a: Pure Vessel
|-supereffective|p2a: Pure Vessel
|-damage|p2a: Pure Vessel|3/100
|
|t:|1750798290
|switch|p1a: Zamazenta|Zamazenta-Crowned, L50|100/100|[from] U-turn
|-ability|p1a: Zamazenta|Dauntless Shield|boost
|-boost|p1a: Zamazenta|def|1
|
|-heal|p2a: Pure Vessel|9/100|[from] Grassy Terrain
|-heal|p1b: Grimmsnarl|46/100|[from] Grassy Terrain
|upkeep
|turn|3
|
|t:|1750798314
|switch|p1b: Rillaboom|Rillaboom, L50, M, tera:Water|74/100
|move|p2a: Pure Vessel|High Horsepower|p1a: Zamazenta
|-supereffective|p1a: Zamazenta
|-damage|p1a: Zamazenta|80/100
|move|p2b: Hornet Sentinel|Psychic|p1a: Zamazenta
|-damage|p1a: Zamazenta|56/100
|move|p1a: Zamazenta|Body Press|p2a: Pure Vessel
|-damage|p2a: Pure Vessel|0 fnt
|faint|p2a: Pure Vessel
|
|-heal|p1b: Rillaboom|80/100|[from] Grassy Terrain
|-heal|p1a: Zamazenta|62/100|[from] Grassy Terrain
|upkeep
|
|t:|1750798326
|switch|p2a: Absolute Radiance|Miraidon, L50|100/100
|-fieldstart|move: Electric Terrain|[from] ability: Hadron Engine|[of] p2a: Absolute Radiance
|-enditem|p2b: Hornet Sentinel|Electric Seed
|-boost|p2b: Hornet Sentinel|def|1|[from] item: Electric Seed
|turn|4
|
|t:|1750798345
|move|p2b: Hornet Sentinel|Psychic|p1b: Rillaboom
|-damage|p1b: Rillaboom|56/100
|move|p1b: Rillaboom|U-turn|p2a: Absolute Radiance
|-damage|p2a: Absolute Radiance|80/100
|
|t:|1750798350
|switch|p1b: Grimmsnarl|Grimmsnarl, L50, M|46/100|[from] U-turn
|move|p2a: Absolute Radiance|Electro Drift|p1a: Zamazenta
|-crit|p1a: Zamazenta
|-damage|p1a: Zamazenta|0 fnt
|faint|p1a: Zamazenta
|
|upkeep
|
|t:|1750798358
|switch|p1a: Rillaboom|Rillaboom, L50, M, tera:Water|56/100
|-fieldstart|move: Grassy Terrain|[from] ability: Grassy Surge|[of] p1a: Rillaboom
|turn|5
|c|☆AlejoB7|that was unnespected lol super cool slow miraidon
|c|☆Nougalex|thanks ahah !
|inactive|AlejoB7 has 30 seconds left.
|
|t:|1750798389
|switch|p2b: Broken Vessel|Scraggy, L50, M, shiny|100/100
|-ability|p2b: Broken Vessel|Intimidate|boost
|-unboost|p1a: Rillaboom|atk|1
|-unboost|p1b: Grimmsnarl|atk|1
|move|p1b: Grimmsnarl|Light Screen|p1b: Grimmsnarl
|-sidestart|p1: AlejoB7|move: Light Screen
|move|p1a: Rillaboom|U-turn|p2a: Absolute Radiance
|-damage|p2a: Absolute Radiance|65/100
|
|t:|1750798396
|switch|p1a: Miraidon|Miraidon, L50|100/100|[from] U-turn
|-fieldstart|move: Electric Terrain|[from] ability: Hadron Engine|[of] p1a: Miraidon
|move|p2a: Absolute Radiance|Electro Drift|p1a: Miraidon
|-resisted|p1a: Miraidon
|-damage|p1a: Miraidon|79/100
|
|-sideend|p1: AlejoB7|Reflect
|-fieldend|move: Trick Room
|upkeep
|turn|6
|inactive|AlejoB7 has 30 seconds left.
|
|t:|1750798428
|switch|p1a: Rillaboom|Rillaboom, L50, M, tera:Water|56/100
|-fieldstart|move: Grassy Terrain|[from] ability: Grassy Surge|[of] p1a: Rillaboom
|switch|p2a: Hornet Sentinel|Farigiraf, L50, M, shiny|100/100
|move|p2b: Broken Vessel|Fake Out|p1a: Rillaboom
|-damage|p1a: Rillaboom|48/100
|move|p1b: Grimmsnarl|Foul Play|p2b: Broken Vessel
|-resisted|p2b: Broken Vessel
|-crit|p2b: Broken Vessel
|-damage|p2b: Broken Vessel|92/100
|
|-heal|p1a: Rillaboom|54/100|[from] Grassy Terrain
|-heal|p1b: Grimmsnarl|52/100|[from] Grassy Terrain
|-heal|p2b: Broken Vessel|97/100|[from] Grassy Terrain
|upkeep
|turn|7
|inactive|AlejoB7 has 30 seconds left.
|inactive|Nougalex has 30 seconds left.
|inactive|AlejoB7 has 20 seconds left.
|
|t:|1750798467
|move|p1a: Rillaboom|Wood Hammer|p2a: Hornet Sentinel
|-damage|p2a: Hornet Sentinel|41/100
|-damage|p1a: Rillaboom|33/100|[from] Recoil
|move|p2a: Hornet Sentinel|Psychic|p1a: Rillaboom
|-damage|p1a: Rillaboom|16/100
|move|p1b: Grimmsnarl|Foul Play|p2a: Hornet Sentinel
|-supereffective|p2a: Hornet Sentinel
|-damage|p2a: Hornet Sentinel|1/100
|move|p2b: Broken Vessel|Foul Play|p1a: Rillaboom
|-damage|p1a: Rillaboom|0 fnt
|faint|p1a: Rillaboom
|
|-heal|p1b: Grimmsnarl|58/100|[from] Grassy Terrain
|-heal|p2a: Hornet Sentinel|7/100|[from] Grassy Terrain
|-heal|p2b: Broken Vessel|100/100|[from] Grassy Terrain
|upkeep
|
|t:|1750798484
|switch|p1a: Miraidon|Miraidon, L50|79/100
|-fieldstart|move: Electric Terrain|[from] ability: Hadron Engine|[of] p1a: Miraidon
|turn|8
|
|t:|1750798509
|move|p1a: Miraidon|Electro Drift|p2b: Broken Vessel
|-damage|p2b: Broken Vessel|21/100
|move|p1b: Grimmsnarl|Foul Play|p2a: Hornet Sentinel
|-supereffective|p2a: Hornet Sentinel
|-damage|p2a: Hornet Sentinel|0 fnt
|faint|p2a: Hornet Sentinel
|move|p2b: Broken Vessel|Endeavor|p1a: Miraidon
|-damage|p1a: Miraidon|14/100
|
|upkeep
|
|t:|1750798519
|switch|p2a: Absolute Radiance|Miraidon, L50|65/100
|-activate|p2a: Absolute Radiance|ability: Hadron Engine
|turn|9
|
|t:|1750798532
|move|p1a: Miraidon|Electro Drift|p2a: Absolute Radiance
|-resisted|p2a: Absolute Radiance
|-crit|p2a: Absolute Radiance
|-damage|p2a: Absolute Radiance|38/100
|move|p2a: Absolute Radiance|Dazzling Gleam|p1a: Miraidon|[spread] p1a,p1b
|-supereffective|p1a: Miraidon
|-supereffective|p1b: Grimmsnarl
|-damage|p1a: Miraidon|0 fnt
|-damage|p1b: Grimmsnarl|1/100
|faint|p1a: Miraidon
|move|p1b: Grimmsnarl|Foul Play|p2a: Absolute Radiance
|-damage|p2a: Absolute Radiance|16/100
|move|p2b: Broken Vessel|Foul Play|p1b: Grimmsnarl
|-resisted|p1b: Grimmsnarl
|-damage|p1b: Grimmsnarl|0 fnt
|faint|p1b: Grimmsnarl
|
|win|Nougalex
|raw|AlejoB7's rating: 1435 &rarr; <strong>1415</strong><br />(-20 for losing)
|raw|Nougalex's rating: 1428 &rarr; <strong>1448</strong><br />(+20 for winning)
|c|☆Nougalex|gg
|l|☆Nougalex
|player|p2|
|c|☆AlejoB7|gg deserved win
|c|☆AlejoB7|never expect that miraidon
