|j|☆cauejoaosinho
|j|☆capyg6
|t:|1750776916
|gametype|doubles
|player|p1|cauejoaosinho|n|1115
|player|p2|capyg6|fisherman-gen4|1072
|teamsize|p1|6
|teamsize|p2|6
|gen|9
|tier|[Gen 9] VGC 2025 Reg I
|rated|
|rule|Species Clause: Limit one of each Pokémon
|rule|Item Clause: Limit 1 of each item
|clearpoke
|poke|p1|Regigigas, L50|
|poke|p1|Weezing-Galar, L50, M|
|poke|p1|Hydreigon, L50, M|
|poke|p1|Incineroar, L50, F|
|poke|p1|Muk-Alola, L50, M|
|poke|p1|Palkia-Origin, L50|
|poke|p2|Armarouge, L50, F|
|poke|p2|Minior, L50|
|poke|p2|Arcanine-Hisui, L50, M|
|poke|p2|Moltres-Galar, L50|
|poke|p2|Blastoise, L50, F|
|poke|p2|Venusaur, L50, M|
|teampreview|4
|inactive|Battle timer is ON: inactive players will automatically lose when time's up. (requested by capyg6)
capyg6 rejected open team sheets.
|
|t:|1750776947
|start
|switch|p1a: Regigigas|Regigigas, L50|100/100
|switch|p1b: Weezing|Weezing-Galar, L50, M|100/100
|switch|p2a: Big Bird|Moltres-Galar, L50, shiny|100/100
|switch|p2b: Minior|Minior, L50, shiny|100/100
|-ability|p1b: Weezing|Neutralizing Gas
|-formechange|p2b: Minior|Minior-Meteor||[from] ability: Shields Down
|turn|1
|
|t:|1750776969
|move|p1a: Regigigas|Knock Off|p2b: Minior
|-damage|p2b: Minior|52/100
|-enditem|p2b: Minior|Mental Herb|[from] move: Knock Off|[of] p1a: Regigigas
|-damage|p1a: Regigigas|91/100|[from] item: Life Orb
|move|p2a: Big Bird|Air Slash|p1b: Weezing
|-damage|p1b: Weezing|57/100
|-damage|p2a: Big Bird|91/100|[from] item: Life Orb
|move|p1b: Weezing|Strange Steam|p2b: Minior
|-damage|p2b: Minior|19/100
|move|p2b: Minior|Substitute|p2b: Minior
|-fail|p2b: Minior|move: Substitute|[weak]
|
|-formechange|p2b: Minior|Minior||[from] ability: Shields Down
|upkeep
|turn|2
|
|t:|1750776993
|move|p1b: Weezing|Protect|p1b: Weezing
|-singleturn|p1b: Weezing|Protect
|move|p1a: Regigigas|Knock Off|p2b: Minior
|-damage|p2b: Minior|0 fnt
|faint|p2b: Minior
|-damage|p1a: Regigigas|81/100|[from] item: Life Orb
|move|p2a: Big Bird|Fiery Wrath|p1a: Regigigas|[spread] p1a
|-activate|p1b: Weezing|move: Protect
|-damage|p1a: Regigigas|43/100
|-damage|p2a: Big Bird|81/100|[from] item: Life Orb
|
|upkeep
|
|t:|1750777005
|switch|p2b: BigManBlastoise|Blastoise, L50, F|100/100
|turn|3
|
|t:|1750777016
|-terastallize|p2b: BigManBlastoise|Ground
|move|p1a: Regigigas|Double-Edge|p2a: Big Bird
|-damage|p2a: Big Bird|0 fnt
|faint|p2a: Big Bird
|-damage|p1a: Regigigas|19/100|[from] Recoil
|-damage|p1a: Regigigas|9/100|[from] item: Life Orb
|move|p2b: BigManBlastoise|Earthquake|p1b: Weezing|[spread] p1a,p1b
|-supereffective|p1b: Weezing
|-damage|p1a: Regigigas|0 fnt
|-damage|p1b: Weezing|9/100
|faint|p1a: Regigigas
|-end|p1a: Regigigas|Slow Start|[silent]
|move|p1b: Weezing|Strange Steam|p2b: BigManBlastoise
|-damage|p2b: BigManBlastoise|63/100
|
|upkeep
|
|t:|1750777036
|switch|p1a: Hydreigon|Hydreigon, L50, M|100/100
|switch|p2a: Ser-Woofington|Arcanine-Hisui, L50, M|100/100
|turn|4
|
|t:|1750777056
|move|p1b: Weezing|Protect|p1b: Weezing
|-singleturn|p1b: Weezing|Protect
|move|p2b: BigManBlastoise|Aqua Jet|p1b: Weezing
|-activate|p1b: Weezing|move: Protect
|move|p1a: Hydreigon|Draco Meteor|p2b: BigManBlastoise
|-damage|p2b: BigManBlastoise|0 fnt
|-unboost|p1a: Hydreigon|spa|2
|faint|p2b: BigManBlastoise
|move|p2a: Ser-Woofington|Rock Slide|p1b: Weezing|[spread] p1a
|-activate|p1b: Weezing|move: Protect
|-crit|p1a: Hydreigon
|-damage|p1a: Hydreigon|50/100
|
|upkeep
|turn|5
|
|t:|1750777079
|move|p1a: Hydreigon|Draco Meteor|p2a: Ser-Woofington
|-damage|p2a: Ser-Woofington|68/100
|-unboost|p1a: Hydreigon|spa|2
|move|p2a: Ser-Woofington|Rock Slide|p1a: Hydreigon|[spread] p1a,p1b
|-damage|p1a: Hydreigon|20/100
|-damage|p1b: Weezing|0 fnt
|faint|p1b: Weezing
|-end|p1b: Weezing|ability: Neutralizing Gas
|
|upkeep
|
|t:|1750777086
|switch|p1b: Incineroar|Incineroar, L50, F, shiny|100/100
|-ability|p1b: Incineroar|Intimidate|boost
|-unboost|p2a: Ser-Woofington|atk|1
|turn|6
|
|t:|1750777095
|-terastallize|p1b: Incineroar|Ghost
|move|p1b: Incineroar|Fake Out|p2a: Ser-Woofington
|-resisted|p2a: Ser-Woofington
|-damage|p2a: Ser-Woofington|59/100
|move|p1a: Hydreigon|Draco Meteor|p2a: Ser-Woofington
|-damage|p2a: Ser-Woofington|39/100
|-unboost|p1a: Hydreigon|spa|2
|cant|p2a: Ser-Woofington|flinch
|
|upkeep
|turn|7
|-message|capyg6 forfeited.
|
|win|cauejoaosinho
|raw|cauejoaosinho's rating: 1115 &rarr; <strong>1137</strong><br />(+22 for winning)
|raw|capyg6's rating: 1072 &rarr; <strong>1054</strong><br />(-18 for losing)
|l|☆capyg6
|player|p2|
|l|☆cauejoaosinho
|player|p1|
