|j|‽jeceee
|j|☆Dreamer3319
|t:|1750824328
|gametype|doubles
|player|p1|jeceee|266|1160
|player|p2|Dreamer3319|266|1235
|teamsize|p1|6
|teamsize|p2|6
|gen|9
|tier|[Gen 9] VGC 2025 Reg I
|rated|
|rule|Species Clause: Limit one of each Pokémon
|rule|Item Clause: Limit 1 of each item
|clearpoke
|poke|p1|Terapagos, L50, M|
|poke|p1|Incineroar, L50, M|
|poke|p1|Rillaboom, L50, M|
|poke|p1|Urshifu-*, L50, M|
|poke|p1|Ogerpon-Cornerstone, L50, F|
|poke|p1|Calyrex-Shadow, L50|
|poke|p2|Rillaboom, L50, F|
|poke|p2|Ogerpon-Wellspring, L50, F|
|poke|p2|Incineroar, L50, M|
|poke|p2|Miraidon, L50|
|poke|p2|Grimmsnarl, L50, M|
|poke|p2|Lunala, L50|
|teampreview|4
|inactive|Battle timer is ON: inactive players will automatically lose when time's up. (requested by Dreamer3319)
|
|t:|1750824358
|start
|switch|p1a: Incineroar|Incineroar, L50, M|100/100
|switch|p1b: Calyrex|Calyrex-Shadow, L50|100/100
|switch|p2a: Miraidon|Miraidon, L50|100/100
|switch|p2b: Lunala|Lunala, L50|100/100
|-ability|p1b: Calyrex|As One
|-ability|p1b: Calyrex|Unnerve
|-fieldstart|move: Electric Terrain|[from] ability: Hadron Engine|[of] p2a: Miraidon
|-ability|p1a: Incineroar|Intimidate|boost
|-unboost|p2a: Miraidon|atk|1
|-unboost|p2b: Lunala|atk|1
|turn|1
|inactive|Dreamer3319 has 30 seconds left.
|
|t:|1750824387
|-terastallize|p1b: Calyrex|Fairy
|-terastallize|p2b: Lunala|Bug
|move|p1a: Incineroar|Fake Out|p2a: Miraidon
|-damage|p2a: Miraidon|89/100
|cant|p2a: Miraidon|flinch
|move|p1b: Calyrex|Astral Barrage|p2a: Miraidon|[spread] p2a,p2b
|-damage|p2a: Miraidon|41/100
|-damage|p2b: Lunala|81/100
|move|p2b: Lunala|Moongeist Beam|p1b: Calyrex
|-damage|p1b: Calyrex|36/100
|
|-heal|p2b: Lunala|87/100|[from] item: Leftovers
|upkeep
|turn|2
|
|t:|1750824409
|move|p2a: Miraidon|Volt Switch|p1b: Calyrex
|-damage|p1b: Calyrex|0 fnt
|faint|p1b: Calyrex
|
|t:|1750824418
|switch|p2a: Ogerpon|Ogerpon-Wellspring, L50, F|100/100|[from] Volt Switch
|move|p2b: Lunala|Moonblast|p1a: Incineroar
|-damage|p1a: Incineroar|67/100
|-unboost|p1a: Incineroar|spa|1
|move|p1a: Incineroar|Knock Off|p2b: Lunala
|-damage|p2b: Lunala|57/100
|-enditem|p2b: Lunala|Leftovers|[from] move: Knock Off|[of] p1a: Incineroar
|
|upkeep
|
|t:|1750824434
|switch|p1b: Ogerpon|Ogerpon-Cornerstone, L50, F|100/100
|turn|3
|
|t:|1750824443
|move|p1b: Ogerpon|Spiky Shield|p1b: Ogerpon
|-singleturn|p1b: Ogerpon|move: Protect
|move|p2a: Ogerpon|Spiky Shield|p2a: Ogerpon
|-singleturn|p2a: Ogerpon|move: Protect
|move|p2b: Lunala|Moongeist Beam|p1b: Ogerpon
|-activate|p1b: Ogerpon|move: Protect
|move|p1a: Incineroar|Parting Shot|p2a: Ogerpon
|-activate|p2a: Ogerpon|move: Protect
|
|upkeep
|turn|4
|
|t:|1750824459
|move|p1b: Ogerpon|Ivy Cudgel|p2b: Lunala|[anim] Ivy Cudgel Rock
|-supereffective|p2b: Lunala
|-damage|p2b: Lunala|0 fnt
|faint|p2b: Lunala
|move|p2a: Ogerpon|Ivy Cudgel|p1b: Ogerpon|[anim] Ivy Cudgel Water
|-crit|p1b: Ogerpon
|-damage|p1b: Ogerpon|2/100
|move|p1a: Incineroar|Will-O-Wisp|p2a: Ogerpon
|-status|p2a: Ogerpon|brn
|
|-damage|p2a: Ogerpon|95/100 brn|[from] brn
|upkeep
|
|t:|1750824472
|switch|p2b: Miraidon|Miraidon, L50|41/100
|-activate|p2b: Miraidon|ability: Hadron Engine
|turn|5
|
|t:|1750824486
|move|p1b: Ogerpon|Spiky Shield|p1b: Ogerpon
|-singleturn|p1b: Ogerpon|move: Protect
|move|p2b: Miraidon|Volt Switch|p1b: Ogerpon
|-activate|p1b: Ogerpon|move: Protect
|move|p2a: Ogerpon|Ivy Cudgel|p1a: Incineroar|[anim] Ivy Cudgel Water
|-supereffective|p1a: Incineroar
|-damage|p1a: Incineroar|33/100
|move|p1a: Incineroar|Parting Shot|p2b: Miraidon
|-unboost|p2b: Miraidon|atk|1
|-unboost|p2b: Miraidon|spa|1
|
|t:|1750824499
|switch|p1a: Urshifu|Urshifu-Rapid-Strike, L50, M|100/100|[from] Parting Shot
|
|-damage|p2a: Ogerpon|89/100 brn|[from] brn
|-fieldend|move: Electric Terrain
|upkeep
|turn|6
|
|t:|1750824508
|move|p2a: Ogerpon|Follow Me|p2a: Ogerpon
|-singleturn|p2a: Ogerpon|move: Follow Me
|move|p2b: Miraidon|Volt Switch|p1b: Ogerpon
|-resisted|p1b: Ogerpon
|-damage|p1b: Ogerpon|0 fnt
|faint|p1b: Ogerpon
|
|t:|1750824511
|switch|p2b: Rillaboom|Rillaboom, L50, F|100/100|[from] Volt Switch
|-fieldstart|move: Grassy Terrain|[from] ability: Grassy Surge|[of] p2b: Rillaboom
|move|p1a: Urshifu|Close Combat|p2a: Ogerpon
|-damage|p2a: Ogerpon|18/100 brn
|-unboost|p1a: Urshifu|def|1
|-unboost|p1a: Urshifu|spd|1
|
|-heal|p2a: Ogerpon|23/100 brn|[from] Grassy Terrain
|-damage|p2a: Ogerpon|18/100 brn|[from] brn
|upkeep
|
|t:|1750824522
|switch|p1b: Incineroar|Incineroar, L50, M|33/100
|-ability|p1b: Incineroar|Intimidate|boost
|-unboost|p2a: Ogerpon|atk|1
|-unboost|p2b: Rillaboom|atk|1
|turn|7
|
|t:|1750824538
|move|p2b: Rillaboom|Fake Out|p1a: Urshifu
|-damage|p1a: Urshifu|86/100
|move|p1b: Incineroar|Fake Out|p2a: Ogerpon
|-damage|p2a: Ogerpon|6/100 brn
|cant|p2a: Ogerpon|flinch
|cant|p1a: Urshifu|flinch
|
|-heal|p1a: Urshifu|92/100|[from] Grassy Terrain
|-heal|p2a: Ogerpon|12/100 brn|[from] Grassy Terrain
|-heal|p1b: Incineroar|39/100|[from] Grassy Terrain
|-damage|p2a: Ogerpon|6/100 brn|[from] brn
|upkeep
|turn|8
|
|t:|1750824561
|move|p2a: Ogerpon|Follow Me|p2a: Ogerpon
|-singleturn|p2a: Ogerpon|move: Follow Me
|move|p1a: Urshifu|Close Combat|p2a: Ogerpon
|-damage|p2a: Ogerpon|0 fnt
|-unboost|p1a: Urshifu|def|1
|-unboost|p1a: Urshifu|spd|1
|faint|p2a: Ogerpon
|move|p2b: Rillaboom|High Horsepower|p1b: Incineroar
|-supereffective|p1b: Incineroar
|-damage|p1b: Incineroar|8/100
|-damage|p2b: Rillaboom|84/100|[from] item: Rocky Helmet|[of] p1b: Incineroar
|move|p1b: Incineroar|Parting Shot|p2b: Rillaboom
|-unboost|p2b: Rillaboom|atk|1
|-unboost|p2b: Rillaboom|spa|1
|
|-heal|p1a: Urshifu|98/100|[from] Grassy Terrain
|-heal|p2b: Rillaboom|90/100|[from] Grassy Terrain
|-heal|p1b: Incineroar|14/100|[from] Grassy Terrain
|upkeep
|
|t:|1750824565
|switch|p2a: Miraidon|Miraidon, L50|41/100
|-fieldstart|move: Electric Terrain|[from] ability: Hadron Engine|[of] p2a: Miraidon
|turn|9
|
|t:|1750824580
|move|p2a: Miraidon|Electro Drift|p1a: Urshifu
|-supereffective|p1a: Urshifu
|-damage|p1a: Urshifu|0 fnt
|faint|p1a: Urshifu
|move|p2b: Rillaboom|High Horsepower|p1b: Incineroar
|-supereffective|p1b: Incineroar
|-damage|p1b: Incineroar|0 fnt
|-damage|p2b: Rillaboom|74/100|[from] item: Rocky Helmet|[of] p1b: Incineroar
|faint|p1b: Incineroar
|
|win|Dreamer3319
|raw|jeceee's rating: 1160 &rarr; <strong>1140</strong><br />(-20 for losing)
|raw|Dreamer3319's rating: 1235 &rarr; <strong>1255</strong><br />(+20 for winning)
|l|‽jeceee
|player|p1|
