|j|☆synchro3
|j|☆unfurroml
|t:|1750822302
|gametype|doubles
|player|p1|synchro3|1|1321
|player|p2|unfurroml|spark|1263
|teamsize|p1|6
|teamsize|p2|6
|gen|9
|tier|[Gen 9] VGC 2025 Reg I
|rated|
|rule|Species Clause: Limit one of each Pokémon
|rule|Item Clause: Limit 1 of each item
|clearpoke
|poke|p1|Chi-Yu, L50|
|poke|p1|Whimsicott, L50, M|
|poke|p1|Lunala, L50|
|poke|p1|Miraidon, L50|
|poke|p1|Entei, L50|
|poke|p1|Raging Bolt, L50|
|poke|p2|Necrozma-Dawn-Wings, L50|
|poke|p2|Iron Hands, L50|
|poke|p2|Calyrex-Ice, L50|
|poke|p2|Indeedee-F, L50, F|
|poke|p2|Cresselia, L50, F|
|poke|p2|Iron Crown, L50|
|teampreview|4
|inactive|Battle timer is ON: inactive players will automatically lose when time's up. (requested by unfurroml)
|
|t:|1750822339
|start
|switch|p1a: Chi-Yu|Chi-Yu, L50|100/100
|switch|p1b: Miraidon|Miraidon, L50|100/100
|switch|p2a: Calyrex|Calyrex-Ice, L50|100/100
|switch|p2b: Indeedee|Indeedee-F, L50, F|100/100
|-ability|p2a: Calyrex|As One
|-ability|p2a: Calyrex|Unnerve
|-ability|p1a: Chi-Yu|Beads of Ruin
|-fieldstart|move: Electric Terrain|[from] ability: Hadron Engine|[of] p1b: Miraidon
|-fieldstart|move: Psychic Terrain|[from] ability: Psychic Surge|[of] p2b: Indeedee
|turn|1
|
|t:|1750822363
|-terastallize|p2a: Calyrex|Fire
|move|p2b: Indeedee|Follow Me|p2b: Indeedee
|-singleturn|p2b: Indeedee|move: Follow Me
|move|p1a: Chi-Yu|Heat Wave|p2b: Indeedee|[spread] p2b
|-miss|p1a: Chi-Yu|p2a: Calyrex
|-damage|p2b: Indeedee|58/100
|move|p1b: Miraidon|Volt Switch|p2b: Indeedee
|-damage|p2b: Indeedee|19/100
|
|t:|1750822373
|switch|p1b: Raging Bolt|Raging Bolt, L50|100/100|[from] Volt Switch
|move|p2a: Calyrex|Trick Room|p2a: Calyrex
|-fieldstart|move: Trick Room|[of] p2a: Calyrex
|
|upkeep
|turn|2
|
|t:|1750822384
|move|p1b: Raging Bolt|Protect|p1b: Raging Bolt
|-singleturn|p1b: Raging Bolt|Protect
|move|p2a: Calyrex|Glacial Lance|p1a: Chi-Yu|[spread] p1a
|-activate|p1b: Raging Bolt|move: Protect
|-resisted|p1a: Chi-Yu
|-damage|p1a: Chi-Yu|56/100
|move|p2b: Indeedee|Dazzling Gleam|p1a: Chi-Yu|[spread] p1a
|-activate|p1b: Raging Bolt|move: Protect
|-damage|p1a: Chi-Yu|42/100
|move|p1a: Chi-Yu|Heat Wave|p2a: Calyrex|[spread] p2a,p2b
|-resisted|p2a: Calyrex
|-damage|p2a: Calyrex|83/100
|-damage|p2b: Indeedee|0 fnt
|faint|p2b: Indeedee
|
|upkeep
|
|t:|1750822399
|switch|p2b: Necrozma|Necrozma-Dawn-Wings, L50|100/100
|-enditem|p2b: Necrozma|Psychic Seed
|-boost|p2b: Necrozma|spd|1|[from] item: Psychic Seed
|turn|3
|
|t:|1750822417
|switch|p1a: Miraidon|Miraidon, L50|100/100
|-fieldstart|move: Electric Terrain|[from] ability: Hadron Engine|[of] p1a: Miraidon
|-terastallize|p1b: Raging Bolt|Electric
|move|p1b: Raging Bolt|Thunderclap|p2a: Calyrex
|-damage|p2a: Calyrex|29/100
|move|p2a: Calyrex|Glacial Lance|p1a: Miraidon|[spread] p1a,p1b
|-supereffective|p1a: Miraidon
|-damage|p1a: Miraidon|0 fnt
|-damage|p1b: Raging Bolt|46/100
|faint|p1a: Miraidon
|-ability|p2a: Calyrex|Chilling Neigh|boost
|-boost|p2a: Calyrex|atk|1
|move|p2b: Necrozma|Moongeist Beam|p1b: Raging Bolt
|-damage|p1b: Raging Bolt|0 fnt
|faint|p1b: Raging Bolt
|-end|p1b: Raging Bolt|Protosynthesis|[silent]
|
|upkeep
|
|t:|1750822426
|switch|p1b: Chi-Yu|Chi-Yu, L50|42/100
|switch|p1a: Entei|Entei, L50|100/100
|-ability|p1b: Chi-Yu|Beads of Ruin
|turn|4
|inactive|unfurroml has 30 seconds left.
|
|t:|1750822458
|move|p1a: Entei|Extreme Speed|p2a: Calyrex
|-damage|p2a: Calyrex|5/100
|move|p2a: Calyrex|High Horsepower|p1a: Entei
|-supereffective|p1a: Entei
|-damage|p1a: Entei|0 fnt
|faint|p1a: Entei
|-ability|p2a: Calyrex|Chilling Neigh|boost
|-boost|p2a: Calyrex|atk|1
|move|p2b: Necrozma|Moongeist Beam|p1b: Chi-Yu
|-resisted|p1b: Chi-Yu
|-damage|p1b: Chi-Yu|7/100
|move|p1b: Chi-Yu|Snarl|p2b: Necrozma|[spread] p2a,p2b
|-supereffective|p2b: Necrozma
|-damage|p2a: Calyrex|0 fnt
|-damage|p2b: Necrozma|55/100
|-unboost|p2b: Necrozma|spa|1
|faint|p2a: Calyrex
|
|upkeep
|
|t:|1750822462
|switch|p2a: Iron Hands|Iron Hands, L50|100/100
|-activate|p2a: Iron Hands|ability: Quark Drive
|-start|p2a: Iron Hands|quarkdriveatk
|turn|5
|
|t:|1750822476
|move|p2b: Necrozma|Protect|p2b: Necrozma
|-singleturn|p2b: Necrozma|Protect
|move|p2a: Iron Hands|Fake Out|p1b: Chi-Yu
|-damage|p1b: Chi-Yu|0 fnt
|faint|p1b: Chi-Yu
|
|win|unfurroml
|raw|synchro3's rating: 1321 &rarr; <strong>1298</strong><br />(-23 for losing)
|raw|unfurroml's rating: 1263 &rarr; <strong>1292</strong><br />(+29 for winning)
|l|☆synchro3
|player|p1|
