|j|☆CuboX11n
|j|☆HardFreaQ
|t:|1750782536
|gametype|doubles
|player|p1|CuboX11n|101|
|player|p2|HardFreaQ|lucas|
|teamsize|p1|6
|teamsize|p2|6
|gen|9
|tier|[Gen 9] VGC 2025 Reg I
|rated|Tournament battle
|rule|Species Clause: Limit one of each Pokémon
|rule|Item Clause: Limit 1 of each item
|raw|<div class="infobox"><details class="readmore" open><summary><strong>2 custom rules:</strong></summary> Force Open Team Sheets, !Open Team Sheets</details></div>
|clearpoke
|poke|p1|Kyogre, L50|
|poke|p1|Zacian-*, L50|
|poke|p1|Raging Bolt, L50|
|poke|p1|Rillaboom, L50, M|
|poke|p1|Incineroar, L50, M|
|poke|p1|Landorus, L50, M|
|poke|p2|Calyrex-Ice, L50|
|poke|p2|Miraidon, L50|
|poke|p2|Farigiraf, L50, F|
|poke|p2|Volcarona, L50, F|
|poke|p2|Iron Hands, L50|
|poke|p2|Annihilape, L50, M|
|teampreview|4
|showteam|p1|Kyogre||CovertCloak|Drizzle|OriginPulse,HydroPump,IceBeam,Protect||||||50|,,,,,Grass]Zacian-Crowned||RustedSword|IntrepidSword|behemothblade,PlayRough,Substitute,Protect||||||50|,,,,,Fairy]Raging Bolt||Magnet|Protosynthesis|Protect,Thunderclap,DragonPulse,Electroweb||||||50|,,,,,Electric]Rillaboom||AssaultVest|GrassySurge|WoodHammer,GrassyGlide,Uturn,FakeOut|||M|||50|,,,,,Water]Incineroar||SafetyGoggles|Intimidate|FakeOut,PartingShot,KnockOff,WillOWisp|||M|||50|,,,,,Bug]Landorus||ChoiceScarf|SheerForce|EarthPower,SandsearStorm,SludgeBomb,Uturn|||M|||50|,,,,,Ghost
|showteam|p2|Calyrex-Ice||ClearAmulet|AsOneGlastrier|GlacialLance,HighHorsepower,TrickRoom,Protect||||||50|,,,,,Fire]Miraidon||ChoiceSpecs|HadronEngine|ElectroDrift,VoltSwitch,DracoMeteor,DazzlingGleam||||||50|,,,,,Fairy]Farigiraf||ElectricSeed|ArmorTail|Psychic,FoulPlay,TrickRoom,HelpingHand|||F|||50|,,,,,Water]Volcarona||RockyHelmet|FlameBody|FieryDance,StruggleBug,RagePowder,Protect|||F|||50|,,,,,Water]Iron Hands||AssaultVest|QuarkDrive|LowKick,DrainPunch,WildCharge,FakeOut||||||50|,,,,,Bug]Annihilape||ChoiceScarf|Defiant|FinalGambit,ShadowClaw,Uturn,Coaching|||M|||50|,,,,,Grass
|inactive|Battle timer is ON: inactive players will automatically lose when time's up. (requested by HardFreaQ)
|inactive|CuboX11n has 60 seconds left.
|
|t:|1750782581
|start
|switch|p1a: Kyogre|Kyogre, L50|100/100
|switch|p1b: Landorus|Landorus, L50, M|100/100
|switch|p2a: Annihilape|Annihilape, L50, M|100/100
|switch|p2b: Calyrex|Calyrex-Ice, L50|100/100
|-ability|p2b: Calyrex|As One
|-ability|p2b: Calyrex|Unnerve
|-weather|RainDance|[from] ability: Drizzle|[of] p1a: Kyogre
|turn|1
|
|t:|1750782601
|move|p2b: Calyrex|Protect|p2b: Calyrex
|-singleturn|p2b: Calyrex|Protect
|move|p2a: Annihilape|Final Gambit|p1a: Kyogre
|-damage|p1a: Kyogre|0 fnt
|faint|p2a: Annihilape
|faint|p1a: Kyogre
|move|p1b: Landorus|Sandsear Storm|p2b: Calyrex
|-activate|p2b: Calyrex|move: Protect
|
|-weather|RainDance|[upkeep]
|upkeep
|
|t:|1750782607
|switch|p2a: Iron Hands|Iron Hands, L50, shiny|100/100
|switch|p1a: Zacian|Zacian-Crowned, L50|100/100
|-ability|p1a: Zacian|Intrepid Sword|boost
|-boost|p1a: Zacian|atk|1
|turn|2
|inactive|HardFreaQ has 30 seconds left.
|inactive|HardFreaQ has 20 seconds left.
|inactive|CuboX11n has 30 seconds left.
|
|t:|1750782650
|-terastallize|p1b: Landorus|Ghost
|-terastallize|p2a: Iron Hands|Bug
|move|p2a: Iron Hands|Fake Out|p1a: Zacian
|-resisted|p1a: Zacian
|-damage|p1a: Zacian|94/100
|move|p1b: Landorus|Sandsear Storm|p2a: Iron Hands|[spread] p2a,p2b
|-resisted|p2a: Iron Hands
|-damage|p2a: Iron Hands|85/100
|-damage|p2b: Calyrex|69/100
|cant|p1a: Zacian|flinch
|move|p2b: Calyrex|Trick Room|p2b: Calyrex
|-fieldstart|move: Trick Room|[of] p2b: Calyrex
|
|-weather|RainDance|[upkeep]
|upkeep
|turn|3
|
|t:|1750782660
|move|p2b: Calyrex|Glacial Lance|p1a: Zacian|[spread] p1a,p1b
|-resisted|p1a: Zacian
|-crit|p1a: Zacian
|-damage|p1a: Zacian|54/100
|-damage|p1b: Landorus|31/100
|move|p2a: Iron Hands|Low Kick|p1a: Zacian
|-damage|p1a: Zacian|0 fnt
|faint|p1a: Zacian
|move|p1b: Landorus|Sandsear Storm|p2a: Iron Hands|[spread] p2a,p2b
|-resisted|p2a: Iron Hands
|-crit|p2b: Calyrex
|-damage|p2a: Iron Hands|71/100
|-damage|p2b: Calyrex|16/100
|
|-weather|RainDance|[upkeep]
|upkeep
|
|t:|1750782663
|switch|p1a: Rillaboom|Rillaboom, L50, M|100/100
|-fieldstart|move: Grassy Terrain|[from] ability: Grassy Surge|[of] p1a: Rillaboom
|turn|4
|
|t:|1750782668
|move|p1a: Rillaboom|Fake Out|p2b: Calyrex
|-damage|p2b: Calyrex|8/100
|cant|p2b: Calyrex|flinch
|move|p2a: Iron Hands|Wild Charge|p1b: Landorus
|-damage|p1b: Landorus|0 fnt
|faint|p1b: Landorus
|-damage|p2a: Iron Hands|65/100|[from] Recoil
|
|-weather|RainDance|[upkeep]
|-heal|p2b: Calyrex|14/100|[from] Grassy Terrain
|-heal|p2a: Iron Hands|72/100|[from] Grassy Terrain
|upkeep
|turn|5
|
|t:|1750782674
|move|p2b: Calyrex|Protect|p2b: Calyrex
|-singleturn|p2b: Calyrex|Protect
|move|p1a: Rillaboom|Grassy Glide|p2b: Calyrex
|-activate|p2b: Calyrex|move: Protect
|move|p2a: Iron Hands|Low Kick|p1a: Rillaboom
|-damage|p1a: Rillaboom|54/100
|
|-weather|none
|-heal|p2b: Calyrex|19/100|[from] Grassy Terrain
|-heal|p2a: Iron Hands|78/100|[from] Grassy Terrain
|-heal|p1a: Rillaboom|60/100|[from] Grassy Terrain
|upkeep
|turn|6
|
|t:|1750782677
|switch|p2b: Miraidon|Miraidon, L50|100/100
|-fieldstart|move: Electric Terrain|[from] ability: Hadron Engine|[of] p2b: Miraidon
|-activate|p2a: Iron Hands|ability: Quark Drive
|-start|p2a: Iron Hands|quarkdriveatk
|move|p2a: Iron Hands|Low Kick|p1a: Rillaboom
|-damage|p1a: Rillaboom|6/100
|move|p1a: Rillaboom|Grassy Glide|p2b: Miraidon
|-resisted|p2b: Miraidon
|-damage|p2b: Miraidon|85/100
|
|-fieldend|move: Trick Room
|upkeep
|turn|7
|
|t:|1750782682
|move|p2b: Miraidon|Electro Drift|p1a: Rillaboom
|-resisted|p1a: Rillaboom
|-damage|p1a: Rillaboom|0 fnt
|faint|p1a: Rillaboom
|
|win|HardFreaQ
|n|☆CuboX11n|cubox11n
|n|☆HardFreaQ|hardfreaq
