|j|☆mahery8
|j|☆joshimitsu
|t:|1750845187
|gametype|doubles
|player|p1|mahery8|101|1374
|player|p2|joshimitsu|dragontamer|1326
|teamsize|p1|6
|teamsize|p2|6
|gen|9
|tier|[Gen 9] VGC 2025 Reg I
|rated|
|rule|Species Clause: Limit one of each Pokémon
|rule|Item Clause: Limit 1 of each item
|clearpoke
|poke|p1|Calyrex-Ice, L50|
|poke|p1|Kyogre, L50|
|poke|p1|Raichu-Alola, L50, M|
|poke|p1|Glimmora, L50, M|
|poke|p1|Toxapex, L50, M|
|poke|p1|Archaludon, L50, M|
|poke|p2|Ho-Oh, L50|
|poke|p2|Koraidon, L50|
|poke|p2|Scream Tail, L50|
|poke|p2|Kingambit, L50, F|
|poke|p2|Raging Bolt, L50|
|poke|p2|Chi-Yu, L50|
|teampreview|4
|
|t:|1750845207
|start
|switch|p1a: Glimmora|Glimmora, L50, M|100/100
|switch|p1b: Calyrex|Calyrex-Ice, L50|100/100
|switch|p2a: Kingambit|Kingambit, L50, F|100/100
|switch|p2b: Ho-Oh|Ho-Oh, L50|100/100
|-ability|p1b: Calyrex|As One
|-ability|p1b: Calyrex|Unnerve
|turn|1
|
|t:|1750845222
|move|p2b: Ho-Oh|Sacred Fire|p1b: Calyrex
|-supereffective|p1b: Calyrex
|-damage|p1b: Calyrex|37/100
|move|p1a: Glimmora|Toxic|p2a: Kingambit
|-status|p2a: Kingambit|tox
|move|p2a: Kingambit|Kowtow Cleave|p1b: Calyrex
|-supereffective|p1b: Calyrex
|-damage|p1b: Calyrex|0 fnt
|faint|p1b: Calyrex
|
|-damage|p2a: Kingambit|95/100 tox|[from] psn
|upkeep
|
|t:|1750845232
|switch|p1b: Raichu|Raichu-Alola, L50, M|100/100
|turn|2
|
|t:|1750845241
|move|p2b: Ho-Oh|Protect|p2b: Ho-Oh
|-singleturn|p2b: Ho-Oh|Protect
|move|p1b: Raichu|Volt Switch|p2b: Ho-Oh
|-activate|p2b: Ho-Oh|move: Protect
|move|p1a: Glimmora|Toxic Spikes|p2b: Ho-Oh
|-sidestart|p2: joshimitsu|move: Toxic Spikes
|move|p2a: Kingambit|Iron Head|p1a: Glimmora
|-supereffective|p1a: Glimmora
|-damage|p1a: Glimmora|14/100
|
|-damage|p2a: Kingambit|83/100 tox|[from] psn
|upkeep
|turn|3
|
|t:|1750845263
|switch|p2b: Raging Bolt|Raging Bolt, L50|100/100
|-status|p2b: Raging Bolt|psn
|move|p1b: Raichu|Volt Switch|p2b: Raging Bolt
|-resisted|p2b: Raging Bolt
|-damage|p2b: Raging Bolt|94/100 psn
|
|t:|1750845268
|switch|p1b: Toxapex|Toxapex, L50, M|100/100|[from] Volt Switch
|move|p1a: Glimmora|Toxic||[still]
|-fail|p1a: Glimmora
|move|p2a: Kingambit|Iron Head|p1a: Glimmora
|-supereffective|p1a: Glimmora
|-damage|p1a: Glimmora|0 fnt
|faint|p1a: Glimmora
|
|-damage|p2b: Raging Bolt|82/100 psn|[from] psn
|-damage|p2a: Kingambit|66/100 tox|[from] psn
|upkeep
|
|t:|1750845275
|switch|p1a: Raichu|Raichu-Alola, L50, M|100/100
|turn|4
|
|t:|1750845293
|-terastallize|p1b: Toxapex|Dark
|move|p2a: Kingambit|Sucker Punch|p1a: Raichu
|-supereffective|p1a: Raichu
|-damage|p1a: Raichu|0 fnt
|faint|p1a: Raichu
|move|p2b: Raging Bolt|Electroweb|p1b: Toxapex
|-damage|p1b: Toxapex|77/100
|-unboost|p1b: Toxapex|spe|1
|move|p1b: Toxapex|Muddy Water|p2b: Raging Bolt|[spread] p2a,p2b
|-crit|p2a: Kingambit
|-resisted|p2b: Raging Bolt
|-crit|p2b: Raging Bolt
|-damage|p2a: Kingambit|30/100 tox
|-damage|p2b: Raging Bolt|72/100 psn
|-unboost|p2a: Kingambit|accuracy|1
|-ability|p2a: Kingambit|Defiant|boost
|-boost|p2a: Kingambit|atk|2
|-unboost|p2b: Raging Bolt|accuracy|1
|
|-heal|p1b: Toxapex|83/100|[from] item: Leftovers
|-damage|p2b: Raging Bolt|59/100 psn|[from] psn
|-damage|p2a: Kingambit|7/100 tox|[from] psn
|upkeep
|turn|5
|
|t:|1750845320
|move|p1b: Toxapex|Baneful Bunker|p1b: Toxapex
|-singleturn|p1b: Toxapex|move: Protect
|move|p2b: Raging Bolt|Thunderclap||[still]
|-fail|p2b: Raging Bolt
|move|p2a: Kingambit|Iron Head|p1b: Toxapex
|-activate|p1b: Toxapex|move: Protect
|
|-heal|p1b: Toxapex|88/100|[from] item: Leftovers
|-damage|p2b: Raging Bolt|47/100 psn|[from] psn
|-damage|p2a: Kingambit|0 fnt|[from] psn
|faint|p2a: Kingambit
|upkeep
|
|t:|1750845332
|switch|p2a: Koraidon|Koraidon, L50|100/100
|-status|p2a: Koraidon|psn
|-weather|SunnyDay|[from] ability: Orichalcum Pulse|[of] p2a: Koraidon
|-activate|p2b: Raging Bolt|ability: Protosynthesis
|-start|p2b: Raging Bolt|protosynthesisspa
|-activate|p2a: Koraidon|Orichalcum Pulse|[source]
|turn|6
|
|t:|1750845343
|move|p2b: Raging Bolt|Thunderclap|p1b: Toxapex
|-damage|p1b: Toxapex|48/100
|move|p2a: Koraidon|Close Combat|p1b: Toxapex
|-supereffective|p1b: Toxapex
|-damage|p1b: Toxapex|0 fnt
|-unboost|p2a: Koraidon|def|1
|-unboost|p2a: Koraidon|spd|1
|faint|p1b: Toxapex
|-damage|p2a: Koraidon|91/100 psn|[from] item: Life Orb
|
|win|joshimitsu
|raw|mahery8's rating: 1374 &rarr; <strong>1351</strong><br />(-23 for losing)
|raw|joshimitsu's rating: 1326 &rarr; <strong>1349</strong><br />(+23 for winning)
|l|☆mahery8
|player|p1|
|l|☆joshimitsu
|player|p2|
