|j|☆Mindless_99
|j|☆chico linguiceta
|t:|1750827552
|gametype|doubles
|player|p1|Mindless_99|265|1262
|player|p2|chico linguiceta|harlequin|1375
|teamsize|p1|6
|teamsize|p2|6
|gen|9
|tier|[Gen 9] VGC 2025 Reg I
|rated|
|rule|Species Clause: Limit one of each Pokémon
|rule|Item Clause: Limit 1 of each item
|clearpoke
|poke|p1|Weezing-Galar, L50, F|
|poke|p1|Calyrex-Shadow, L50|
|poke|p1|Incineroar, L50, F|
|poke|p1|Ogerpon-Wellspring, L50, F|
|poke|p1|Zamazenta-*, L50|
|poke|p1|Flutter Mane, L50|
|poke|p2|Incineroar, L50, M|
|poke|p2|Calyrex-Ice, L50|
|poke|p2|Indeedee-F, L50, F|
|poke|p2|Ursaluna-Bloodmoon, L50, M|
|poke|p2|Oranguru, L50, F|
|poke|p2|Poliwrath, L50, F|
|teampreview|4
|
|t:|1750827573
|start
|switch|p1a: Weezing|Weezing-Galar, L50, F|100/100
|switch|p1b: Calyrex|Calyrex-Shadow, L50|100/100
|switch|p2a: Poliwrath|Poliwrath, L50, F|100/100
|switch|p2b: Oranguru|Oranguru, L50, F, shiny|100/100
|-ability|p1a: Weezing|Neutralizing Gas
|-ability|p1b: Calyrex|As One
|-ability|p1b: Calyrex|Unnerve
|turn|1
|
|t:|1750827591
|move|p1b: Calyrex|Psychic|p2a: Poliwrath
|-supereffective|p2a: Poliwrath
|-damage|p2a: Poliwrath|0 fnt
|faint|p2a: Poliwrath
|-ability|p1b: Calyrex|Grim Neigh|boost
|-boost|p1b: Calyrex|spa|1
|move|p1a: Weezing|Poison Gas|p2b: Oranguru
|-status|p2b: Oranguru|psn
|move|p2b: Oranguru|Trick Room|p2b: Oranguru
|-fieldstart|move: Trick Room|[of] p2b: Oranguru
|
|-damage|p2b: Oranguru|88/100 psn|[from] psn
|upkeep
|
|t:|1750827604
|switch|p2a: Calyrex|Calyrex-Ice, L50|100/100
|-ability|p2a: Calyrex|As One
|-ability|p2a: Calyrex|Unnerve
|turn|2
|
|t:|1750827620
|move|p1b: Calyrex|Protect|p1b: Calyrex
|-singleturn|p1b: Calyrex|Protect
|move|p2a: Calyrex|Glacial Lance|p1a: Weezing|[spread] p1a
|-activate|p1b: Calyrex|move: Protect
|-damage|p1a: Weezing|25/100
|move|p2b: Oranguru|Instruct|p2a: Calyrex
|-singleturn|p2a: Calyrex|move: Instruct|[of] p2b: Oranguru
|move|p2a: Calyrex|Glacial Lance|p1b: Calyrex|[spread] p1a
|-activate|p1b: Calyrex|move: Protect
|-damage|p1a: Weezing|0 fnt
|faint|p1a: Weezing
|-end|p1a: Weezing|ability: Neutralizing Gas
|-ability|p2a: Calyrex|Chilling Neigh|boost
|-boost|p2a: Calyrex|atk|1
|
|-damage|p2b: Oranguru|76/100 psn|[from] psn
|upkeep
|
|t:|1750827635
|switch|p1a: Incineroar|Incineroar, L50, F|100/100
|-ability|p1a: Incineroar|Intimidate|boost
|-unboost|p2a: Calyrex|atk|1
|-fail|p2b: Oranguru|unboost|Attack|[from] ability: Inner Focus|[of] p2b: Oranguru
|turn|3
|
|t:|1750827663
|move|p2a: Calyrex|Glacial Lance|p1a: Incineroar|[spread] p1a,p1b
|-resisted|p1a: Incineroar
|-damage|p1a: Incineroar|57/100
|-enditem|p1b: Calyrex|Focus Sash
|-damage|p1b: Calyrex|1/100
|move|p2b: Oranguru|Expanding Force|p1b: Calyrex
|-resisted|p1b: Calyrex
|-damage|p1b: Calyrex|0 fnt
|faint|p1b: Calyrex
|move|p1a: Incineroar|Parting Shot|p2b: Oranguru
|-unboost|p2b: Oranguru|atk|1
|-unboost|p2b: Oranguru|spa|1
|
|t:|1750827674
|switch|p1a: Zamazenta|Zamazenta-Crowned, L50|100/100|[from] Parting Shot
|-ability|p1a: Zamazenta|Dauntless Shield|boost
|-boost|p1a: Zamazenta|def|1
|
|-damage|p2b: Oranguru|64/100 psn|[from] psn
|upkeep
|
|t:|1750827680
|switch|p1b: Incineroar|Incineroar, L50, F|57/100
|-ability|p1b: Incineroar|Intimidate|boost
|-unboost|p2a: Calyrex|atk|1
|-fail|p2b: Oranguru|unboost|Attack|[from] ability: Inner Focus|[of] p2b: Oranguru
|turn|4
|
|t:|1750827697
|move|p2a: Calyrex|Glacial Lance|p1b: Incineroar|[spread] p1a,p1b
|-resisted|p1a: Zamazenta
|-resisted|p1b: Incineroar
|-damage|p1a: Zamazenta|88/100
|-damage|p1b: Incineroar|29/100
|move|p2b: Oranguru|Expanding Force|p1a: Zamazenta
|-crit|p1a: Zamazenta
|-damage|p1a: Zamazenta|69/100
|move|p1b: Incineroar|Knock Off|p2b: Oranguru
|-supereffective|p2b: Oranguru
|-damage|p2b: Oranguru|0 fnt
|-enditem|p2b: Oranguru|Mental Herb|[from] move: Knock Off|[of] p1b: Incineroar
|faint|p2b: Oranguru
|move|p1a: Zamazenta|Body Press|p2a: Calyrex
|-crit|p2a: Calyrex
|-damage|p2a: Calyrex|41/100
|
|upkeep
|
|t:|1750827704
|switch|p2b: Ursaluna|Ursaluna-Bloodmoon, L50, M|100/100
|turn|5
|
|t:|1750827740
|move|p1a: Zamazenta|Protect|p1a: Zamazenta
|-singleturn|p1a: Zamazenta|Protect
|move|p2a: Calyrex|Glacial Lance|p1b: Incineroar|[spread] p1b
|-activate|p1a: Zamazenta|move: Protect
|-resisted|p1b: Incineroar
|-damage|p1b: Incineroar|1/100
|move|p2b: Ursaluna|Earth Power|p1a: Zamazenta
|-activate|p1a: Zamazenta|move: Protect
|move|p1b: Incineroar|Knock Off|p2a: Calyrex
|-supereffective|p2a: Calyrex
|-damage|p2a: Calyrex|0 fnt
|-enditem|p2a: Calyrex|Choice Band|[from] move: Knock Off|[of] p1b: Incineroar
|-enditem|p1b: Incineroar|Sitrus Berry|[eat]
|-heal|p1b: Incineroar|26/100|[from] item: Sitrus Berry
|faint|p2a: Calyrex
|
|-fieldend|move: Trick Room
|upkeep
|turn|6
|
|t:|1750827760
|-terastallize|p1a: Zamazenta|Dragon
|-terastallize|p2b: Ursaluna|Ghost
|move|p1b: Incineroar|Helping Hand|p1a: Zamazenta
|-singleturn|p1a: Zamazenta|Helping Hand|[of] p1b: Incineroar
|move|p1a: Zamazenta|Body Press|p2b: Ursaluna
|-immune|p2b: Ursaluna
|move|p2b: Ursaluna|Earth Power|p1a: Zamazenta
|-damage|p1a: Zamazenta|34/100
|-damage|p2b: Ursaluna|90/100|[from] item: Life Orb
|
|upkeep
|turn|7
|
|t:|1750827775
|move|p1a: Zamazenta|Behemoth Bash|p2b: Ursaluna
|-damage|p2b: Ursaluna|61/100
|move|p1b: Incineroar|Knock Off|p2b: Ursaluna
|-supereffective|p2b: Ursaluna
|-crit|p2b: Ursaluna
|-damage|p2b: Ursaluna|0 fnt
|-enditem|p2b: Ursaluna|Life Orb|[from] move: Knock Off|[of] p1b: Incineroar
|faint|p2b: Ursaluna
|
|win|Mindless_99
|raw|Mindless_99's rating: 1262 &rarr; <strong>1295</strong><br />(+33 for winning)
|raw|chico linguiceta's rating: 1375 &rarr; <strong>1349</strong><br />(-26 for losing)
|l|☆Mindless_99
|player|p1|
|l|☆chico linguiceta
|player|p2|
