|j|☆NathanaelW19
|j|☆chipclipz_
|t:|1750872459
|gametype|doubles
|player|p1|NathanaelW19|scientist|1213
|player|p2|chipclipz_|102|1110
|teamsize|p1|6
|teamsize|p2|6
|gen|9
|tier|[Gen 9] VGC 2025 Reg I
|rated|
|rule|Species Clause: Limit one of each Pokémon
|rule|Item Clause: Limit 1 of each item
|clearpoke
|poke|p1|Rillaboom, L50, M|
|poke|p1|Zamazenta-*, L50|
|poke|p1|Grimmsnarl, L50, M|
|poke|p1|Incineroar, L50, M|
|poke|p1|Calyrex-Ice, L50|
|poke|p1|Urshifu-*, L50, M|
|poke|p2|Ting-Lu, L50|
|poke|p2|Rayquaza, L50|
|poke|p2|Lugia, L50|
|poke|p2|Tinkaton, L50, F|
|poke|p2|Glimmora, L50, F|
|poke|p2|Blastoise, L50, M|
|teampreview|4
|inactive|Battle timer is ON: inactive players will automatically lose when time's up. (requested by NathanaelW19)
|
|t:|1750872483
|start
|switch|p1a: Rillaboom|Rillaboom, L50, M, shiny|100/100
|switch|p1b: Grimmsnarl|Grimmsnarl, L50, M|100/100
|switch|p2a: Tinkaton|Tinkaton, L50, F|100/100
|switch|p2b: Glimmora|Glimmora, L50, F|100/100
|-fieldstart|move: Grassy Terrain|[from] ability: Grassy Surge|[of] p1a: Rillaboom
|turn|1
|
|t:|1750872498
|move|p2a: Tinkaton|Fake Out|p1a: Rillaboom
|-damage|p1a: Rillaboom|92/100
|cant|p1a: Rillaboom|flinch
|move|p1b: Grimmsnarl|Thunder Wave|p2b: Glimmora
|-status|p2b: Glimmora|par
|move|p2b: Glimmora|Sludge Wave|p1b: Grimmsnarl|[spread] p1a,p1b
|-immune|p2a: Tinkaton
|-supereffective|p1a: Rillaboom
|-supereffective|p1b: Grimmsnarl
|-damage|p1a: Rillaboom|40/100
|-damage|p1b: Grimmsnarl|29/100
|
|-heal|p1a: Rillaboom|46/100|[from] Grassy Terrain
|-heal|p1b: Grimmsnarl|35/100|[from] Grassy Terrain
|upkeep
|turn|2
|
|t:|1750872523
|move|p2b: Glimmora|Protect|p2b: Glimmora
|-singleturn|p2b: Glimmora|Protect
|move|p1a: Rillaboom|Grassy Glide|p2b: Glimmora
|-activate|p2b: Glimmora|move: Protect
|move|p1b: Grimmsnarl|Light Screen|p1b: Grimmsnarl
|-sidestart|p1: NathanaelW19|move: Light Screen
|move|p2a: Tinkaton|Gigaton Hammer|p1a: Rillaboom
|-damage|p1a: Rillaboom|2/100
|
|-heal|p1a: Rillaboom|8/100|[from] Grassy Terrain
|-heal|p1b: Grimmsnarl|41/100|[from] Grassy Terrain
|upkeep
|turn|3
|
|t:|1750872544
|move|p1b: Grimmsnarl|Thunder Wave|p2a: Tinkaton
|-status|p2a: Tinkaton|par
|move|p1a: Rillaboom|Wood Hammer|p2b: Glimmora
|-damage|p2b: Glimmora|6/100 par
|-activate|p2b: Glimmora|ability: Toxic Debris
|-sidestart|p1: NathanaelW19|move: Toxic Spikes
|-damage|p1a: Rillaboom|0 fnt|[from] Recoil
|faint|p1a: Rillaboom
|move|p2a: Tinkaton|Play Rough|p1b: Grimmsnarl
|-supereffective|p1b: Grimmsnarl
|-damage|p1b: Grimmsnarl|0 fnt
|faint|p1b: Grimmsnarl
|move|p2b: Glimmora|Sludge Wave|p2a: Tinkaton
|-immune|p2a: Tinkaton
|
|-heal|p2b: Glimmora|11/100 par|[from] Grassy Terrain
|upkeep
|
|t:|1750872551
|switch|p1a: Zamazenta|Zamazenta-Crowned, L50|100/100
|switch|p1b: Calyrex|Calyrex-Ice, L50|100/100
|-ability|p1b: Calyrex|As One
|-ability|p1b: Calyrex|Unnerve
|-ability|p1a: Zamazenta|Dauntless Shield|boost
|-boost|p1a: Zamazenta|def|1
|-status|p1b: Calyrex|psn
|turn|4
|
|t:|1750872575
|-terastallize|p1b: Calyrex|Fire
|move|p1a: Zamazenta|Heavy Slam|p2b: Glimmora
|-supereffective|p2b: Glimmora
|-damage|p2b: Glimmora|0 fnt
|-activate|p2b: Glimmora|ability: Toxic Debris
|-sidestart|p1: NathanaelW19|move: Toxic Spikes
|faint|p2b: Glimmora
|move|p2a: Tinkaton|Gigaton Hammer|p1b: Calyrex
|-resisted|p1b: Calyrex
|-damage|p1b: Calyrex|83/100 psn
|move|p1b: Calyrex|High Horsepower|p2a: Tinkaton
|-supereffective|p2a: Tinkaton
|-damage|p2a: Tinkaton|0 fnt
|faint|p2a: Tinkaton
|-ability|p1b: Calyrex|Chilling Neigh|boost
|-boost|p1b: Calyrex|atk|1
|
|-heal|p1b: Calyrex|89/100 psn|[from] Grassy Terrain
|-damage|p1b: Calyrex|76/100 psn|[from] psn
|upkeep
|
|t:|1750872592
|switch|p2a: Rayquaza|Rayquaza, L50, shiny|100/100
|switch|p2b: Lugia|Lugia, L50, shiny|100/100
|-ability|p2a: Rayquaza|Air Lock
|turn|5
|inactive|chipclipz_ has 30 seconds left.
|inactive|chipclipz_ has 20 seconds left.
|
|t:|1750872629
|move|p2b: Lugia|Aeroblast|p1b: Calyrex
|-damage|p1b: Calyrex|63/100 psn
|move|p2a: Rayquaza|Dragon Ascent|p1b: Calyrex
|-damage|p1b: Calyrex|25/100 psn
|-unboost|p2a: Rayquaza|def|1
|-unboost|p2a: Rayquaza|spd|1
|move|p1a: Zamazenta|Heavy Slam|p2b: Lugia
|-damage|p2b: Lugia|90/100
|move|p1b: Calyrex|Glacial Lance|p2b: Lugia|[spread] p2a,p2b
|-supereffective|p2a: Rayquaza
|-supereffective|p2b: Lugia
|-damage|p2a: Rayquaza|0 fnt
|-damage|p2b: Lugia|0 fnt
|faint|p2a: Rayquaza
|faint|p2b: Lugia
|
|win|NathanaelW19
|raw|NathanaelW19's rating: 1213 &rarr; <strong>1231</strong><br />(+18 for winning)
|raw|chipclipz_'s rating: 1110 &rarr; <strong>1092</strong><br />(-18 for losing)
|c|☆NathanaelW19|Gg
