|j|☆MonarchMD
|j|☆mysteryperson101
|t:|1750784559
|gametype|doubles
|player|p1|MonarchMD|caitlin|1142
|player|p2|mysteryperson101|1|1257
|teamsize|p1|6
|teamsize|p2|6
|gen|9
|tier|[Gen 9] VGC 2025 Reg I
|rated|
|rule|Species Clause: Limit one of each Pokémon
|rule|Item Clause: Limit 1 of each item
|clearpoke
|poke|p1|Indeedee, L50, M|
|poke|p1|Iron Crown, L50|
|poke|p1|Lunala, L50|
|poke|p1|Amoonguss, L50, M|
|poke|p1|Zamazenta-*, L50|
|poke|p1|Mabosstiff, L50, M|
|poke|p2|Lunala, L50|
|poke|p2|Ursaluna, L50, M|
|poke|p2|Urshifu-*, L50, M|
|poke|p2|Miraidon, L50|
|poke|p2|Grimmsnarl, L50, M|
|poke|p2|Incineroar, L50, F|
|teampreview|4
|inactive|Battle timer is ON: inactive players will automatically lose when time's up. (requested by MonarchMD)
|
|t:|1750784577
|start
|switch|p1a: Indeedee|Indeedee, L50, M|100/100
|switch|p1b: Iron Crown|Iron Crown, L50|100/100
|switch|p2a: Incineroar|Incineroar, L50, F|100/100
|switch|p2b: Grimmsnarl|Grimmsnarl, L50, M|100/100
|-fieldstart|move: Psychic Terrain|[from] ability: Psychic Surge|[of] p1a: Indeedee
|-ability|p2a: Incineroar|Intimidate|boost
|-unboost|p1a: Indeedee|atk|1
|-unboost|p1b: Iron Crown|atk|1
|-enditem|p1b: Iron Crown|Booster Energy
|-activate|p1b: Iron Crown|ability: Quark Drive|[fromitem]
|-start|p1b: Iron Crown|quarkdrivespa
|turn|1
|inactive|MonarchMD has 30 seconds left.
|inactive|mysteryperson101 has 30 seconds left.
|
|t:|1750784605
|move|p2b: Grimmsnarl|Light Screen|p2b: Grimmsnarl
|-sidestart|p2: mysteryperson101|move: Light Screen
|move|p1a: Indeedee|Trick|p2b: Grimmsnarl
|-activate|p1a: Indeedee|move: Trick|[of] p2b: Grimmsnarl
|-item|p2b: Grimmsnarl|Choice Scarf|[from] move: Trick
|-item|p1a: Indeedee|Light Clay|[from] move: Trick
|move|p1b: Iron Crown|Focus Blast|p2a: Incineroar
|-supereffective|p2a: Incineroar
|-damage|p2a: Incineroar|31/100
|move|p2a: Incineroar|Will-O-Wisp|p1b: Iron Crown
|-status|p1b: Iron Crown|brn
|
|-damage|p1b: Iron Crown|94/100 brn|[from] brn
|upkeep
|turn|2
|
|t:|1750784628
|move|p1a: Indeedee|Helping Hand|p1b: Iron Crown
|-singleturn|p1b: Iron Crown|Helping Hand|[of] p1a: Indeedee
|move|p2b: Grimmsnarl|Reflect|p2b: Grimmsnarl
|-sidestart|p2: mysteryperson101|Reflect
|move|p1b: Iron Crown|Tachyon Cutter|p2b: Grimmsnarl
|-supereffective|p2b: Grimmsnarl
|-damage|p2b: Grimmsnarl|38/100
|-supereffective|p2b: Grimmsnarl
|-damage|p2b: Grimmsnarl|0 fnt
|faint|p2b: Grimmsnarl
|-hitcount|p2: Grimmsnarl|2
|move|p2a: Incineroar|Knock Off|p1b: Iron Crown
|-supereffective|p1b: Iron Crown
|-damage|p1b: Iron Crown|42/100 brn
|
|-damage|p1b: Iron Crown|36/100 brn|[from] brn
|upkeep
|
|t:|1750784645
|switch|p2b: Miraidon|Miraidon, L50|100/100
|-fieldstart|move: Electric Terrain|[from] ability: Hadron Engine|[of] p2b: Miraidon
|turn|3
|
|t:|1750784659
|-terastallize|p2b: Miraidon|Electric
|move|p1b: Iron Crown|Protect|p1b: Iron Crown
|-singleturn|p1b: Iron Crown|Protect
|move|p2b: Miraidon|Electro Drift|p1a: Indeedee
|-damage|p1a: Indeedee|0 fnt
|faint|p1a: Indeedee
|move|p2a: Incineroar|Knock Off|p1b: Iron Crown
|-activate|p1b: Iron Crown|move: Protect
|
|-damage|p1b: Iron Crown|30/100 brn|[from] brn
|upkeep
|
|t:|1750784671
|switch|p1a: Zamazenta|Zamazenta-Crowned, L50|100/100
|-ability|p1a: Zamazenta|Dauntless Shield|boost
|-boost|p1a: Zamazenta|def|1
|turn|4
|inactive|mysteryperson101 has 30 seconds left.
|inactive|mysteryperson101 has 20 seconds left.
|inactive|mysteryperson101 has 15 seconds left.
|inactive|mysteryperson101 has 10 seconds left.
|
|t:|1750784719
|-terastallize|p1a: Zamazenta|Dragon
|move|p1a: Zamazenta|Body Press|p2b: Miraidon
|-damage|p2b: Miraidon|58/100
|move|p1b: Iron Crown|Focus Blast|p2a: Incineroar
|-supereffective|p2a: Incineroar
|-damage|p2a: Incineroar|0 fnt
|faint|p2a: Incineroar
|move|p2b: Miraidon|Electro Drift|p1a: Zamazenta
|-resisted|p1a: Zamazenta
|-damage|p1a: Zamazenta|56/100
|
|-damage|p1b: Iron Crown|24/100 brn|[from] brn
|upkeep
|
|t:|1750784734
|switch|p2a: Lunala|Lunala, L50|100/100
|-enditem|p2a: Lunala|Electric Seed
|-boost|p2a: Lunala|def|1|[from] item: Electric Seed
|turn|5
|
|t:|1750784751
|move|p1a: Zamazenta|Protect|p1a: Zamazenta
|-singleturn|p1a: Zamazenta|Protect
|move|p1b: Iron Crown|Expanding Force|p2b: Miraidon
|-damage|p2b: Miraidon|40/100
|move|p2b: Miraidon|Electro Drift|p1b: Iron Crown
|-damage|p1b: Iron Crown|0 fnt
|faint|p1b: Iron Crown
|-end|p1b: Iron Crown|Quark Drive|[silent]
|move|p2a: Lunala|Moonblast|p1a: Zamazenta
|-activate|p1a: Zamazenta|move: Protect
|
|upkeep
|
|t:|1750784762
|switch|p1b: Lunala|Lunala, L50|100/100
|turn|6
|inactive|MonarchMD has 30 seconds left.
|
|t:|1750784793
|move|p1a: Zamazenta|Body Press|p2b: Miraidon
|-damage|p2b: Miraidon|0 fnt
|faint|p2b: Miraidon
|move|p1b: Lunala|Moongeist Beam|p2a: Lunala
|-supereffective|p2a: Lunala
|-damage|p2a: Lunala|52/100
|move|p2a: Lunala|Moongeist Beam|p1b: Lunala
|-supereffective|p1b: Lunala
|-damage|p1b: Lunala|24/100
|
|-sideend|p2: mysteryperson101|Reflect
|upkeep
|turn|7
|-message|mysteryperson101 forfeited.
|
|win|MonarchMD
|raw|MonarchMD's rating: 1142 &rarr; <strong>1175</strong><br />(+33 for winning)
|raw|mysteryperson101's rating: 1257 &rarr; <strong>1224</strong><br />(-33 for losing)
|l|☆mysteryperson101
|player|p2|
