|j|☆Caleb092997
|j|☆lpelpe
|t:|1750878513
|gametype|doubles
|player|p1|Caleb092997|266|1355
|player|p2|lpelpe|169|1331
|teamsize|p1|6
|teamsize|p2|6
|gen|9
|tier|[Gen 9] VGC 2025 Reg I
|rated|
|rule|Species Clause: Limit one of each Pokémon
|rule|Item Clause: Limit 1 of each item
|clearpoke
|poke|p1|Calyrex-Shadow, L50|
|poke|p1|Ho-Oh, L50|
|poke|p1|Grimmsnarl, L50, M|
|poke|p1|Gastrodon, L50, F|
|poke|p1|Rillaboom, L50, M|
|poke|p1|Sandy Shocks, L50|
|poke|p2|Indeedee-F, L50, F|
|poke|p2|Urshifu-*, L50, F|
|poke|p2|Calyrex-Ice, L50|
|poke|p2|Reshiram, L50|
|poke|p2|Ursaluna-Bloodmoon, L50, M|
|poke|p2|Armarouge, L50, F|
|teampreview|4
|inactive|Battle timer is ON: inactive players will automatically lose when time's up. (requested by lpelpe)
|
|t:|1750878547
|start
|switch|p1a: Calyrex|Calyrex-Shadow, L50|100/100
|switch|p1b: Ho-Oh|Ho-Oh, L50|100/100
|switch|p2a: Indeedee|Indeedee-F, L50, F|100/100
|switch|p2b: Armarouge|Armarouge, L50, F|100/100
|-ability|p1a: Calyrex|As One
|-ability|p1a: Calyrex|Unnerve
|-fieldstart|move: Psychic Terrain|[from] ability: Psychic Surge|[of] p2a: Indeedee
|turn|1
|inactive|Caleb092997 has 30 seconds left.
|inactive|Caleb092997 has 20 seconds left.
|inactive|Caleb092997 has 15 seconds left.
|inactive|Caleb092997 has 10 seconds left.
|inactive|Caleb092997 has 5 seconds left.
|
|t:|1750878598
|switch|p1b: Rillaboom|Rillaboom, L50, M|100/100
|-fieldstart|move: Grassy Terrain|[from] ability: Grassy Surge|[of] p1b: Rillaboom
|-terastallize|p1a: Calyrex|Dark
|move|p2b: Armarouge|Protect|p2b: Armarouge
|-singleturn|p2b: Armarouge|Protect
|move|p1a: Calyrex|Nasty Plot|p1a: Calyrex
|-boost|p1a: Calyrex|spa|2
|move|p2a: Indeedee|Trick Room|p2a: Indeedee
|-fieldstart|move: Trick Room|[of] p2a: Indeedee
|
|upkeep
|turn|2
|inactive|lpelpe has 30 seconds left.
|
|t:|1750878624
|switch|p2b: Ursaluna|Ursaluna-Bloodmoon, L50, M|100/100
|move|p2a: Indeedee|Dazzling Gleam|p1a: Calyrex|[spread] p1a,p1b
|-supereffective|p1a: Calyrex
|-damage|p1a: Calyrex|77/100
|-damage|p1b: Rillaboom|92/100
|move|p1b: Rillaboom|U-turn|p2a: Indeedee
|-supereffective|p2a: Indeedee
|-damage|p2a: Indeedee|47/100
|
|t:|1750878636
|switch|p1b: Ho-Oh|Ho-Oh, L50|100/100|[from] U-turn
|move|p1a: Calyrex|Astral Barrage|p2b: Ursaluna|[spread] 
|-immune|p2a: Indeedee
|-immune|p2b: Ursaluna
|
|-heal|p2a: Indeedee|54/100|[from] Grassy Terrain
|-heal|p1a: Calyrex|83/100|[from] Grassy Terrain
|upkeep
|turn|3
|
|t:|1750878651
|switch|p1b: Rillaboom|Rillaboom, L50, M|92/100
|-terastallize|p2b: Ursaluna|Normal
|move|p2a: Indeedee|Helping Hand|p2b: Ursaluna
|-singleturn|p2b: Ursaluna|Helping Hand|[of] p2a: Indeedee
|move|p1a: Calyrex|Protect|p1a: Calyrex
|-singleturn|p1a: Calyrex|Protect
|move|p2b: Ursaluna|Hyper Voice|p1b: Rillaboom|[spread] p1b
|-activate|p1a: Calyrex|move: Protect
|-crit|p1b: Rillaboom
|-damage|p1b: Rillaboom|6/100
|-damage|p2b: Ursaluna|91/100|[from] item: Life Orb
|
|-heal|p2b: Ursaluna|97/100|[from] Grassy Terrain
|-heal|p2a: Indeedee|60/100|[from] Grassy Terrain
|-heal|p1b: Rillaboom|12/100|[from] Grassy Terrain
|-heal|p1a: Calyrex|89/100|[from] Grassy Terrain
|upkeep
|turn|4
|inactive|lpelpe has 30 seconds left.
|inactive|Caleb092997 has 30 seconds left.
|inactive|lpelpe has 20 seconds left.
|inactive|lpelpe has 15 seconds left.
|
|t:|1750878696
|switch|p2a: Armarouge|Armarouge, L50, F|100/100
|move|p2b: Ursaluna|Protect|p2b: Ursaluna
|-singleturn|p2b: Ursaluna|Protect
|move|p1b: Rillaboom|Fake Out|p2b: Ursaluna
|-activate|p2b: Ursaluna|move: Protect
|move|p1a: Calyrex|Psychic|p2a: Armarouge
|-resisted|p2a: Armarouge
|-damage|p2a: Armarouge|47/100
|
|-heal|p2b: Ursaluna|100/100|[from] Grassy Terrain
|-heal|p2a: Armarouge|53/100|[from] Grassy Terrain
|-heal|p1b: Rillaboom|18/100|[from] Grassy Terrain
|-heal|p1a: Calyrex|95/100|[from] Grassy Terrain
|upkeep
|turn|5
|inactive|lpelpe has 30 seconds left.
|inactive|lpelpe has 20 seconds left.
|
|t:|1750878736
|switch|p2b: Indeedee|Indeedee-F, L50, F|60/100
|-fieldstart|move: Psychic Terrain|[from] ability: Psychic Surge|[of] p2b: Indeedee
|move|p1a: Calyrex|Protect|p1a: Calyrex
|-singleturn|p1a: Calyrex|Protect
|move|p2a: Armarouge|Expanding Force|p1a: Calyrex|[spread] p1b
|-activate|p1a: Calyrex|move: Protect
|-crit|p1b: Rillaboom
|-damage|p1b: Rillaboom|0 fnt
|faint|p1b: Rillaboom
|
|-fieldend|move: Trick Room
|upkeep
|
|t:|1750878751
|switch|p1b: Sandy Shocks|Sandy Shocks, L50|100/100
|-enditem|p1b: Sandy Shocks|Booster Energy
|-activate|p1b: Sandy Shocks|ability: Protosynthesis|[fromitem]
|-start|p1b: Sandy Shocks|protosynthesisspe
|turn|6
|
|t:|1750878760
|move|p1b: Sandy Shocks|Earth Power|p2b: Indeedee
|-damage|p2b: Indeedee|24/100
|move|p1a: Calyrex|Astral Barrage|p2b: Indeedee|[spread] p2a
|-immune|p2b: Indeedee
|-supereffective|p2a: Armarouge
|-damage|p2a: Armarouge|0 fnt
|faint|p2a: Armarouge
|-ability|p1a: Calyrex|Grim Neigh|boost
|-boost|p1a: Calyrex|spa|1
|move|p2b: Indeedee|Trick Room|p2b: Indeedee
|-fieldstart|move: Trick Room|[of] p2b: Indeedee
|
|upkeep
|
|t:|1750878765
|switch|p2a: Ursaluna|Ursaluna-Bloodmoon, L50, M, tera:Normal|100/100
|turn|7
|
|t:|1750878774
|move|p1b: Sandy Shocks|Protect|p1b: Sandy Shocks
|-singleturn|p1b: Sandy Shocks|Protect
|move|p2a: Ursaluna|Hyper Voice|p1a: Calyrex|[spread] p1a
|-activate|p1b: Sandy Shocks|move: Protect
|-damage|p1a: Calyrex|38/100
|-enditem|p1a: Calyrex|Sitrus Berry|[eat]
|-heal|p1a: Calyrex|62/100|[from] item: Sitrus Berry
|-damage|p2a: Ursaluna|91/100|[from] item: Life Orb
|move|p2b: Indeedee|Dazzling Gleam|p1b: Sandy Shocks|[spread] p1a
|-activate|p1b: Sandy Shocks|move: Protect
|-supereffective|p1a: Calyrex
|-damage|p1a: Calyrex|37/100
|move|p1a: Calyrex|Psychic|p2a: Ursaluna
|-damage|p2a: Ursaluna|0 fnt
|faint|p2a: Ursaluna
|-ability|p1a: Calyrex|Grim Neigh|boost
|-boost|p1a: Calyrex|spa|1
|
|upkeep
|
|t:|1750878781
|switch|p2a: Calyrex|Calyrex-Ice, L50|100/100
|-ability|p2a: Calyrex|As One
|-ability|p2a: Calyrex|Unnerve
|turn|8
|
|t:|1750878794
|move|p2b: Indeedee|Helping Hand|p2a: Calyrex
|-singleturn|p2a: Calyrex|Helping Hand|[of] p2b: Indeedee
|move|p1a: Calyrex|Protect|p1a: Calyrex
|-singleturn|p1a: Calyrex|Protect
|move|p2a: Calyrex|Glacial Lance|p1a: Calyrex|[spread] p1b
|-activate|p1a: Calyrex|move: Protect
|-supereffective|p1b: Sandy Shocks
|-damage|p1b: Sandy Shocks|0 fnt
|faint|p1b: Sandy Shocks
|-end|p1b: Sandy Shocks|Protosynthesis|[silent]
|-ability|p2a: Calyrex|Chilling Neigh|boost
|-boost|p2a: Calyrex|atk|1
|
|upkeep
|
|t:|1750878802
|switch|p1b: Ho-Oh|Ho-Oh, L50|100/100
|turn|9
|
|t:|1750878812
|move|p1a: Calyrex|Protect|p1a: Calyrex
|-singleturn|p1a: Calyrex|Protect
|move|p2b: Indeedee|Follow Me|p2b: Indeedee
|-singleturn|p2b: Indeedee|move: Follow Me
|move|p2a: Calyrex|Glacial Lance|p1a: Calyrex|[spread] p1b
|-activate|p1a: Calyrex|move: Protect
|-damage|p1b: Ho-Oh|34/100
|move|p1b: Ho-Oh|Sacred Fire|p2b: Indeedee
|-damage|p2b: Indeedee|0 fnt
|faint|p2b: Indeedee
|
|-fieldend|move: Psychic Terrain
|upkeep
|turn|10
|
|t:|1750878824
|move|p1a: Calyrex|Protect|p1a: Calyrex
|-singleturn|p1a: Calyrex|Protect
|move|p2a: Calyrex|Glacial Lance|p1b: Ho-Oh|[spread] p1b
|-activate|p1a: Calyrex|move: Protect
|-damage|p1b: Ho-Oh|0 fnt
|faint|p1b: Ho-Oh
|-ability|p2a: Calyrex|Chilling Neigh|boost
|-boost|p2a: Calyrex|atk|1
|
|-fieldend|move: Trick Room
|upkeep
|turn|11
|
|t:|1750878830
|move|p2a: Calyrex|Protect|p2a: Calyrex
|-singleturn|p2a: Calyrex|Protect
|move|p1a: Calyrex|Astral Barrage|p2a: Calyrex
|-activate|p2a: Calyrex|move: Protect
|
|upkeep
|turn|12
|c|☆lpelpe|Lol
|c|☆Caleb092997|wow lol
|
|t:|1750878840
|move|p1a: Calyrex|Astral Barrage|p2a: Calyrex
|-supereffective|p2a: Calyrex
|-damage|p2a: Calyrex|0 fnt
|faint|p2a: Calyrex
|
|win|Caleb092997
|raw|Caleb092997's rating: 1355 &rarr; <strong>1374</strong><br />(+19 for winning)
|raw|lpelpe's rating: 1331 &rarr; <strong>1312</strong><br />(-19 for losing)
|l|☆lpelpe
|player|p2|
|l|☆Caleb092997
|player|p1|
