|j|☆Agent VGD
|j|☆Dam1en137
|t:|1750844503
|gametype|doubles
|player|p1|Agent VGD|camper|1288
|player|p2|Dam1en137|169|1180
|teamsize|p1|6
|teamsize|p2|6
|gen|9
|tier|[Gen 9] VGC 2025 Reg I
|rated|
|rule|Species Clause: Limit one of each Pokémon
|rule|Item Clause: Limit 1 of each item
|clearpoke
|poke|p1|Terapagos, L50, M|
|poke|p1|Stonjourner, L50, M|
|poke|p1|Koraidon, L50|
|poke|p1|Walking Wake, L50|
|poke|p1|Iron Moth, L50|
|poke|p1|Brute Bonnet, L50|
|poke|p2|Ting-Lu, L50|
|poke|p2|Calyrex-Ice, L50|
|poke|p2|Lunala, L50|
|poke|p2|Incineroar, L50, M|
|poke|p2|Sentret, L50, F|
|poke|p2|Gallade, L50, M|
|teampreview|4
|
|t:|1750844539
|start
|switch|p1a: Brute Bonnet|Brute Bonnet, L50|100/100
|switch|p1b: Walking Wake|Walking Wake, L50|100/100
|switch|p2a: Lunala|Lunala, L50|100/100
|switch|p2b: Incineroar|Incineroar, L50, M|100/100
|-ability|p2b: Incineroar|Intimidate|boost
|-unboost|p1a: Brute Bonnet|atk|1
|-unboost|p1b: Walking Wake|atk|1
|turn|1
|
|t:|1750844559
|-terastallize|p2a: Lunala|Fairy
|move|p1b: Walking Wake|Protect|p1b: Walking Wake
|-singleturn|p1b: Walking Wake|Protect
|move|p2b: Incineroar|Fake Out|p1a: Brute Bonnet
|-damage|p1a: Brute Bonnet|91/100
|-damage|p2b: Incineroar|84/100|[from] item: Rocky Helmet|[of] p1a: Brute Bonnet
|move|p2a: Lunala|Moonblast|p1b: Walking Wake
|-activate|p1b: Walking Wake|move: Protect
|cant|p1a: Brute Bonnet|flinch
|
|upkeep
|turn|2
|
|t:|1750844574
|-end|p1b: Walking Wake|Protosynthesis|[silent]
|switch|p1b: Terapagos|Terapagos, L50, M|100/100
|-activate|p1b: Terapagos|ability: Tera Shift
|detailschange|p1b: Terapagos|Terapagos-Terastal, L50, M
|-heal|p1b: Terapagos|100/100|[silent]
|move|p2a: Lunala|Moonblast|p1b: Terapagos
|-activate|p1b: Terapagos|ability: Tera Shell
|-resisted|p1b: Terapagos
|-damage|p1b: Terapagos|75/100
|move|p2b: Incineroar|U-turn|p1a: Brute Bonnet
|-supereffective|p1a: Brute Bonnet
|-damage|p1a: Brute Bonnet|33/100
|-damage|p2b: Incineroar|68/100|[from] item: Rocky Helmet|[of] p1a: Brute Bonnet
|
|t:|1750844587
|switch|p2b: Calyrex|Calyrex-Ice, L50|100/100|[from] U-turn
|-ability|p2b: Calyrex|As One
|-ability|p2b: Calyrex|Unnerve
|move|p1a: Brute Bonnet|Spore|p2a: Lunala
|-status|p2a: Lunala|slp|[from] move: Spore
|
|-heal|p1b: Terapagos|82/100|[from] item: Leftovers
|upkeep
|turn|3
|
|t:|1750844602
|move|p2b: Calyrex|Protect|p2b: Calyrex
|-singleturn|p2b: Calyrex|Protect
|cant|p2a: Lunala|slp
|move|p1b: Terapagos|Calm Mind|p1b: Terapagos
|-boost|p1b: Terapagos|spa|1
|-boost|p1b: Terapagos|spd|1
|move|p1a: Brute Bonnet|Spore|p2b: Calyrex
|-activate|p2b: Calyrex|move: Protect
|
|-heal|p1b: Terapagos|88/100|[from] item: Leftovers
|upkeep
|turn|4
|
|t:|1750844617
|-terastallize|p1b: Terapagos|Stellar
|detailschange|p1b: Terapagos|Terapagos-Stellar, L50, M, tera:Stellar
|-heal|p1b: Terapagos|91/100|[silent]
|cant|p2a: Lunala|slp
|move|p1b: Terapagos|Tera Starstorm|p2a: Lunala|[spread] p2a,p2b
|-supereffective|p2a: Lunala
|-damage|p2a: Lunala|69/100 slp
|-damage|p2b: Calyrex|64/100
|move|p2b: Calyrex|Glacial Lance|p1a: Brute Bonnet|[spread] p1a,p1b
|-supereffective|p1a: Brute Bonnet
|-damage|p1a: Brute Bonnet|0 fnt
|-damage|p1b: Terapagos|60/100
|faint|p1a: Brute Bonnet
|-end|p1a: Brute Bonnet|Protosynthesis|[silent]
|-ability|p2b: Calyrex|Chilling Neigh|boost
|-boost|p2b: Calyrex|atk|1
|
|-heal|p1b: Terapagos|67/100|[from] item: Leftovers
|upkeep
|
|t:|1750844634
|switch|p1a: Stonjourner|Stonjourner, L50, M|100/100
|turn|5
|
|t:|1750844654
|cant|p2a: Lunala|slp
|move|p1a: Stonjourner|Wide Guard|p1a: Stonjourner
|-singleturn|p1a: Stonjourner|Wide Guard
|move|p1b: Terapagos|Tera Starstorm|p2b: Calyrex|[spread] p2a,p2b
|-supereffective|p2a: Lunala
|-damage|p2a: Lunala|0 fnt
|-damage|p2b: Calyrex|23/100
|faint|p2a: Lunala
|move|p2b: Calyrex|Trick Room|p2b: Calyrex
|-fieldstart|move: Trick Room|[of] p2b: Calyrex
|
|-heal|p1b: Terapagos|73/100|[from] item: Leftovers
|upkeep
|
|t:|1750844665
|switch|p2a: Incineroar|Incineroar, L50, M|68/100
|-ability|p2a: Incineroar|Intimidate|boost
|-unboost|p1a: Stonjourner|atk|1
|-unboost|p1b: Terapagos|atk|1
|turn|6
|
|t:|1750844672
|move|p1b: Terapagos|Protect|p1b: Terapagos
|-singleturn|p1b: Terapagos|Protect
|move|p2a: Incineroar|Fake Out|p1b: Terapagos
|-activate|p1b: Terapagos|move: Protect
|move|p2b: Calyrex|High Horsepower|p1a: Stonjourner
|-supereffective|p1a: Stonjourner
|-damage|p1a: Stonjourner|6/100
|move|p1a: Stonjourner|Rock Slide|p2a: Incineroar|[spread] p2a,p2b
|-supereffective|p2a: Incineroar
|-supereffective|p2b: Calyrex
|-damage|p2a: Incineroar|26/100
|-damage|p2b: Calyrex|0 fnt
|faint|p2b: Calyrex
|
|-heal|p1b: Terapagos|79/100|[from] item: Leftovers
|upkeep
|
|t:|1750844676
|switch|p2b: Sentret|Sentret, L50, F, shiny|100/100
|-item|p1a: Stonjourner|Focus Sash|[from] ability: Frisk|[of] p2b: Sentret
|-item|p1b: Terapagos|Leftovers|[from] ability: Frisk|[of] p2b: Sentret
|turn|7
|
|t:|1750844685
|move|p2b: Sentret|Endeavor|p1b: Terapagos
|-damage|p1b: Terapagos|43/100
|move|p2a: Incineroar|Knock Off|p1a: Stonjourner
|-damage|p1a: Stonjourner|0 fnt
|-enditem|p1a: Stonjourner|Focus Sash|[from] move: Knock Off|[of] p2a: Incineroar
|faint|p1a: Stonjourner
|move|p1b: Terapagos|Tera Starstorm|p2a: Incineroar|[spread] p2a,p2b
|-damage|p2a: Incineroar|0 fnt
|-enditem|p2b: Sentret|Focus Sash
|-damage|p2b: Sentret|1/100
|faint|p2a: Incineroar
|
|-heal|p1b: Terapagos|50/100|[from] item: Leftovers
|upkeep
|
|t:|1750844691
|switch|p1a: Walking Wake|Walking Wake, L50|100/100
|turn|8
|
|t:|1750844695
|move|p2b: Sentret|Endeavor|p1a: Walking Wake
|-damage|p1a: Walking Wake|1/100
|move|p1b: Terapagos|Tera Starstorm|p2b: Sentret
|-damage|p2b: Sentret|0 fnt
|faint|p2b: Sentret
|
|win|Agent VGD
|raw|Agent VGD's rating: 1288 &rarr; <strong>1305</strong><br />(+17 for winning)
|raw|Dam1en137's rating: 1180 &rarr; <strong>1163</strong><br />(-17 for losing)
|l|☆Dam1en137
|player|p2|
|c|☆Agent VGD|Gg
|l|☆Agent VGD
|player|p1|
