|j|☆uyguujy
|j|☆AhtiK10
|t:|1750858339
|gametype|doubles
|player|p1|uyguujy|lucas|1043
|player|p2|AhtiK10|cynthia|1111
|teamsize|p1|6
|teamsize|p2|6
|gen|9
|tier|[Gen 9] VGC 2025 Reg I
|rated|
|rule|Species Clause: Limit one of each Pokémon
|rule|Item Clause: Limit 1 of each item
|clearpoke
|poke|p1|Zamazenta-*, L50|
|poke|p1|Indeedee-F, L50, F|
|poke|p1|Armarouge, L50, M|
|poke|p1|Palkia, L50|
|poke|p1|Mimikyu, L50, F|
|poke|p1|Ursaluna, L50, F|
|poke|p2|Latios, L50, M|
|poke|p2|Dondozo, L50, F|
|poke|p2|Tatsugiri, L50, F|
|poke|p2|Urshifu-*, L50, M|
|poke|p2|Archaludon, L50, M|
|poke|p2|Giratina-Origin, L50|
|teampreview|4
AhtiK10 has agreed to open team sheets.
uyguujy has agreed to open team sheets.
|showteam|p1|Zamazenta-Crowned||RustedShield|DauntlessShield|behemothbash,BodyPress,WideGuard,Protect||||||50|,,,,,Ghost]Indeedee-F||PsychicSeed|PsychicSurge|HelpingHand,FollowMe,TrickRoom,Psychic|||F|||50|,,,,,Fairy]Armarouge||FocusSash|WeakArmor|ArmorCannon,ExpandingForce,WideGuard,Protect|||M|||50|,,,,,Grass]Palkia||LustrousOrb|Pressure|HydroPump,SpacialRend,TrickRoom,Protect||||||50|,,,,,Poison]Mimikyu||ClearAmulet|Disguise|PlayRough,SwordsDance,ShadowSneak,Protect|||F|||50|,,,,,Ghost]Ursaluna||FlameOrb|Guts|Facade,StompingTantrum,Protect,Crunch|||F|||50|,,,,,Ghost
|showteam|p2|Latios||FocusSash|Levitate|SimpleBeam,Tailwind,Protect,LusterPurge|||M|||50|,,,,,Steel]Dondozo||Leftovers|Oblivious|WaveCrash,OrderUp,Protect,Earthquake|||F|||50|,,,,,Grass]Tatsugiri||ChoiceScarf|Commander|DracoMeteor,MuddyWater,IcyWind,TeraBlast|||F|||50|,,,,,Stellar]Urshifu-Rapid-Strike||LifeOrb|UnseenFist|SurgingStrikes,Coaching,CloseCombat,IceSpinner|||M|||50|,,,,,Water]Archaludon||PowerHerb|Stamina|ElectroShot,BodyPress,Protect,IronDefense|||M|||50|,,,,,Electric]Giratina-Origin||GriseousCore|Levitate|Protect,Poltergeist,ShadowSneak,DracoMeteor||||||50|,,,,,Fire
|inactive|Battle timer is ON: inactive players will automatically lose when time's up. (requested by AhtiK10)
|
|t:|1750858408
|start
|switch|p1a: Indeedee|Indeedee-F, L50, F|100/100
|switch|p1b: Palkia|Palkia, L50|100/100
|switch|p2a: Jet plane|Latios, L50, M|100/100
|switch|p2b: Dondozo|Dondozo, L50, F|100/100
|-ability|p1b: Palkia|Pressure
|-fieldstart|move: Psychic Terrain|[from] ability: Psychic Surge|[of] p1a: Indeedee
|-enditem|p1a: Indeedee|Psychic Seed
|-boost|p1a: Indeedee|spd|1|[from] item: Psychic Seed
|turn|1
|
|t:|1750858429
|move|p1b: Palkia|Protect|p1b: Palkia
|-singleturn|p1b: Palkia|Protect
|move|p2a: Jet plane|Simple Beam|p2b: Dondozo
|-endability|p2b: Dondozo|Oblivious|[from] move: Simple Beam
|-ability|p2b: Dondozo|Simple|[from] move: Simple Beam
|move|p2b: Dondozo|Earthquake|p1a: Indeedee|[spread] p1a
|-activate|p1b: Palkia|move: Protect
|-immune|p2a: Jet plane|[from] ability: Levitate
|-damage|p1a: Indeedee|80/100
|move|p1a: Indeedee|Trick Room|p1a: Indeedee
|-fieldstart|move: Trick Room|[of] p1a: Indeedee
|
|upkeep
|turn|2
|
|t:|1750858447
|switch|p2a: Sushi|Tatsugiri, L50, F, shiny|100/100
|-activate|p2a: Sushi|ability: Commander|[of] p2b: Dondozo
|-boost|p2b: Dondozo|atk|4
|-boost|p2b: Dondozo|spa|4
|-boost|p2b: Dondozo|spe|4
|-boost|p2b: Dondozo|def|4
|-boost|p2b: Dondozo|spd|4
|move|p1a: Indeedee|Helping Hand|p1b: Palkia
|-singleturn|p1b: Palkia|Helping Hand|[of] p1a: Indeedee
|move|p2b: Dondozo|Protect|p2b: Dondozo
|-singleturn|p2b: Dondozo|Protect
|move|p1b: Palkia|Spacial Rend|p2b: Dondozo
|-activate|p2b: Dondozo|move: Protect
|
|upkeep
|turn|3
|
|t:|1750858467
|move|p1a: Indeedee|Helping Hand|p1b: Palkia
|-singleturn|p1b: Palkia|Helping Hand|[of] p1a: Indeedee
|move|p1b: Palkia|Spacial Rend|p2b: Dondozo
|-crit|p2b: Dondozo
|-damage|p2b: Dondozo|0 fnt
|faint|p2b: Dondozo
|
|upkeep
|
|t:|1750858475
|switch|p2b: Giratina|Giratina-Origin, L50|100/100
|turn|4
|
|t:|1750858494
|-terastallize|p2b: Giratina|Fire
|move|p1a: Indeedee|Follow Me|p1a: Indeedee
|-singleturn|p1a: Indeedee|move: Follow Me
|move|p2b: Giratina|Draco Meteor|p1a: Indeedee
|-damage|p1a: Indeedee|47/100
|-unboost|p2b: Giratina|spa|2
|move|p1b: Palkia|Spacial Rend|p2a: Sushi
|-supereffective|p2a: Sushi
|-damage|p2a: Sushi|0 fnt
|faint|p2a: Sushi
|
|upkeep
|
|t:|1750858505
|switch|p2a: Jet plane|Latios, L50, M|100/100
|turn|5
|
|t:|1750858520
|move|p1a: Indeedee|Follow Me|p1a: Indeedee
|-singleturn|p1a: Indeedee|move: Follow Me
|move|p2b: Giratina|Shadow Sneak|p1a: Indeedee
|-activate|p1a: Indeedee|move: Psychic Terrain
|move|p1b: Palkia|Spacial Rend|p2a: Jet plane
|-supereffective|p2a: Jet plane
|-crit|p2a: Jet plane
|-enditem|p2a: Jet plane|Focus Sash
|-damage|p2a: Jet plane|1/100
|move|p2a: Jet plane|Luster Purge|p1a: Indeedee
|-resisted|p1a: Indeedee
|-damage|p1a: Indeedee|34/100
|
|-fieldend|move: Trick Room
|-fieldend|move: Psychic Terrain
|upkeep
|turn|6
|
|t:|1750858538
|move|p1a: Indeedee|Follow Me|p1a: Indeedee
|-singleturn|p1a: Indeedee|move: Follow Me
|move|p2a: Jet plane|Luster Purge|p1a: Indeedee
|-resisted|p1a: Indeedee
|-damage|p1a: Indeedee|21/100
|-unboost|p1a: Indeedee|spd|1
|move|p1b: Palkia|Spacial Rend|p2a: Jet plane
|-supereffective|p2a: Jet plane
|-damage|p2a: Jet plane|0 fnt
|faint|p2a: Jet plane
|move|p2b: Giratina|Draco Meteor|p1a: Indeedee
|-damage|p1a: Indeedee|0 fnt
|-unboost|p2b: Giratina|spa|2
|faint|p1a: Indeedee
|
|upkeep
|
|t:|1750858551
|switch|p1a: Zamazenta|Zamazenta-Crowned, L50|100/100
|-ability|p1a: Zamazenta|Dauntless Shield|boost
|-boost|p1a: Zamazenta|def|1
|turn|7
|
|t:|1750858564
|move|p1a: Zamazenta|Body Press|p2b: Giratina
|-damage|p2b: Giratina|52/100
|move|p1b: Palkia|Hydro Pump|p2b: Giratina
|-supereffective|p2b: Giratina
|-damage|p2b: Giratina|0 fnt
|faint|p2b: Giratina
|
|win|uyguujy
|raw|uyguujy's rating: 1043 &rarr; <strong>1083</strong><br />(+40 for winning)
|raw|AhtiK10's rating: 1111 &rarr; <strong>1081</strong><br />(-30 for losing)
|c|☆AhtiK10|gg
|l|☆AhtiK10
|player|p2|
