|j|☆NegaiFreak
|j|☆aires17
|t:|1750868058
|gametype|doubles
|player|p1|NegaiFreak|265|1365
|player|p2|aires17|1|1451
|teamsize|p1|6
|teamsize|p2|6
|gen|9
|tier|[Gen 9] VGC 2025 Reg I
|rated|
|rule|Species Clause: Limit one of each Pokémon
|rule|Item Clause: Limit 1 of each item
|clearpoke
|poke|p1|Lunala, L50|
|poke|p1|Koraidon, L50|
|poke|p1|Flutter Mane, L50|
|poke|p1|Farigiraf, L50, M|
|poke|p1|Incineroar, L50, M|
|poke|p1|Rillaboom, L50, F|
|poke|p2|Calyrex-Ice, L50|
|poke|p2|Miraidon, L50|
|poke|p2|Volcarona, L50, M|
|poke|p2|Rillaboom, L50, M|
|poke|p2|Farigiraf, L50, F|
|poke|p2|Iron Hands, L50|
|teampreview|4
NegaiFreak has agreed to open team sheets.
|c|☆NegaiFreak|GLHF
|c|☆aires17|u2
aires17 rejected open team sheets.
|
|t:|1750868090
|start
|switch|p1a: Koraidon|Koraidon, L50|100/100
|switch|p1b: Flutter Mane|Flutter Mane, L50|100/100
|switch|p2a: Volcarona|Volcarona, L50, M|100/100
|switch|p2b: Rillaboom|Rillaboom, L50, M, shiny|100/100
|-weather|SunnyDay|[from] ability: Orichalcum Pulse|[of] p1a: Koraidon
|-activate|p1b: Flutter Mane|ability: Protosynthesis
|-start|p1b: Flutter Mane|protosynthesisspe
|-activate|p1a: Koraidon|Orichalcum Pulse|[source]
|-fieldstart|move: Grassy Terrain|[from] ability: Grassy Surge|[of] p2b: Rillaboom
|-enditem|p2a: Volcarona|Grassy Seed
|-boost|p2a: Volcarona|def|1|[from] item: Grassy Seed
|turn|1
|
|t:|1750868108
|-end|p1b: Flutter Mane|Protosynthesis|[silent]
|switch|p1b: Farigiraf|Farigiraf, L50, M|100/100
|-terastallize|p1a: Koraidon|Fire
|move|p2b: Rillaboom|Fake Out||[still]
|cant|p1b: Farigiraf|ability: Armor Tail|Fake Out|[of] p2b: Rillaboom
|move|p1a: Koraidon|Flame Charge|p2b: Rillaboom
|-supereffective|p2b: Rillaboom
|-damage|p2b: Rillaboom|0 fnt
|-boost|p1a: Koraidon|spe|1
|faint|p2b: Rillaboom
|-damage|p1a: Koraidon|91/100|[from] item: Life Orb
|move|p2a: Volcarona|Quiver Dance|p2a: Volcarona
|-boost|p2a: Volcarona|spa|1
|-boost|p2a: Volcarona|spd|1
|-boost|p2a: Volcarona|spe|1
|
|-weather|SunnyDay|[upkeep]
|-heal|p1a: Koraidon|96/100|[from] Grassy Terrain
|upkeep
|
|t:|1750868125
|switch|p2b: Calyrex|Calyrex-Ice, L50|100/100
|-ability|p2b: Calyrex|As One
|-ability|p2b: Calyrex|Unnerve
|turn|2
|
|t:|1750868137
|move|p1b: Farigiraf|Helping Hand|p1a: Koraidon
|-singleturn|p1a: Koraidon|Helping Hand|[of] p1b: Farigiraf
|move|p2b: Calyrex|Protect|p2b: Calyrex
|-singleturn|p2b: Calyrex|Protect
|move|p1a: Koraidon|Flare Blitz|p2a: Volcarona
|-damage|p2a: Volcarona|0 fnt
|faint|p2a: Volcarona
|-damage|p1a: Koraidon|60/100|[from] Recoil
|-damage|p1a: Koraidon|51/100|[from] item: Life Orb
|
|-weather|SunnyDay|[upkeep]
|-heal|p1a: Koraidon|57/100|[from] Grassy Terrain
|upkeep
|
|t:|1750868148
|switch|p2a: Miraidon|Miraidon, L50|100/100
|-fieldstart|move: Electric Terrain|[from] ability: Hadron Engine|[of] p2a: Miraidon
|turn|3
|
|t:|1750868161
|-terastallize|p2b: Calyrex|Water
|move|p1a: Koraidon|Protect|p1a: Koraidon
|-singleturn|p1a: Koraidon|Protect
|move|p2a: Miraidon|Electro Drift|p1a: Koraidon
|-activate|p1a: Koraidon|move: Protect
|move|p1b: Farigiraf|Hyper Voice|p2b: Calyrex|[spread] p2a,p2b
|-crit|p2b: Calyrex
|-damage|p2a: Miraidon|83/100
|-damage|p2b: Calyrex|77/100
|-enditem|p1b: Farigiraf|Throat Spray
|-boost|p1b: Farigiraf|spa|1|[from] item: Throat Spray
|move|p2b: Calyrex|Trick Room|p2b: Calyrex
|-fieldstart|move: Trick Room|[of] p2b: Calyrex
|
|-weather|SunnyDay|[upkeep]
|-heal|p2b: Calyrex|83/100|[from] item: Leftovers
|upkeep
|turn|4
|
|t:|1750868192
|move|p2b: Calyrex|Leech Seed|p1b: Farigiraf
|-start|p1b: Farigiraf|move: Leech Seed
|move|p1b: Farigiraf|Psychic|p2a: Miraidon
|-crit|p2a: Miraidon
|-damage|p2a: Miraidon|27/100
|-unboost|p2a: Miraidon|spd|1
|move|p2a: Miraidon|Electro Drift|p1a: Koraidon
|-damage|p1a: Koraidon|0 fnt
|faint|p1a: Koraidon
|
|-weather|SunnyDay|[upkeep]
|-heal|p2b: Calyrex|88/100|[from] item: Leftovers
|-damage|p1b: Farigiraf|88/100|[from] Leech Seed|[of] p2b: Calyrex
|-heal|p2b: Calyrex|100/100|[silent]
|upkeep
|c|☆aires17|king of crits xD
|c|☆aires17|and special drop at the same time
|
|t:|1750868221
|switch|p1a: Lunala|Lunala, L50|100/100
|turn|5
|
|t:|1750868231
|move|p2b: Calyrex|Leech Seed|p1a: Lunala
|-start|p1a: Lunala|move: Leech Seed
|move|p1b: Farigiraf|Psychic|p2a: Miraidon
|-damage|p2a: Miraidon|0 fnt
|faint|p2a: Miraidon
|move|p1a: Lunala|Calm Mind|p1a: Lunala
|-boost|p1a: Lunala|spa|1
|-boost|p1a: Lunala|spd|1
|
|-weather|none
|-damage|p1b: Farigiraf|76/100|[from] Leech Seed|[of] p2b: Calyrex
|-damage|p1a: Lunala|88/100|[from] Leech Seed|[of] p2b: Calyrex
|upkeep
|turn|6
|
|t:|1750868247
|move|p2b: Calyrex|Glacial Lance|p1a: Lunala|[spread] p1a,p1b
|-damage|p1a: Lunala|49/100
|-damage|p1b: Farigiraf|34/100
|move|p1a: Lunala|Calm Mind|p1a: Lunala
|-boost|p1a: Lunala|spa|1
|-boost|p1a: Lunala|spd|1
|move|p1b: Farigiraf|Trick Room|p1b: Farigiraf
|-fieldend|move: Trick Room
|
|-heal|p1a: Lunala|55/100|[from] item: Leftovers
|-damage|p1a: Lunala|43/100|[from] Leech Seed|[of] p2b: Calyrex
|-damage|p1b: Farigiraf|21/100|[from] Leech Seed|[of] p2b: Calyrex
|upkeep
|turn|7
|
|t:|1750868261
|move|p1a: Lunala|Moongeist Beam|p2b: Calyrex
|-damage|p2b: Calyrex|42/100
|move|p1b: Farigiraf|Psychic|p2b: Calyrex
|-damage|p2b: Calyrex|10/100
|move|p2b: Calyrex|Glacial Lance|p1b: Farigiraf|[spread] p1a,p1b
|-damage|p1a: Lunala|4/100
|-damage|p1b: Farigiraf|0 fnt
|faint|p1b: Farigiraf
|-ability|p2b: Calyrex|Chilling Neigh|boost
|-boost|p2b: Calyrex|atk|1
|
|-heal|p1a: Lunala|10/100|[from] item: Leftovers
|-heal|p2b: Calyrex|16/100|[from] item: Leftovers
|-damage|p1a: Lunala|0 fnt|[from] Leech Seed|[of] p2b: Calyrex
|-heal|p2b: Calyrex|26/100|[silent]
|faint|p1a: Lunala
|-fieldend|move: Electric Terrain
|upkeep
|
|t:|1750868281
|switch|p1a: Flutter Mane|Flutter Mane, L50|100/100
|turn|8
|
|t:|1750868285
|move|p2b: Calyrex|Protect|p2b: Calyrex
|-singleturn|p2b: Calyrex|Protect
|move|p1a: Flutter Mane|Moonblast|p2b: Calyrex
|-activate|p2b: Calyrex|move: Protect
|
|-heal|p2b: Calyrex|32/100|[from] item: Leftovers
|upkeep
|turn|9
|
|t:|1750868294
|move|p1a: Flutter Mane|Moonblast|p2b: Calyrex
|-damage|p2b: Calyrex|0 fnt
|faint|p2b: Calyrex
|
|win|NegaiFreak
|raw|NegaiFreak's rating: 1365 &rarr; <strong>1390</strong><br />(+25 for winning)
|raw|aires17's rating: 1451 &rarr; <strong>1426</strong><br />(-25 for losing)
|l|☆aires17
|player|p2|
|c|☆NegaiFreak|GG, WP
