|j|☆HecklerSupreme
|j|☆just_danyy
|t:|1750771107
|gametype|doubles
|player|p1|HecklerSupreme|170|1552
|player|p2|just_danyy|flannery|1442
|teamsize|p1|6
|teamsize|p2|6
|gen|9
|tier|[Gen 9] VGC 2025 Reg I
|rated|
|rule|Species Clause: Limit one of each Pokémon
|rule|Item Clause: Limit 1 of each item
|clearpoke
|poke|p1|Palkia, L50|
|poke|p1|Calyrex-Ice, L50|
|poke|p1|Smeargle, L50, F|
|poke|p1|Hitmontop, L50, M|
|poke|p1|Landorus, L50, M|
|poke|p1|Entei, L50|
|poke|p2|Calyrex-Ice, L50|
|poke|p2|Miraidon, L50|
|poke|p2|Urshifu-*, L50, F|
|poke|p2|Incineroar, L50, F|
|poke|p2|Landorus, L50, M|
|poke|p2|Whimsicott, L50, F|
|teampreview|4
|inactive|Battle timer is ON: inactive players will automatically lose when time's up. (requested by just_danyy)
|inactive|HecklerSupreme has 60 seconds left.
|inactive|just_danyy has 60 seconds left.
|
|t:|1750771148
|start
|switch|p1a: Smeargle|Smeargle, L50, F|100/100
|switch|p1b: Calyrex|Calyrex-Ice, L50|100/100
|switch|p2a: Tuonocollo|Miraidon, L50|100/100
|switch|p2b: Fuegro|Incineroar, L50, F|100/100
|-ability|p1b: Calyrex|As One
|-ability|p1b: Calyrex|Unnerve
|-fieldstart|move: Electric Terrain|[from] ability: Hadron Engine|[of] p2a: Tuonocollo
|-ability|p2b: Fuegro|Intimidate|boost
|-unboost|p1a: Smeargle|atk|1
|-fail|p1b: Calyrex|unboost|[from] item: Clear Amulet|[of] p1b: Calyrex
|turn|1
|inactive|just_danyy has 30 seconds left.
|
|t:|1750771179
|move|p1a: Smeargle|Fake Out|p2b: Fuegro
|-damage|p2b: Fuegro|97/100
|cant|p2b: Fuegro|flinch
|move|p2a: Tuonocollo|Volt Switch|p1a: Smeargle
|-enditem|p1a: Smeargle|Focus Sash
|-damage|p1a: Smeargle|1/100
|
|t:|1750771190
|switch|p2a: Bearman|Urshifu-Rapid-Strike, L50, F|100/100|[from] Volt Switch
|move|p1b: Calyrex|Glacial Lance|p2b: Fuegro|[spread] p2a,p2b
|-resisted|p2a: Bearman
|-resisted|p2b: Fuegro
|-damage|p2a: Bearman|70/100
|-damage|p2b: Fuegro|70/100
|
|-ability|p1a: Smeargle|Moody|boost
|-boost|p1a: Smeargle|def|2
|-unboost|p1a: Smeargle|spa|1
|upkeep
|turn|2
|
|t:|1750771211
|switch|p1a: Palkia|Palkia, L50|100/100
|-ability|p1a: Palkia|Pressure
|move|p2a: Bearman|Aqua Jet|p1a: Palkia
|-resisted|p1a: Palkia
|-crit|p1a: Palkia
|-damage|p1a: Palkia|90/100
|move|p2b: Fuegro|Knock Off|p1b: Calyrex
|-supereffective|p1b: Calyrex
|-damage|p1b: Calyrex|53/100
|-enditem|p1b: Calyrex|Clear Amulet|[from] move: Knock Off|[of] p2b: Fuegro
|move|p1b: Calyrex|High Horsepower|p2b: Fuegro
|-supereffective|p2b: Fuegro
|-damage|p2b: Fuegro|0 fnt
|faint|p2b: Fuegro
|-ability|p1b: Calyrex|Chilling Neigh|boost
|-boost|p1b: Calyrex|atk|1
|
|upkeep
|
|t:|1750771230
|switch|p2b: Tuonocollo|Miraidon, L50|100/100
|-activate|p2b: Tuonocollo|ability: Hadron Engine
|turn|3
|inactive|HecklerSupreme has 30 seconds left.
|
|t:|1750771259
|switch|p2a: Coso|Calyrex-Ice, L50|100/100
|-ability|p2a: Coso|As One
|-ability|p2a: Coso|Unnerve
|-terastallize|p2b: Tuonocollo|Fairy
|move|p1a: Palkia|Protect|p1a: Palkia
|-singleturn|p1a: Palkia|Protect
|move|p2b: Tuonocollo|Electro Drift|p1b: Calyrex
|-damage|p1b: Calyrex|0 fnt
|faint|p1b: Calyrex
|
|upkeep
|
|t:|1750771272
|switch|p1b: Smeargle|Smeargle, L50, F|1/100
|turn|4
|inactive|HecklerSupreme has 30 seconds left.
|
|t:|1750771297
|-terastallize|p1a: Palkia|Grass
|move|p1b: Smeargle|Fake Out|p2a: Coso
|-damage|p2a: Coso|97/100
|move|p2b: Tuonocollo|Electro Drift|p1a: Palkia
|-resisted|p1a: Palkia
|-damage|p1a: Palkia|37/100
|move|p1a: Palkia|Hydro Pump|p2b: Tuonocollo
|-damage|p2b: Tuonocollo|47/100
|cant|p2a: Coso|flinch
|
|-heal|p2a: Coso|100/100|[from] item: Leftovers
|-ability|p1b: Smeargle|Moody|boost
|-boost|p1b: Smeargle|spd|2
|-unboost|p1b: Smeargle|spa|1
|upkeep
|turn|5
|
|t:|1750771314
|switch|p2b: Bearman|Urshifu-Rapid-Strike, L50, F|70/100
|move|p1a: Palkia|Protect|p1a: Palkia
|-singleturn|p1a: Palkia|Protect
|move|p1b: Smeargle|Decorate|p1a: Palkia
|-boost|p1a: Palkia|atk|2
|-boost|p1a: Palkia|spa|2
|move|p2a: Coso|Glacial Lance|p1b: Smeargle|[spread] p1b
|-activate|p1a: Palkia|move: Protect
|-damage|p1b: Smeargle|0 fnt
|faint|p1b: Smeargle
|-ability|p2a: Coso|Chilling Neigh|boost
|-boost|p2a: Coso|atk|1
|
|-fieldend|move: Electric Terrain
|upkeep
|
|t:|1750771320
|switch|p1b: Entei|Entei, L50, shiny|100/100
|turn|6
|
|t:|1750771337
|move|p2a: Coso|Protect|p2a: Coso
|-singleturn|p2a: Coso|Protect
|move|p1b: Entei|Sacred Fire|p2a: Coso
|-activate|p2a: Coso|move: Protect
|move|p2b: Bearman|Surging Strikes|p1b: Entei
|-supereffective|p1b: Entei
|-crit|p1b: Entei
|-damage|p1b: Entei|39/100
|-supereffective|p1b: Entei
|-crit|p1b: Entei
|-damage|p1b: Entei|0 fnt
|faint|p1b: Entei
|-hitcount|p1: Entei|2
|move|p1a: Palkia|Spacial Rend|p2b: Bearman
|-damage|p2b: Bearman|0 fnt
|faint|p2b: Bearman
|
|upkeep
|-message|HecklerSupreme forfeited.
|
|win|just_danyy
|raw|HecklerSupreme's rating: 1552 &rarr; <strong>1526</strong><br />(-26 for losing)
|raw|just_danyy's rating: 1442 &rarr; <strong>1468</strong><br />(+26 for winning)
|l|☆HecklerSupreme
|player|p1|
|l|☆just_danyy
|player|p2|
