|j|☆Dakimakura69
|j|☆Azemon
|t:|1750769197
|gametype|doubles
|player|p1|Dakimakura69|cynthia|1491
|player|p2|Azemon|266|1428
|teamsize|p1|6
|teamsize|p2|6
|gen|9
|tier|[Gen 9] VGC 2025 Reg I
|rated|
|rule|Species Clause: Limit one of each Pokémon
|rule|Item Clause: Limit 1 of each item
|clearpoke
|poke|p1|Lunala, L50|
|poke|p1|Koraidon, L50|
|poke|p1|Flutter Mane, L50|
|poke|p1|Indeedee-F, L50, F|
|poke|p1|Ogerpon-Cornerstone, L50, F|
|poke|p1|Chi-Yu, L50|
|poke|p2|Kyogre, L50|
|poke|p2|Raichu, L50, M|
|poke|p2|Tornadus, L50, M|
|poke|p2|Farigiraf, L50, F|
|poke|p2|Sneasler, L50, F|
|poke|p2|Zacian-*, L50|
|teampreview|4
Dakimakura69 rejected open team sheets.
|c|☆Dakimakura69|oof first time for me with my new team against this matchup
|inactive|Battle timer is ON: inactive players will automatically lose when time's up. (requested by Azemon)
|
|t:|1750769267
|start
|switch|p1a: Lunala|Lunala, L50|100/100
|switch|p1b: Indeedee|Indeedee-F, L50, F|100/100
|switch|p2a: Zacian|Zacian-Crowned, L50|100/100
|switch|p2b: Farigiraf|Farigiraf, L50, F|100/100
|-ability|p2a: Zacian|Intrepid Sword|boost
|-boost|p2a: Zacian|atk|1
|-fieldstart|move: Psychic Terrain|[from] ability: Psychic Surge|[of] p1b: Indeedee
|turn|1
|inactive|Dakimakura69 has 30 seconds left.
|inactive|Dakimakura69 has 20 seconds left.
|inactive|Dakimakura69 has 15 seconds left.
|inactive|Dakimakura69 has 10 seconds left.
|inactive|Dakimakura69 has 5 seconds left.
|
|t:|1750769317
|switch|p1a: Koraidon|Koraidon, L50|100/100
|-weather|SunnyDay|[from] ability: Orichalcum Pulse|[of] p1a: Koraidon
|-activate|p1a: Koraidon|Orichalcum Pulse|[source]
|move|p1b: Indeedee|Follow Me|p1b: Indeedee
|-singleturn|p1b: Indeedee|move: Follow Me
|move|p2a: Zacian|Behemoth Blade|p1b: Indeedee
|-damage|p1b: Indeedee|24/100
|-damage|p2a: Zacian|84/100|[from] item: Rocky Helmet|[of] p1b: Indeedee
|move|p2b: Farigiraf|Imprison|p2b: Farigiraf
|-start|p2b: Farigiraf|move: Imprison
|
|-weather|SunnyDay|[upkeep]
|upkeep
|turn|2
|inactive|Dakimakura69 has 30 seconds left.
|inactive|Dakimakura69 has 20 seconds left.
|inactive|Dakimakura69 has 15 seconds left.
|
|t:|1750769361
|-terastallize|p1a: Koraidon|Fire
|move|p2a: Zacian|Protect|p2a: Zacian
|-singleturn|p2a: Zacian|Protect
|move|p1b: Indeedee|Follow Me|p1b: Indeedee
|-singleturn|p1b: Indeedee|move: Follow Me
|move|p1a: Koraidon|Close Combat|p2b: Farigiraf
|-damage|p2b: Farigiraf|13/100
|-unboost|p1a: Koraidon|def|1
|-unboost|p1a: Koraidon|spd|1
|-damage|p1a: Koraidon|91/100|[from] item: Life Orb
|move|p2b: Farigiraf|Psychic Noise|p1b: Indeedee
|-resisted|p1b: Indeedee
|-damage|p1b: Indeedee|7/100
|-start|p1b: Indeedee|move: Heal Block
|
|-weather|SunnyDay|[upkeep]
|upkeep
|turn|3
|inactive|Dakimakura69 has 30 seconds left.
|inactive|Azemon has 30 seconds left.
|inactive|Azemon has 20 seconds left.
|
|t:|1750769396
|switch|p2a: Sneasler|Sneasler, L50, F|100/100
|move|p1b: Indeedee|Follow Me|p1b: Indeedee
|-singleturn|p1b: Indeedee|move: Follow Me
|move|p1a: Koraidon|Flare Blitz|p2a: Sneasler
|-enditem|p2a: Sneasler|Focus Sash
|-damage|p2a: Sneasler|1/100
|-damage|p1a: Koraidon|65/100|[from] Recoil
|-damage|p1a: Koraidon|56/100|[from] item: Life Orb
|move|p2b: Farigiraf|Psychic Noise|p1b: Indeedee
|-resisted|p1b: Indeedee
|-damage|p1b: Indeedee|0 fnt
|faint|p1b: Indeedee
|
|-weather|SunnyDay|[upkeep]
|upkeep
|
|t:|1750769420
|switch|p1b: Lunala|Lunala, L50|100/100
|turn|4
|
|t:|1750769445
|switch|p1a: Ogerpon|Ogerpon-Cornerstone, L50, F|100/100
|move|p2b: Farigiraf|Protect|p2b: Farigiraf
|-singleturn|p2b: Farigiraf|Protect
|move|p2a: Sneasler|Dire Claw|p1b: Lunala
|-resisted|p1b: Lunala
|-damage|p1b: Lunala|90/100
|-status|p1b: Lunala|par
|move|p1b: Lunala|Expanding Force|p2a: Sneasler|[spread] p2a
|-activate|p2b: Farigiraf|move: Protect
|-supereffective|p2a: Sneasler
|-damage|p2a: Sneasler|0 fnt
|faint|p2a: Sneasler
|
|-weather|SunnyDay|[upkeep]
|upkeep
|
|t:|1750769462
|switch|p2a: Kyogre|Kyogre, L50|100/100
|-weather|RainDance|[from] ability: Drizzle|[of] p2a: Kyogre
|turn|5
|
|t:|1750769482
|-terastallize|p2a: Kyogre|Water
|move|p2a: Kyogre|Hydro Pump|p1b: Lunala
|-damage|p1b: Lunala|0 fnt
|faint|p1b: Lunala
|move|p1a: Ogerpon|Power Whip|p2a: Kyogre
|-supereffective|p2a: Kyogre
|-damage|p2a: Kyogre|0 fnt
|faint|p2a: Kyogre
|move|p2b: Farigiraf|Psychic Noise|p1a: Ogerpon
|-damage|p1a: Ogerpon|54/100
|-start|p1a: Ogerpon|move: Heal Block
|
|-weather|RainDance|[upkeep]
|-fieldend|move: Psychic Terrain
|upkeep
|
|t:|1750769498
|switch|p1b: Koraidon|Koraidon, L50, tera:Fire|56/100
|switch|p2a: Zacian|Zacian-Crowned, L50|84/100
|-weather|SunnyDay|[from] ability: Orichalcum Pulse|[of] p1b: Koraidon
|-activate|p1b: Koraidon|Orichalcum Pulse|[source]
|turn|6
|inactive|Dakimakura69 has 30 seconds left.
|inactive|Azemon has 30 seconds left.
|inactive|Dakimakura69 has 20 seconds left.
|inactive|Azemon has 20 seconds left.
|
|t:|1750769539
|move|p1a: Ogerpon|Follow Me|p1a: Ogerpon
|-singleturn|p1a: Ogerpon|move: Follow Me
|move|p2a: Zacian|Play Rough|p1a: Ogerpon
|-damage|p1a: Ogerpon|0 fnt
|faint|p1a: Ogerpon
|move|p1b: Koraidon|Flare Blitz|p2a: Zacian
|-supereffective|p2a: Zacian
|-damage|p2a: Zacian|0 fnt
|faint|p2a: Zacian
|-damage|p1b: Koraidon|28/100|[from] Recoil
|-damage|p1b: Koraidon|18/100|[from] item: Life Orb
|move|p2b: Farigiraf|Trick Room|p2b: Farigiraf
|-fieldstart|move: Trick Room|[of] p2b: Farigiraf
|
|-weather|SunnyDay|[upkeep]
|upkeep
|turn|7
|
|t:|1750769555
|move|p2b: Farigiraf|Psychic Noise|p1b: Koraidon
|-damage|p1b: Koraidon|0 fnt
|faint|p1b: Koraidon
|
|win|Azemon
|raw|Dakimakura69's rating: 1491 &rarr; <strong>1467</strong><br />(-24 for losing)
|raw|Azemon's rating: 1428 &rarr; <strong>1452</strong><br />(+24 for winning)
|c|☆Dakimakura69|gg
|l|☆Dakimakura69
|player|p1|
|l|☆Azemon
|player|p2|
