|j|☆phalap
|j|☆happidoodledoo
|t:|1750721540
|gametype|doubles
|player|p1|phalap|lucas-gen4pt|1586
|player|p2|happidoodledoo|ghetsis|1716
|teamsize|p1|6
|teamsize|p2|6
|gen|9
|tier|[Gen 9] VGC 2025 Reg I
|rated|
|rule|Species Clause: Limit one of each Pokémon
|rule|Item Clause: Limit 1 of each item
|clearpoke
|poke|p1|Miraidon, L50|
|poke|p1|Calyrex-Ice, L50|
|poke|p1|Incineroar, L50, M|
|poke|p1|Farigiraf, L50, F|
|poke|p1|Urshifu-*, L50, M|
|poke|p1|Landorus, L50, M|
|poke|p2|Indeedee-F, L50, F|
|poke|p2|Zamazenta-*, L50|
|poke|p2|Sinistcha, L50|
|poke|p2|Landorus-Therian, L50, M|
|poke|p2|Tornadus, L50, M|
|poke|p2|Lunala, L50|
|teampreview|4
|inactive|Battle timer is ON: inactive players will automatically lose when time's up. (requested by phalap)
|inactive|happidoodledoo has 60 seconds left.
|
|t:|1750721578
|start
|switch|p1a: Urshifu|Urshifu-Rapid-Strike, L50, M|100/100
|switch|p1b: Incineroar|Incineroar, L50, M|100/100
|switch|p2a: Zamazenta|Zamazenta-Crowned, L50|100/100
|switch|p2b: Landorus|Landorus-Therian, L50, M|100/100
|-ability|p2b: Landorus|Intimidate|boost
|-unboost|p1a: Urshifu|atk|1
|-unboost|p1b: Incineroar|atk|1
|-ability|p2a: Zamazenta|Dauntless Shield|boost
|-boost|p2a: Zamazenta|def|1
|-ability|p1b: Incineroar|Intimidate|boost
|-unboost|p2a: Zamazenta|atk|1
|-unboost|p2b: Landorus|atk|1
|turn|1
|inactive|happidoodledoo has 30 seconds left.
|inactive|happidoodledoo has 20 seconds left.
|
|t:|1750721613
|move|p1b: Incineroar|Fake Out|p2a: Zamazenta
|-resisted|p2a: Zamazenta
|-damage|p2a: Zamazenta|99/100
|move|p2b: Landorus|Stomping Tantrum|p1a: Urshifu
|-damage|p1a: Urshifu|74/100
|move|p1a: Urshifu|Surging Strikes|p2b: Landorus
|-supereffective|p2b: Landorus
|-crit|p2b: Landorus
|-damage|p2b: Landorus|55/100
|-supereffective|p2b: Landorus
|-crit|p2b: Landorus
|-damage|p2b: Landorus|2/100
|-supereffective|p2b: Landorus
|-crit|p2b: Landorus
|-damage|p2b: Landorus|0 fnt
|faint|p2b: Landorus
|-hitcount|p2: Landorus|3
|cant|p2a: Zamazenta|flinch
|
|upkeep
|
|t:|1750721624
|switch|p2b: Lunala|Lunala, L50|100/100
|turn|2
|inactive|happidoodledoo has 30 seconds left.
|j| skaterboi21
|
|t:|1750721652
|-terastallize|p2a: Zamazenta|Grass
|-terastallize|p1b: Incineroar|Bug
|move|p1a: Urshifu|Surging Strikes|p2b: Lunala
|-crit|p2b: Lunala
|-damage|p2b: Lunala|91/100
|-crit|p2b: Lunala
|-damage|p2b: Lunala|74/100
|-crit|p2b: Lunala
|-damage|p2b: Lunala|59/100
|-hitcount|p2b: Lunala|3
|move|p2a: Zamazenta|Body Press|p1b: Incineroar
|-resisted|p1b: Incineroar
|-damage|p1b: Incineroar|76/100
|move|p2b: Lunala|Moongeist Beam|p1a: Urshifu
|-damage|p1a: Urshifu|0 fnt
|faint|p1a: Urshifu
|move|p1b: Incineroar|Knock Off|p2b: Lunala
|-supereffective|p2b: Lunala
|-damage|p2b: Lunala|0 fnt
|-enditem|p2b: Lunala|Covert Cloak|[from] move: Knock Off|[of] p1b: Incineroar
|faint|p2b: Lunala
|
|upkeep
|
|t:|1750721673
|switch|p1a: Calyrex|Calyrex-Ice, L50|100/100
|switch|p2b: sinistchouameni|Sinistcha, L50|100/100
|-ability|p1a: Calyrex|As One
|-ability|p1a: Calyrex|Unnerve
|-heal|p2a: Zamazenta|100/100|[from] ability: Hospitality|[of] p2b: sinistchouameni
|turn|3
|l| skaterboi21
|inactive|happidoodledoo has 30 seconds left.
|
|t:|1750721708
|move|p2a: Zamazenta|Iron Defense|p2a: Zamazenta
|-boost|p2a: Zamazenta|def|2
|move|p2b: sinistchouameni|Matcha Gotcha|p1a: Calyrex|[spread] p1a,p1b
|-crit|p1a: Calyrex
|-resisted|p1b: Incineroar
|-damage|p1a: Calyrex|80/100
|-damage|p1b: Incineroar|69/100
|move|p1b: Incineroar|Knock Off|p2b: sinistchouameni
|-supereffective|p2b: sinistchouameni
|-damage|p2b: sinistchouameni|53/100
|-enditem|p2b: sinistchouameni|Eject Button|[from] move: Knock Off|[of] p1b: Incineroar
|move|p1a: Calyrex|Glacial Lance|p2b: sinistchouameni|[spread] p2a,p2b
|-supereffective|p2a: Zamazenta
|-supereffective|p2b: sinistchouameni
|-damage|p2a: Zamazenta|78/100
|-damage|p2b: sinistchouameni|0 fnt
|faint|p2b: sinistchouameni
|-ability|p1a: Calyrex|Chilling Neigh|boost
|-boost|p1a: Calyrex|atk|1
|
|-heal|p1a: Calyrex|86/100|[from] item: Leftovers
|upkeep
|turn|4
|
|t:|1750721722
|move|p2a: Zamazenta|Iron Defense|p2a: Zamazenta
|-boost|p2a: Zamazenta|def|2
|move|p1b: Incineroar|U-turn|p2a: Zamazenta
|-supereffective|p2a: Zamazenta
|-damage|p2a: Zamazenta|71/100
|
|t:|1750721725
|switch|p1b: Miraidon|Miraidon, L50|100/100|[from] U-turn
|-fieldstart|move: Electric Terrain|[from] ability: Hadron Engine|[of] p1b: Miraidon
|move|p1a: Calyrex|Glacial Lance|p2a: Zamazenta
|-supereffective|p2a: Zamazenta
|-damage|p2a: Zamazenta|41/100
|
|-heal|p1a: Calyrex|91/100|[from] item: Leftovers
|upkeep
|turn|5
|
|t:|1750721740
|move|p2a: Zamazenta|Body Press|p1b: Miraidon
|-damage|p1b: Miraidon|0 fnt
|faint|p1b: Miraidon
|move|p1a: Calyrex|Glacial Lance|p2a: Zamazenta
|-supereffective|p2a: Zamazenta
|-damage|p2a: Zamazenta|5/100
|
|-heal|p1a: Calyrex|97/100|[from] item: Leftovers
|upkeep
|
|t:|1750721748
|switch|p1b: Incineroar|Incineroar, L50, M, tera:Bug|69/100
|-ability|p1b: Incineroar|Intimidate|boost
|-unboost|p2a: Zamazenta|atk|1
|turn|6
|-message|happidoodledoo forfeited.
|
|win|phalap
|raw|phalap's rating: 1586 &rarr; <strong>1613</strong><br />(+27 for winning)
|raw|happidoodledoo's rating: 1716 &rarr; <strong>1689</strong><br />(-27 for losing)
|l|☆happidoodledoo
|player|p2|
|l|☆phalap
|player|p1|
