|j|☆Troller313
|j|☆Miu-7
|t:|1750860643
|gametype|doubles
|player|p1|Troller313|lucas-gen4pt|1333
|player|p2|Miu-7|elesa|1303
|teamsize|p1|6
|teamsize|p2|6
|gen|9
|tier|[Gen 9] VGC 2025 Reg I
|rated|
|rule|Species Clause: Limit one of each Pokémon
|rule|Item Clause: Limit 1 of each item
|clearpoke
|poke|p1|Rhydon, L50, M|
|poke|p1|Ho-Oh, L50|
|poke|p1|Suicune, L50|
|poke|p1|Grimmsnarl, L50, M|
|poke|p1|Eternatus, L50|
|poke|p1|Ogerpon-Wellspring, L50, F|
|poke|p2|Koraidon, L50|
|poke|p2|Calyrex-Shadow, L50|
|poke|p2|Indeedee-F, L50, F|
|poke|p2|Chi-Yu, L50|
|poke|p2|Amoonguss, L50, F|
|poke|p2|Whimsicott, L50, F|
|teampreview|4
Miu-7 has agreed to open team sheets.
|
|t:|1750860707
|start
|switch|p1a: Ho-Oh|Ho-Oh, L50|100/100
|switch|p1b: Suicune|Suicune, L50|100/100
|switch|p2a: Ramón y Cajal|Calyrex-Shadow, L50|100/100
|switch|p2b: Estefanía|Indeedee-F, L50, F|100/100
|-ability|p2a: Ramón y Cajal|As One
|-ability|p2a: Ramón y Cajal|Unnerve
|-fieldstart|move: Psychic Terrain|[from] ability: Psychic Surge|[of] p2b: Estefanía
|turn|1
|
|t:|1750860737
|move|p2b: Estefanía|Helping Hand|p2a: Ramón y Cajal
|-singleturn|p2a: Ramón y Cajal|Helping Hand|[of] p2b: Estefanía
|move|p1a: Ho-Oh|Protect|p1a: Ho-Oh
|-singleturn|p1a: Ho-Oh|Protect
|move|p2a: Ramón y Cajal|Expanding Force|p1a: Ho-Oh|[spread] p1b
|-activate|p1a: Ho-Oh|move: Protect
|-damage|p1b: Suicune|8/100
|move|p1b: Suicune|Snarl|p2b: Estefanía|[spread] p2a,p2b
|-supereffective|p2a: Ramón y Cajal
|-supereffective|p2b: Estefanía
|-crit|p2b: Estefanía
|-damage|p2a: Ramón y Cajal|64/100
|-damage|p2b: Estefanía|75/100
|-unboost|p2a: Ramón y Cajal|spa|1
|-unboost|p2b: Estefanía|spa|1
|
|upkeep
|turn|2
|
|t:|1750860760
|switch|p1b: Grimmsnarl|Grimmsnarl, L50, M|100/100
|move|p2b: Estefanía|Helping Hand|p2a: Ramón y Cajal
|-singleturn|p2a: Ramón y Cajal|Helping Hand|[of] p2b: Estefanía
|move|p2a: Ramón y Cajal|Expanding Force|p1a: Ho-Oh|[spread] p1a
|-immune|p1b: Grimmsnarl
|-damage|p1a: Ho-Oh|36/100
|move|p1a: Ho-Oh|Sacred Fire|p2a: Ramón y Cajal
|-damage|p2a: Ramón y Cajal|8/100
|-status|p2a: Ramón y Cajal|brn
|
|-heal|p1a: Ho-Oh|42/100|[from] item: Leftovers
|-damage|p2a: Ramón y Cajal|3/100 brn|[from] brn
|upkeep
|turn|3
|
|t:|1750860789
|switch|p2a: Trans rights|Amoonguss, L50, F|100/100
|move|p1a: Ho-Oh|Protect|p1a: Ho-Oh
|-singleturn|p1a: Ho-Oh|Protect
|move|p1b: Grimmsnarl|Light Screen|p1b: Grimmsnarl
|-sidestart|p1: Troller313|move: Light Screen
|move|p2b: Estefanía|Psychic|p1a: Ho-Oh
|-activate|p1a: Ho-Oh|move: Protect
|
|-heal|p1a: Ho-Oh|48/100|[from] item: Leftovers
|upkeep
|turn|4
|
|t:|1750860816
|switch|p1b: Suicune|Suicune, L50|8/100
|move|p2b: Estefanía|Follow Me|p2b: Estefanía
|-singleturn|p2b: Estefanía|move: Follow Me
|move|p1a: Ho-Oh|Substitute|p1a: Ho-Oh
|-start|p1a: Ho-Oh|Substitute
|-damage|p1a: Ho-Oh|23/100
|move|p2a: Trans rights|Spore||[still]
|-fail|p2a: Trans rights
|
|-heal|p1a: Ho-Oh|29/100|[from] item: Leftovers
|upkeep
|turn|5
|
|t:|1750860836
|move|p1b: Suicune|Icy Wind|p2a: Trans rights|[spread] p2a,p2b
|-supereffective|p2a: Trans rights
|-crit|p2b: Estefanía
|-damage|p2a: Trans rights|90/100
|-damage|p2b: Estefanía|63/100
|-unboost|p2a: Trans rights|spe|1
|-unboost|p2b: Estefanía|spe|1
|move|p1a: Ho-Oh|Sacred Fire|p2a: Trans rights
|-supereffective|p2a: Trans rights
|-damage|p2a: Trans rights|0 fnt
|faint|p2a: Trans rights
|move|p2b: Estefanía|Psychic|p1a: Ho-Oh
|-activate|p1a: Ho-Oh|move: Substitute|[damage]
|
|-heal|p1a: Ho-Oh|36/100|[from] item: Leftovers
|-fieldend|move: Psychic Terrain
|upkeep
|
|t:|1750860847
|switch|p2a: Ramón y Cajal|Calyrex-Shadow, L50|3/100 brn
|-ability|p2a: Ramón y Cajal|As One
|-ability|p2a: Ramón y Cajal|Unnerve
|turn|6
|
|t:|1750860864
|switch|p1b: Grimmsnarl|Grimmsnarl, L50, M|100/100
|switch|p2b: Garou|Koraidon, L50|100/100
|-weather|SunnyDay|[from] ability: Orichalcum Pulse|[of] p2b: Garou
|-activate|p2b: Garou|Orichalcum Pulse|[source]
|move|p1a: Ho-Oh|Protect|p1a: Ho-Oh
|-singleturn|p1a: Ho-Oh|Protect
|move|p2a: Ramón y Cajal|Astral Barrage|p1b: Grimmsnarl|[spread] p1b
|-activate|p1a: Ho-Oh|move: Protect
|-resisted|p1b: Grimmsnarl
|-damage|p1b: Grimmsnarl|75/100
|
|-weather|SunnyDay|[upkeep]
|-heal|p1a: Ho-Oh|42/100|[from] item: Leftovers
|-damage|p2a: Ramón y Cajal|0 fnt|[from] brn
|faint|p2a: Ramón y Cajal
|upkeep
|
|t:|1750860873
|switch|p2a: Estefanía|Indeedee-F, L50, F|63/100
|-fieldstart|move: Psychic Terrain|[from] ability: Psychic Surge|[of] p2a: Estefanía
|turn|7
|
|t:|1750860900
|move|p2a: Estefanía|Helping Hand|p2b: Garou
|-singleturn|p2b: Garou|Helping Hand|[of] p2a: Estefanía
|move|p1b: Grimmsnarl|Reflect|p1b: Grimmsnarl
|-sidestart|p1: Troller313|Reflect
|move|p2b: Garou|Collision Course|p1b: Grimmsnarl
|-damage|p1b: Grimmsnarl|10/100
|move|p1a: Ho-Oh|Brave Bird|p2b: Garou
|-supereffective|p2b: Garou
|-damage|p2b: Garou|14/100
|-damage|p1a: Ho-Oh|18/100|[from] Recoil
|
|-weather|SunnyDay|[upkeep]
|-heal|p1a: Ho-Oh|24/100|[from] item: Leftovers
|-sideend|p1: Troller313|move: Light Screen
|upkeep
|turn|8
|-message|Miu-7 forfeited.
|
|win|Troller313
|raw|Troller313's rating: 1333 &rarr; <strong>1351</strong><br />(+18 for winning)
|raw|Miu-7's rating: 1303 &rarr; <strong>1285</strong><br />(-18 for losing)
|l|☆Miu-7
|player|p2|
|l|☆Troller313
|player|p1|
