|j|☆Shagrathisbeast
|j|☆jjkko
|t:|1750730898
|gametype|doubles
|player|p1|Shagrathisbeast|steven|1570
|player|p2|jjkko|1|1504
|teamsize|p1|6
|teamsize|p2|6
|gen|9
|tier|[Gen 9] VGC 2025 Reg I
|rated|
|rule|Species Clause: Limit one of each Pokémon
|rule|Item Clause: Limit 1 of each item
|clearpoke
|poke|p1|Groudon, L50|
|poke|p1|Farigiraf, L50, M|
|poke|p1|Miraidon, L50|
|poke|p1|Volcarona, L50, M|
|poke|p1|Iron Valiant, L50|
|poke|p1|Flutter Mane, L50|
|poke|p2|Miraidon, L50|
|poke|p2|Calyrex-Ice, L50|
|poke|p2|Incineroar, L50, M|
|poke|p2|Appletun, L50, M|
|poke|p2|Urshifu-*, L50, M|
|poke|p2|Iron Moth, L50|
|teampreview|4
|inactive|Battle timer is ON: inactive players will automatically lose when time's up. (requested by jjkko)
|
|t:|1750730942
|start
|switch|p1a: Flutter Mane|Flutter Mane, L50, shiny|100/100
|switch|p1b: Groudon|Groudon, L50, shiny|100/100
|switch|p2a: Iron Moth|Iron Moth, L50|100/100
|switch|p2b: Calyrex|Calyrex-Ice, L50|100/100
|-ability|p2b: Calyrex|As One
|-ability|p2b: Calyrex|Unnerve
|-weather|SunnyDay|[from] ability: Drought|[of] p1b: Groudon
|-activate|p1a: Flutter Mane|ability: Protosynthesis
|-start|p1a: Flutter Mane|protosynthesisspe
|turn|1
|
|t:|1750730963
|-terastallize|p1b: Groudon|Water
|-terastallize|p2b: Calyrex|Fire
|move|p2a: Iron Moth|Protect|p2a: Iron Moth
|-singleturn|p2a: Iron Moth|Protect
|move|p1a: Flutter Mane|Shadow Ball|p2b: Calyrex
|-crit|p2b: Calyrex
|-damage|p2b: Calyrex|57/100
|move|p1b: Groudon|Precipice Blades|p2a: Iron Moth|[spread] p2b
|-activate|p2a: Iron Moth|move: Protect
|-supereffective|p2b: Calyrex
|-damage|p2b: Calyrex|0 fnt
|faint|p2b: Calyrex
|
|-weather|SunnyDay|[upkeep]
|upkeep
|
|t:|1750730976
|switch|p2b: Miraidon|Miraidon, L50|100/100
|-fieldstart|move: Electric Terrain|[from] ability: Hadron Engine|[of] p2b: Miraidon
|-activate|p2a: Iron Moth|ability: Quark Drive
|-start|p2a: Iron Moth|quarkdrivespe
|turn|2
|
|t:|1750730995
|move|p1a: Flutter Mane|Protect|p1a: Flutter Mane
|-singleturn|p1a: Flutter Mane|Protect
|move|p2a: Iron Moth|Fiery Dance|p1a: Flutter Mane
|-activate|p1a: Flutter Mane|move: Protect
|move|p2b: Miraidon|Electro Drift|p1b: Groudon
|-supereffective|p1b: Groudon
|-damage|p1b: Groudon|0 fnt
|faint|p1b: Groudon
|
|-weather|SunnyDay|[upkeep]
|upkeep
|
|t:|1750731011
|switch|p1b: Miraidon|Miraidon, L50|100/100
|-activate|p1b: Miraidon|ability: Hadron Engine
|turn|3
|
|t:|1750731031
|switch|p2b: Appletun|Appletun, L50, M|100/100
|move|p1a: Flutter Mane|Moonblast|p2b: Appletun
|-supereffective|p2b: Appletun
|-damage|p2b: Appletun|19/100
|move|p2a: Iron Moth|Fiery Dance|p1a: Flutter Mane
|-damage|p1a: Flutter Mane|42/100
|move|p1b: Miraidon|Electro Drift|p2a: Iron Moth
|-damage|p2a: Iron Moth|0 fnt
|faint|p2a: Iron Moth
|-end|p2a: Iron Moth|Quark Drive|[silent]
|
|-weather|SunnyDay|[upkeep]
|-heal|p2b: Appletun|25/100|[from] item: Leftovers
|upkeep
|
|t:|1750731039
|switch|p2a: Miraidon|Miraidon, L50|100/100
|-activate|p2a: Miraidon|ability: Hadron Engine
|turn|4
|
|t:|1750731055
|switch|p1b: Iron Valiant|Iron Valiant, L50, shiny|100/100
|-activate|p1b: Iron Valiant|ability: Quark Drive
|-start|p1b: Iron Valiant|quarkdrivespe
|move|p1a: Flutter Mane|Moonblast|p2a: Miraidon
|-supereffective|p2a: Miraidon
|-damage|p2a: Miraidon|19/100
|move|p2a: Miraidon|Dazzling Gleam|p1a: Flutter Mane|[spread] p1a,p1b
|-supereffective|p1b: Iron Valiant
|-damage|p1a: Flutter Mane|4/100
|-damage|p1b: Iron Valiant|0 fnt
|faint|p1b: Iron Valiant
|-end|p1b: Iron Valiant|Quark Drive|[silent]
|move|p2b: Appletun|Leech Seed|p1a: Flutter Mane
|-start|p1a: Flutter Mane|move: Leech Seed
|
|-weather|SunnyDay|[upkeep]
|-heal|p2b: Appletun|31/100|[from] item: Leftovers
|-damage|p1a: Flutter Mane|0 fnt|[from] Leech Seed|[of] p2b: Appletun
|-heal|p2b: Appletun|34/100|[silent]
|faint|p1a: Flutter Mane
|-end|p1a: Flutter Mane|Protosynthesis|[silent]
|upkeep
|
|t:|1750731067
|switch|p1b: Miraidon|Miraidon, L50|100/100
|-activate|p1b: Miraidon|ability: Hadron Engine
|turn|5
|
|t:|1750731071
|move|p2b: Appletun|Sucker Punch|p1b: Miraidon
|-damage|p1b: Miraidon|87/100
|move|p2a: Miraidon|Dazzling Gleam|p1b: Miraidon
|-supereffective|p1b: Miraidon
|-damage|p1b: Miraidon|0 fnt
|faint|p1b: Miraidon
|
|win|jjkko
|raw|Shagrathisbeast's rating: 1570 &rarr; <strong>1546</strong><br />(-24 for losing)
|raw|jjkko's rating: 1504 &rarr; <strong>1528</strong><br />(+24 for winning)
|l|☆jjkko
|player|p2|
|l|☆Shagrathisbeast
|player|p1|
