|j|☆nico_Kaiser
|j|☆nicofast1
|t:|1750769149
|gametype|doubles
|player|p1|nico_Kaiser|pryce|1292
|player|p2|nicofast1|benga|1301
|teamsize|p1|6
|teamsize|p2|6
|gen|9
|tier|[Gen 9] VGC 2025 Reg I
|rated|
|rule|Species Clause: Limit one of each Pokémon
|rule|Item Clause: Limit 1 of each item
|clearpoke
|poke|p1|Tornadus, L50, M|
|poke|p1|Dragonite, L50, M|
|poke|p1|Zacian-*, L50|
|poke|p1|Eternatus, L50|
|poke|p1|Palafin, L50, F|
|poke|p1|Landorus-Therian, L50, M|
|poke|p2|Urshifu-*, L50, F|
|poke|p2|Rillaboom, L50, M|
|poke|p2|Calyrex-Shadow, L50|
|poke|p2|Zamazenta-*, L50|
|poke|p2|Incineroar, L50, M|
|poke|p2|Ogerpon-Cornerstone, L50, F|
|teampreview|4
|inactive|Battle timer is ON: inactive players will automatically lose when time's up. (requested by nicofast1)
|inactive|nicofast1 has 60 seconds left.
|l|☆nicofast1
|inactive|nicofast1 disconnected and has a minute to reconnect!
|player|p2|
|inactive|nicofast1 has 30 seconds left.
|j|☆nicofast1
|inactive|nicofast1 reconnected and has 30 seconds left.
|player|p2|nicofast1|benga|
|inactive|nicofast1 has 20 seconds left.
|inactive|nicofast1 has 15 seconds left.
|inactive|nicofast1 has 10 seconds left.
|
|t:|1750769239
|start
|switch|p1a: Tornadus|Tornadus, L50, M|100/100
|switch|p1b: Palafin|Palafin, L50, F|100/100
|switch|p2a: Calyrex|Calyrex-Shadow, L50|100/100
|switch|p2b: Incineroar|Incineroar, L50, M|100/100
|-ability|p2a: Calyrex|As One
|-ability|p2a: Calyrex|Unnerve
|-ability|p2b: Incineroar|Intimidate|boost
|-unboost|p1a: Tornadus|atk|1
|-unboost|p1b: Palafin|atk|1
|turn|1
|l|☆nicofast1
|inactive|nicofast1 disconnected and has a minute to reconnect!
|player|p2|
|j|☆nicofast1
|inactive|nicofast1 reconnected and has 45 seconds left.
|player|p2|nicofast1|benga|
|inactive|nicofast1 has 30 seconds left.
|
|t:|1750769268
|detailschange|p1b: Palafin|Palafin-Hero, L50, F
|switch|p1b: Dragonite|Dragonite, L50, M|100/100
|-terastallize|p2a: Calyrex|Dark
|move|p2b: Incineroar|Fake Out|p1b: Dragonite
|-damage|p1b: Dragonite|89/100
|move|p1a: Tornadus|Tailwind|p1a: Tornadus
|-sidestart|p1: nico_Kaiser|move: Tailwind
|move|p2a: Calyrex|Nasty Plot|p2a: Calyrex
|-boost|p2a: Calyrex|spa|2
|
|upkeep
|turn|2
|inactive|nico_Kaiser has 30 seconds left.
|
|t:|1750769294
|-terastallize|p1b: Dragonite|Normal
|move|p2a: Calyrex|Protect|p2a: Calyrex
|-singleturn|p2a: Calyrex|Protect
|move|p1b: Dragonite|Extreme Speed|p2a: Calyrex
|-activate|p2a: Calyrex|move: Protect
|move|p1a: Tornadus|Leer|p2a: Calyrex|[spread] 
|-activate|p2a: Calyrex|move: Protect
|-hint|Since gen 7, Dark is immune to Prankster moves.
|-immune|p2b: Incineroar
|move|p2b: Incineroar|Will-O-Wisp|p1b: Dragonite
|-status|p1b: Dragonite|brn
|
|-damage|p1b: Dragonite|83/100 brn|[from] brn
|upkeep
|turn|3
|inactive|nicofast1 has 30 seconds left.
|
|t:|1750769325
|move|p1b: Dragonite|Extreme Speed|p2a: Calyrex
|-damage|p2a: Calyrex|54/100
|move|p1a: Tornadus|Leer|p2a: Calyrex|[spread] 
|-hint|Since gen 7, Dark is immune to Prankster moves.
|-immune|p2a: Calyrex
|-hint|Since gen 7, Dark is immune to Prankster moves.
|-immune|p2b: Incineroar
|move|p2a: Calyrex|Psychic|p1b: Dragonite
|-damage|p1b: Dragonite|0 fnt
|faint|p1b: Dragonite
|-ability|p2a: Calyrex|Grim Neigh|boost
|-boost|p2a: Calyrex|spa|1
|move|p2b: Incineroar|Knock Off|p1a: Tornadus
|-damage|p1a: Tornadus|52/100
|-enditem|p1a: Tornadus|Covert Cloak|[from] move: Knock Off|[of] p2b: Incineroar
|
|upkeep
|
|t:|1750769333
|switch|p1b: Palafin|Palafin-Hero, L50, F|100/100
|-activate|p1b: Palafin|ability: Zero to Hero
|turn|4
|
|t:|1750769353
|move|p2a: Calyrex|Protect|p2a: Calyrex
|-singleturn|p2a: Calyrex|Protect
|move|p1a: Tornadus|Bleakwind Storm|p2a: Calyrex|[spread] p2b
|-activate|p2a: Calyrex|move: Protect
|-damage|p2b: Incineroar|67/100
|move|p1b: Palafin|Drain Punch|p2a: Calyrex
|-activate|p2a: Calyrex|move: Protect
|move|p2b: Incineroar|Parting Shot|p1b: Palafin
|-unboost|p1b: Palafin|atk|1
|-unboost|p1b: Palafin|spa|1
|
|t:|1750769366
|switch|p2b: Urshifu|Urshifu-Rapid-Strike, L50, F|100/100|[from] Parting Shot
|
|-sideend|p1: nico_Kaiser|move: Tailwind
|upkeep
|turn|5
|
|t:|1750769384
|switch|p2a: Incineroar|Incineroar, L50, M|67/100
|-ability|p2a: Incineroar|Intimidate|boost
|-unboost|p1a: Tornadus|atk|1
|-unboost|p1b: Palafin|atk|1
|move|p1a: Tornadus|Tailwind|p1a: Tornadus
|-sidestart|p1: nico_Kaiser|move: Tailwind
|move|p1b: Palafin|Drain Punch|p2a: Incineroar
|-supereffective|p2a: Incineroar
|-damage|p2a: Incineroar|41/100
|move|p2b: Urshifu|Surging Strikes|p1a: Tornadus
|-crit|p1a: Tornadus
|-damage|p1a: Tornadus|23/100
|-crit|p1a: Tornadus
|-damage|p1a: Tornadus|0 fnt
|faint|p1a: Tornadus
|-hitcount|p1: Tornadus|2
|
|upkeep
|
|t:|1750769394
|switch|p1a: Zacian|Zacian-Crowned, L50|100/100
|-ability|p1a: Zacian|Intrepid Sword|boost
|-boost|p1a: Zacian|atk|1
|turn|6
|
|t:|1750769412
|switch|p2a: Zamazenta|Zamazenta-Crowned, L50|100/100
|-ability|p2a: Zamazenta|Dauntless Shield|boost
|-boost|p2a: Zamazenta|def|1
|move|p1a: Zacian|Play Rough|p2b: Urshifu
|-supereffective|p2b: Urshifu
|-damage|p2b: Urshifu|0 fnt
|faint|p2b: Urshifu
|move|p1b: Palafin|Liquidation|p2a: Zamazenta
|-damage|p2a: Zamazenta|90/100
|
|upkeep
|
|t:|1750769425
|switch|p2b: Incineroar|Incineroar, L50, M|41/100
|-ability|p2b: Incineroar|Intimidate|boost
|-unboost|p1a: Zacian|atk|1
|-unboost|p1b: Palafin|atk|1
|turn|7
|
|t:|1750769439
|move|p2a: Zamazenta|Protect|p2a: Zamazenta
|-singleturn|p2a: Zamazenta|Protect
|move|p2b: Incineroar|Fake Out|p1a: Zacian
|-resisted|p1a: Zacian
|-damage|p1a: Zacian|96/100
|cant|p1a: Zacian|flinch
|move|p1b: Palafin|Drain Punch|p2a: Zamazenta
|-activate|p2a: Zamazenta|move: Protect
|
|upkeep
|turn|8
|
|t:|1750769464
|move|p1a: Zacian|Play Rough|p2b: Incineroar
|-damage|p2b: Incineroar|0 fnt
|faint|p2b: Incineroar
|move|p1b: Palafin|Drain Punch|p2a: Zamazenta
|-supereffective|p2a: Zamazenta
|-damage|p2a: Zamazenta|80/100
|move|p2a: Zamazenta|Body Press|p1a: Zacian
|-damage|p1a: Zacian|26/100
|
|-sideend|p1: nico_Kaiser|move: Tailwind
|upkeep
|
|t:|1750769475
|switch|p2b: Calyrex|Calyrex-Shadow, L50, tera:Dark|54/100
|-ability|p2b: Calyrex|As One
|-ability|p2b: Calyrex|Unnerve
|turn|9
|
|t:|1750769486
|move|p2b: Calyrex|Astral Barrage|p1a: Zacian|[spread] p1a,p1b
|-damage|p1a: Zacian|0 fnt
|-damage|p1b: Palafin|31/100
|faint|p1a: Zacian
|-ability|p2b: Calyrex|Grim Neigh|boost
|-boost|p2b: Calyrex|spa|1
|move|p2a: Zamazenta|Body Press|p1b: Palafin
|-damage|p1b: Palafin|0 fnt
|faint|p1b: Palafin
|
|win|nicofast1
|raw|nico_Kaiser's rating: 1292 &rarr; <strong>1268</strong><br />(-24 for losing)
|raw|nicofast1's rating: 1301 &rarr; <strong>1320</strong><br />(+19 for winning)
|l|☆nico_Kaiser
|player|p1|
|l|☆nicofast1
|player|p2|
