|j|☆Littlepak3
|j|☆Sparky Doge
|t:|1750839958
|gametype|doubles
|player|p1|Littlepak3|lance|1475
|player|p2|Sparky Doge|blue|1548
|teamsize|p1|6
|teamsize|p2|6
|gen|9
|tier|[Gen 9] VGC 2025 Reg I
|rated|
|rule|Species Clause: Limit one of each Pokémon
|rule|Item Clause: Limit 1 of each item
|clearpoke
|poke|p1|Calyrex-Ice, L50|
|poke|p1|Palkia, L50|
|poke|p1|Ursaluna, L50, F|
|poke|p1|Indeedee-F, L50, F|
|poke|p1|Torkoal, L50, F|
|poke|p1|Smeargle, L50, M|
|poke|p2|Miraidon, L50|
|poke|p2|Whimsicott, L50, M|
|poke|p2|Annihilape, L50, M|
|poke|p2|Zacian-*, L50|
|poke|p2|Incineroar, L50, F|
|poke|p2|Grimmsnarl, L50, M|
|teampreview|4
Littlepak3 has agreed to open team sheets.
|inactive|Battle timer is ON: inactive players will automatically lose when time's up. (requested by Sparky Doge)
|
|t:|1750840004
|start
|switch|p1a: Palkia|Palkia, L50, shiny|100/100
|switch|p1b: Indeedee|Indeedee-F, L50, F|100/100
|switch|p2a: Whimsicott|Whimsicott, L50, M|100/100
|switch|p2b: Annihilape|Annihilape, L50, M|100/100
|-fieldstart|move: Psychic Terrain|[from] ability: Psychic Surge|[of] p1b: Indeedee
|turn|1
|inactive|Littlepak3 has 30 seconds left.
|inactive|Littlepak3 has 20 seconds left.
|
|t:|1750840041
|move|p1b: Indeedee|Follow Me|p1b: Indeedee
|-singleturn|p1b: Indeedee|move: Follow Me
|move|p2a: Whimsicott|Tailwind|p2a: Whimsicott
|-sidestart|p2: Sparky Doge|move: Tailwind
|move|p2b: Annihilape|Final Gambit|p1b: Indeedee
|-damage|p1b: Indeedee|0 fnt
|faint|p2b: Annihilape
|faint|p1b: Indeedee
|move|p1a: Palkia|Trick Room|p1a: Palkia
|-fieldstart|move: Trick Room|[of] p1a: Palkia
|
|upkeep
|inactive|Sparky Doge has 30 seconds left.
|inactive|Sparky Doge has 20 seconds left.
|
|t:|1750840077
|switch|p1b: Ursaluna|Ursaluna, L50, F|100/100
|switch|p2b: Incineroar|Incineroar, L50, F|100/100
|-ability|p2b: Incineroar|Intimidate|boost
|-unboost|p1a: Palkia|atk|1
|-unboost|p1b: Ursaluna|atk|1
|turn|2
|
|t:|1750840100
|switch|p2b: Miraidon|Miraidon, L50|100/100
|-fieldstart|move: Electric Terrain|[from] ability: Hadron Engine|[of] p2b: Miraidon
|move|p2a: Whimsicott|Encore|p1a: Palkia
|-start|p1a: Palkia|Encore
|move|p1b: Ursaluna|Facade|p2a: Whimsicott
|-damage|p2a: Whimsicott|68/100
|move|p1a: Palkia|Trick Room|p1a: Palkia
|-fieldend|move: Trick Room
|
|-status|p1b: Ursaluna|brn|[from] item: Flame Orb
|upkeep
|turn|3
|inactive|Sparky Doge has 30 seconds left.
|
|t:|1750840132
|-terastallize|p2b: Miraidon|Fairy
|move|p2b: Miraidon|Dazzling Gleam|p1a: Palkia|[spread] p1a,p1b
|-supereffective|p1a: Palkia
|-damage|p1a: Palkia|0 fnt
|-damage|p1b: Ursaluna|36/100 brn
|faint|p1a: Palkia
|move|p2a: Whimsicott|Moonblast|p1b: Ursaluna
|-damage|p1b: Ursaluna|10/100 brn
|-unboost|p1b: Ursaluna|spa|1
|move|p1b: Ursaluna|Earthquake|p2a: Whimsicott|[spread] p2a,p2b
|-resisted|p2a: Whimsicott
|-damage|p2a: Whimsicott|40/100
|-damage|p2b: Miraidon|61/100
|
|-damage|p1b: Ursaluna|5/100 brn|[from] brn
|upkeep
|
|t:|1750840147
|switch|p1a: Calyrex|Calyrex-Ice, L50|100/100
|-ability|p1a: Calyrex|As One
|-ability|p1a: Calyrex|Unnerve
|turn|4
|
|t:|1750840164
|-terastallize|p1a: Calyrex|Fire
|move|p2b: Miraidon|Dazzling Gleam|p1a: Calyrex|[spread] p1a,p1b
|-resisted|p1a: Calyrex
|-damage|p1a: Calyrex|76/100
|-damage|p1b: Ursaluna|0 fnt
|faint|p1b: Ursaluna
|move|p2a: Whimsicott|Moonblast|p1a: Calyrex
|-resisted|p1a: Calyrex
|-damage|p1a: Calyrex|67/100
|move|p1a: Calyrex|Glacial Lance|p2a: Whimsicott|[spread] p2a,p2b
|-supereffective|p2a: Whimsicott
|-damage|p2a: Whimsicott|0 fnt
|-damage|p2b: Miraidon|2/100
|faint|p2a: Whimsicott
|-ability|p1a: Calyrex|Chilling Neigh|boost
|-boost|p1a: Calyrex|atk|1
|
|-sideend|p2: Sparky Doge|move: Tailwind
|upkeep
|
|t:|1750840167
|switch|p2a: Incineroar|Incineroar, L50, F|100/100
|-ability|p2a: Incineroar|Intimidate|boost
|-fail|p1a: Calyrex|unboost|[from] item: Clear Amulet|[of] p1a: Calyrex
|turn|5
|
|t:|1750840176
|move|p1a: Calyrex|Protect|p1a: Calyrex
|-singleturn|p1a: Calyrex|Protect
|move|p2a: Incineroar|Fake Out|p1a: Calyrex
|-activate|p1a: Calyrex|move: Protect
|move|p2b: Miraidon|Dazzling Gleam|p1a: Calyrex
|-activate|p1a: Calyrex|move: Protect
|
|upkeep
|turn|6
|inactive|Sparky Doge has 30 seconds left.
|
|t:|1750840201
|move|p2b: Miraidon|Dazzling Gleam|p1a: Calyrex
|-resisted|p1a: Calyrex
|-damage|p1a: Calyrex|34/100
|move|p2a: Incineroar|Flare Blitz|p1a: Calyrex
|-resisted|p1a: Calyrex
|-damage|p1a: Calyrex|21/100
|-damage|p2a: Incineroar|96/100|[from] Recoil
|move|p1a: Calyrex|Glacial Lance|p2a: Incineroar|[spread] p2a,p2b
|-resisted|p2a: Incineroar
|-damage|p2a: Incineroar|60/100
|-damage|p2b: Miraidon|0 fnt
|faint|p2b: Miraidon
|-ability|p1a: Calyrex|Chilling Neigh|boost
|-boost|p1a: Calyrex|atk|1
|
|-fieldend|move: Electric Terrain
|upkeep
|turn|7
|
|t:|1750840211
|move|p2a: Incineroar|Flare Blitz|p1a: Calyrex
|-resisted|p1a: Calyrex
|-damage|p1a: Calyrex|6/100
|-damage|p2a: Incineroar|55/100|[from] Recoil
|move|p1a: Calyrex|High Horsepower|p2a: Incineroar
|-supereffective|p2a: Incineroar
|-crit|p2a: Incineroar
|-damage|p2a: Incineroar|0 fnt
|faint|p2a: Incineroar
|
|win|Littlepak3
|raw|Littlepak3's rating: 1475 &rarr; <strong>1499</strong><br />(+24 for winning)
|raw|Sparky Doge's rating: 1548 &rarr; <strong>1524</strong><br />(-24 for losing)
|l|☆Sparky Doge
|player|p2|
|c|☆Littlepak3|gg
|l|☆Littlepak3
|player|p1|
