|j|☆NegaiFreak
|j|☆soulo333
|t:|1750790399
|gametype|doubles
|player|p1|NegaiFreak|169|1470
|player|p2|soulo333|169|1467
|teamsize|p1|6
|teamsize|p2|6
|gen|9
|tier|[Gen 9] VGC 2025 Reg I
|rated|
|rule|Species Clause: Limit one of each Pokémon
|rule|Item Clause: Limit 1 of each item
|clearpoke
|poke|p1|Lunala, L50|
|poke|p1|Koraidon, L50|
|poke|p1|Flutter Mane, L50|
|poke|p1|Farigiraf, L50, F|
|poke|p1|Incineroar, L50, M|
|poke|p1|Rillaboom, L50, F|
|poke|p2|Miraidon, L50|
|poke|p2|Zamazenta-*, L50|
|poke|p2|Grimmsnarl, L50, M|
|poke|p2|Chien-Pao, L50|
|poke|p2|Volcarona, L50, F|
|poke|p2|Iron Hands, L50|
|teampreview|4
NegaiFreak has agreed to open team sheets.
|c|☆NegaiFreak|GLHF
|
|t:|1750790424
|start
|switch|p1a: Lunala|Lunala, L50|100/100
|switch|p1b: Rillaboom|Rillaboom, L50, F|100/100
|switch|p2a: Miraidon|Miraidon, L50|100/100
|switch|p2b: Grimmsnarl|Grimmsnarl, L50, M|100/100
|-fieldstart|move: Electric Terrain|[from] ability: Hadron Engine|[of] p2a: Miraidon
|-fieldstart|move: Grassy Terrain|[from] ability: Grassy Surge|[of] p1b: Rillaboom
|turn|1
|
|t:|1750790438
|switch|p2a: Volcarona|Volcarona, L50, F|100/100
|move|p1b: Rillaboom|Fake Out|p2b: Grimmsnarl
|-damage|p2b: Grimmsnarl|86/100
|cant|p2b: Grimmsnarl|flinch
|move|p1a: Lunala|Calm Mind|p1a: Lunala
|-boost|p1a: Lunala|spa|1
|-boost|p1a: Lunala|spd|1
|
|-heal|p2b: Grimmsnarl|92/100|[from] Grassy Terrain
|upkeep
|turn|2
|
|t:|1750790456
|switch|p1b: Farigiraf|Farigiraf, L50, F|100/100
|-terastallize|p1a: Lunala|Water
|move|p2b: Grimmsnarl|Light Screen|p2b: Grimmsnarl
|-sidestart|p2: soulo333|move: Light Screen
|move|p2a: Volcarona|Quiver Dance|p2a: Volcarona
|-boost|p2a: Volcarona|spa|1
|-boost|p2a: Volcarona|spd|1
|-boost|p2a: Volcarona|spe|1
|move|p1a: Lunala|Moongeist Beam|p2a: Volcarona
|-damage|p2a: Volcarona|67/100
|
|-heal|p2a: Volcarona|73/100|[from] Grassy Terrain
|-heal|p2a: Volcarona|80/100|[from] item: Leftovers
|-heal|p2b: Grimmsnarl|98/100|[from] Grassy Terrain
|upkeep
|turn|3
|
|t:|1750790481
|move|p2a: Volcarona|Struggle Bug|p1a: Lunala|[spread] p1a,p1b
|-supereffective|p1b: Farigiraf
|-damage|p1a: Lunala|95/100
|-damage|p1b: Farigiraf|52/100
|-unboost|p1a: Lunala|spa|1
|-unboost|p1b: Farigiraf|spa|1
|move|p1a: Lunala|Moonblast|p2b: Grimmsnarl
|-supereffective|p2b: Grimmsnarl
|-damage|p2b: Grimmsnarl|57/100
|-unboost|p2b: Grimmsnarl|spa|1
|move|p2b: Grimmsnarl|Spirit Break|p1a: Lunala
|-damage|p1a: Lunala|72/100
|-unboost|p1a: Lunala|spa|1
|move|p1b: Farigiraf|Trick Room|p1b: Farigiraf
|-fieldstart|move: Trick Room|[of] p1b: Farigiraf
|
|-heal|p1b: Farigiraf|58/100|[from] Grassy Terrain
|-heal|p2b: Grimmsnarl|63/100|[from] Grassy Terrain
|-heal|p1a: Lunala|78/100|[from] Grassy Terrain
|-heal|p1a: Lunala|84/100|[from] item: Leftovers
|-heal|p2a: Volcarona|86/100|[from] Grassy Terrain
|-heal|p2a: Volcarona|92/100|[from] item: Leftovers
|upkeep
|turn|4
|
|t:|1750790516
|move|p2b: Grimmsnarl|Reflect|p2b: Grimmsnarl
|-sidestart|p2: soulo333|Reflect
|move|p1b: Farigiraf|Hyper Voice|p2a: Volcarona|[spread] p2a,p2b
|-damage|p2a: Volcarona|85/100
|-damage|p2b: Grimmsnarl|52/100
|-enditem|p1b: Farigiraf|Throat Spray
|-boost|p1b: Farigiraf|spa|1|[from] item: Throat Spray
|move|p1a: Lunala|Calm Mind|p1a: Lunala
|-boost|p1a: Lunala|spa|1
|-boost|p1a: Lunala|spd|1
|move|p2a: Volcarona|Quiver Dance|p2a: Volcarona
|-boost|p2a: Volcarona|spa|1
|-boost|p2a: Volcarona|spd|1
|-boost|p2a: Volcarona|spe|1
|
|-heal|p1b: Farigiraf|64/100|[from] Grassy Terrain
|-heal|p2b: Grimmsnarl|58/100|[from] Grassy Terrain
|-heal|p1a: Lunala|90/100|[from] Grassy Terrain
|-heal|p1a: Lunala|96/100|[from] item: Leftovers
|-heal|p2a: Volcarona|91/100|[from] Grassy Terrain
|-heal|p2a: Volcarona|97/100|[from] item: Leftovers
|upkeep
|turn|5
|
|t:|1750790537
|move|p1b: Farigiraf|Hyper Voice|p2a: Volcarona|[spread] p2a,p2b
|-damage|p2a: Volcarona|90/100
|-damage|p2b: Grimmsnarl|42/100
|move|p2b: Grimmsnarl|Spirit Break|p1a: Lunala
|-damage|p1a: Lunala|74/100
|-unboost|p1a: Lunala|spa|1
|move|p1a: Lunala|Moonblast|p2b: Grimmsnarl
|-supereffective|p2b: Grimmsnarl
|-damage|p2b: Grimmsnarl|13/100
|move|p2a: Volcarona|Quiver Dance|p2a: Volcarona
|-boost|p2a: Volcarona|spa|1
|-boost|p2a: Volcarona|spd|1
|-boost|p2a: Volcarona|spe|1
|
|-heal|p1b: Farigiraf|71/100|[from] Grassy Terrain
|-heal|p2b: Grimmsnarl|19/100|[from] Grassy Terrain
|-heal|p1a: Lunala|80/100|[from] Grassy Terrain
|-heal|p1a: Lunala|86/100|[from] item: Leftovers
|-heal|p2a: Volcarona|96/100|[from] Grassy Terrain
|-heal|p2a: Volcarona|100/100|[from] item: Leftovers
|-fieldend|move: Grassy Terrain
|upkeep
|turn|6
|
|t:|1750790568
|move|p1a: Lunala|Protect|p1a: Lunala
|-singleturn|p1a: Lunala|Protect
|move|p1b: Farigiraf|Hyper Voice|p2a: Volcarona|[spread] p2a,p2b
|-damage|p2a: Volcarona|94/100
|-damage|p2b: Grimmsnarl|3/100
|move|p2b: Grimmsnarl|Spirit Break|p1a: Lunala
|-activate|p1a: Lunala|move: Protect
|move|p2a: Volcarona|Struggle Bug|p1b: Farigiraf|[spread] p1b
|-activate|p1a: Lunala|move: Protect
|-supereffective|p1b: Farigiraf
|-damage|p1b: Farigiraf|0 fnt
|faint|p1b: Farigiraf
|
|-heal|p1a: Lunala|92/100|[from] item: Leftovers
|-heal|p2a: Volcarona|100/100|[from] item: Leftovers
|upkeep
|
|t:|1750790585
|switch|p1b: Rillaboom|Rillaboom, L50, F|100/100
|-fieldstart|move: Grassy Terrain|[from] ability: Grassy Surge|[of] p1b: Rillaboom
|turn|7
|
|t:|1750790602
|switch|p2b: Zamazenta|Zamazenta-Crowned, L50|100/100
|-ability|p2b: Zamazenta|Dauntless Shield|boost
|-boost|p2b: Zamazenta|def|1
|move|p1b: Rillaboom|U-turn|p2b: Zamazenta
|-resisted|p2b: Zamazenta
|-damage|p2b: Zamazenta|99/100
|
|t:|1750790609
|switch|p1b: Koraidon|Koraidon, L50|100/100|[from] U-turn
|-weather|SunnyDay|[from] ability: Orichalcum Pulse|[of] p1b: Koraidon
|-activate|p1b: Koraidon|Orichalcum Pulse|[source]
|move|p1a: Lunala|Moongeist Beam|p2a: Volcarona
|-damage|p2a: Volcarona|92/100
|move|p2a: Volcarona|Struggle Bug|p1a: Lunala|[spread] p1a,p1b
|-resisted|p1b: Koraidon
|-damage|p1a: Lunala|78/100
|-damage|p1b: Koraidon|79/100
|-unboost|p1a: Lunala|spa|1
|-unboost|p1b: Koraidon|spa|1
|
|-weather|SunnyDay|[upkeep]
|-heal|p1a: Lunala|84/100|[from] Grassy Terrain
|-heal|p1a: Lunala|90/100|[from] item: Leftovers
|-heal|p2b: Zamazenta|100/100|[from] Grassy Terrain
|-heal|p1b: Koraidon|85/100|[from] Grassy Terrain
|-heal|p2a: Volcarona|98/100|[from] Grassy Terrain
|-heal|p2a: Volcarona|100/100|[from] item: Leftovers
|-fieldend|move: Trick Room
|upkeep
|turn|8
|
|t:|1750790638
|switch|p1a: Rillaboom|Rillaboom, L50, F|100/100
|-terastallize|p2b: Zamazenta|Grass
|move|p2a: Volcarona|Protect|p2a: Volcarona
|-singleturn|p2a: Volcarona|Protect
|move|p1b: Koraidon|Flame Charge|p2a: Volcarona
|-activate|p2a: Volcarona|move: Protect
|move|p2b: Zamazenta|Body Press|p1b: Koraidon
|-damage|p1b: Koraidon|20/100
|
|-weather|SunnyDay|[upkeep]
|-heal|p1b: Koraidon|26/100|[from] Grassy Terrain
|upkeep
|turn|9
|
|t:|1750790660
|move|p1a: Rillaboom|Fake Out|p2a: Volcarona
|-damage|p2a: Volcarona|90/100
|cant|p2a: Volcarona|flinch
|move|p1b: Koraidon|Flare Blitz|p2a: Volcarona
|-damage|p2a: Volcarona|9/100
|-damage|p1b: Koraidon|0 fnt|[from] Recoil
|faint|p1b: Koraidon
|move|p2b: Zamazenta|Body Press|p1a: Rillaboom
|-crit|p1a: Rillaboom
|-damage|p1a: Rillaboom|0 fnt
|faint|p1a: Rillaboom
|
|-weather|SunnyDay|[upkeep]
|-heal|p2a: Volcarona|15/100|[from] Grassy Terrain
|-heal|p2a: Volcarona|21/100|[from] item: Leftovers
|-sideend|p2: soulo333|move: Light Screen
|upkeep
|c|☆NegaiFreak|GG, WP
|
|t:|1750790681
|switch|p1b: Lunala|Lunala, L50, tera:Water|90/100
|turn|10
|
|t:|1750790689
|move|p2a: Volcarona|Struggle Bug|p1b: Lunala
|-damage|p1b: Lunala|51/100
|-unboost|p1b: Lunala|spa|1
|move|p2b: Zamazenta|Body Press|p1b: Lunala
|-damage|p1b: Lunala|0 fnt
|faint|p1b: Lunala
|
|win|soulo333
|raw|NegaiFreak's rating: 1470 &rarr; <strong>1450</strong><br />(-20 for losing)
|raw|soulo333's rating: 1467 &rarr; <strong>1487</strong><br />(+20 for winning)
