|j|☆BraneFX
|j|‽Darknight675
|t:|1750770394
|gametype|doubles
|player|p1|BraneFX|blackbelt-gen4dp|1520
|player|p2|Darknight675|steven|1509
|teamsize|p1|6
|teamsize|p2|6
|gen|9
|tier|[Gen 9] VGC 2025 Reg I
|rated|
|rule|Species Clause: Limit one of each Pokémon
|rule|Item Clause: Limit 1 of each item
|clearpoke
|poke|p1|Koraidon, L50|
|poke|p1|Calyrex-Shadow, L50|
|poke|p1|Flutter Mane, L50|
|poke|p1|Walking Wake, L50|
|poke|p1|Weezing-Galar, L50, F|
|poke|p1|Brute Bonnet, L50|
|poke|p2|Incineroar, L50, M|
|poke|p2|Lunala, L50|
|poke|p2|Amoonguss, L50, F|
|poke|p2|Ursaluna, L50, M|
|poke|p2|Koraidon, L50|
|poke|p2|Flutter Mane, L50|
|teampreview|4
|inactive|Battle timer is ON: inactive players will automatically lose when time's up. (requested by BraneFX)
|inactive|BraneFX has 60 seconds left.
|
|t:|1750770439
|start
|switch|p1a: Calyrex|Calyrex-Shadow, L50|100/100
|switch|p1b: Weezing|Weezing-Galar, L50, F|100/100
|switch|p2a: Incineroar|Incineroar, L50, M, shiny|100/100
|switch|p2b: Amoonguss|Amoonguss, L50, F|100/100
|-ability|p1b: Weezing|Neutralizing Gas
|-ability|p1a: Calyrex|As One
|-ability|p1a: Calyrex|Unnerve
|turn|1
|
|t:|1750770447
|move|p1a: Calyrex|Protect|p1a: Calyrex
|-singleturn|p1a: Calyrex|Protect
|move|p2a: Incineroar|Fake Out|p1b: Weezing
|-damage|p1b: Weezing|91/100
|move|p1b: Weezing|Taunt|p2b: Amoonguss
|-start|p2b: Amoonguss|move: Taunt
|cant|p2b: Amoonguss|move: Taunt|Spore
|
|upkeep
|turn|2
|inactive|Darknight675 has 30 seconds left.
|
|t:|1750770476
|-terastallize|p1a: Calyrex|Ghost
|move|p1a: Calyrex|Astral Barrage|p2a: Incineroar|[spread] p2a,p2b
|-resisted|p2a: Incineroar
|-damage|p2a: Incineroar|79/100
|-damage|p2b: Amoonguss|40/100
|move|p1b: Weezing|Taunt|p2a: Incineroar
|-start|p2a: Incineroar|move: Taunt
|move|p2a: Incineroar|Knock Off|p1a: Calyrex
|-supereffective|p1a: Calyrex
|-crit|p1a: Calyrex
|-enditem|p1a: Calyrex|Focus Sash
|-damage|p1a: Calyrex|1/100
|move|p2b: Amoonguss|Pollen Puff|p1a: Calyrex
|-resisted|p1a: Calyrex
|-damage|p1a: Calyrex|0 fnt
|faint|p1a: Calyrex
|
|upkeep
|
|t:|1750770485
|switch|p1a: Koraidon|Koraidon, L50|100/100
|-weather|SunnyDay|[from] ability: Orichalcum Pulse|[of] p1a: Koraidon
|-activate|p1a: Koraidon|Orichalcum Pulse|[source]
|turn|3
|inactive|Darknight675 has 30 seconds left.
|inactive|Darknight675 has 20 seconds left.
|inactive|Darknight675 has 15 seconds left.
|inactive|Darknight675 has 10 seconds left.
|
|t:|1750770530
|switch|p2b: Lunala|Lunala, L50|100/100
|-terastallize|p2a: Incineroar|Ghost
|move|p1a: Koraidon|Flare Blitz|p2b: Lunala
|-damage|p2b: Lunala|28/100
|-damage|p1a: Koraidon|70/100|[from] Recoil
|move|p1b: Weezing|Poison Gas|p2b: Lunala|[spread] p2a,p2b
|-status|p2a: Incineroar|psn
|-status|p2b: Lunala|psn
|move|p2a: Incineroar|Knock Off|p1a: Koraidon
|-resisted|p1a: Koraidon
|-damage|p1a: Koraidon|54/100
|-enditem|p1a: Koraidon|Ability Shield|[from] move: Knock Off|[of] p2a: Incineroar
|
|-weather|SunnyDay|[upkeep]
|-heal|p2b: Lunala|35/100 psn|[from] item: Leftovers
|-damage|p2b: Lunala|22/100 psn|[from] psn
|-damage|p2a: Incineroar|66/100 psn|[from] psn
|upkeep
|turn|4
|inactive|BraneFX has 30 seconds left.
|inactive|Darknight675 has 30 seconds left.
|
|t:|1750770560
|move|p1a: Koraidon|Flare Blitz|p2b: Lunala
|-damage|p2b: Lunala|0 fnt
|faint|p2b: Lunala
|-damage|p1a: Koraidon|45/100|[from] Recoil
|move|p1b: Weezing|Dazzling Gleam|p2a: Incineroar
|-damage|p2a: Incineroar|48/100 psn
|move|p2a: Incineroar|U-turn|p1a: Koraidon
|-resisted|p1a: Koraidon
|-damage|p1a: Koraidon|37/100
|
|t:|1750770570
|switch|p2a: Amoonguss|Amoonguss, L50, F|40/100|[from] U-turn
|
|-weather|SunnyDay|[upkeep]
|upkeep
|
|t:|1750770573
|switch|p2b: Incineroar|Incineroar, L50, M, shiny, tera:Ghost|48/100 psn
|turn|5
|inactive|Darknight675 has 30 seconds left.
|
|t:|1750770606
|move|p2a: Amoonguss|Protect|p2a: Amoonguss
|-singleturn|p2a: Amoonguss|Protect
|move|p2b: Incineroar|Fake Out|p1a: Koraidon
|-damage|p1a: Koraidon|28/100
|cant|p1a: Koraidon|flinch
|move|p1b: Weezing|Taunt|p2a: Amoonguss
|-activate|p2a: Amoonguss|move: Protect
|
|-weather|SunnyDay|[upkeep]
|-damage|p2b: Incineroar|35/100 psn|[from] psn
|upkeep
|turn|6
|
|t:|1750770623
|move|p1a: Koraidon|Protect|p1a: Koraidon
|-singleturn|p1a: Koraidon|Protect
|move|p2a: Amoonguss|Rage Powder|p2a: Amoonguss
|-singleturn|p2a: Amoonguss|move: Rage Powder
|move|p1b: Weezing|Taunt|p2a: Amoonguss
|-start|p2a: Amoonguss|move: Taunt
|move|p2b: Incineroar|Flare Blitz|p1a: Koraidon
|-activate|p1a: Koraidon|move: Protect
|
|-weather|SunnyDay|[upkeep]
|-damage|p2b: Incineroar|23/100 psn|[from] psn
|upkeep
|turn|7
|
|t:|1750770634
|move|p1a: Koraidon|Flare Blitz|p2b: Incineroar
|-damage|p2b: Incineroar|0 fnt
|faint|p2b: Incineroar
|-damage|p1a: Koraidon|19/100|[from] Recoil
|move|p1b: Weezing|Dazzling Gleam|p2a: Amoonguss
|-resisted|p2a: Amoonguss
|-crit|p2a: Amoonguss
|-damage|p2a: Amoonguss|21/100
|move|p2a: Amoonguss|Pollen Puff|p2: Incineroar|[notarget]
|-fail|p2a: Amoonguss
|
|-weather|none
|upkeep
|
|t:|1750770637
|switch|p2b: Koraidon|Koraidon, L50|100/100
|turn|8
|
|t:|1750770660
|move|p2b: Koraidon|Protect|p2b: Koraidon
|-singleturn|p2b: Koraidon|Protect
|move|p1a: Koraidon|Collision Course|p2b: Koraidon
|-activate|p2b: Koraidon|move: Protect
|move|p1b: Weezing|Dazzling Gleam|p2a: Amoonguss|[spread] p2a
|-activate|p2b: Koraidon|move: Protect
|-resisted|p2a: Amoonguss
|-damage|p2a: Amoonguss|12/100
|move|p2a: Amoonguss|Pollen Puff|p2b: Koraidon
|-activate|p2b: Koraidon|move: Protect
|
|upkeep
|turn|9
|
|t:|1750770682
|move|p2b: Koraidon|Flare Blitz|p1b: Weezing
|-damage|p1b: Weezing|50/100
|-damage|p2b: Koraidon|87/100|[from] Recoil
|-damage|p2b: Koraidon|78/100|[from] item: Life Orb
|move|p1a: Koraidon|Collision Course|p2b: Koraidon
|-damage|p2b: Koraidon|31/100
|move|p1b: Weezing|Dazzling Gleam|p2b: Koraidon|[spread] p2a,p2b
|-resisted|p2a: Amoonguss
|-supereffective|p2b: Koraidon
|-damage|p2a: Amoonguss|3/100
|-damage|p2b: Koraidon|0 fnt
|faint|p2b: Koraidon
|move|p2a: Amoonguss|Pollen Puff|p2: Koraidon|[notarget]
|-fail|p2a: Amoonguss
|
|-end|p2a: Amoonguss|move: Taunt
|upkeep
|turn|10
|c|☆BraneFX|ggwp
|
|t:|1750770702
|move|p1a: Koraidon|Flare Blitz|p2a: Amoonguss
|-supereffective|p2a: Amoonguss
|-damage|p2a: Amoonguss|0 fnt
|faint|p2a: Amoonguss
|-damage|p1a: Koraidon|18/100|[from] Recoil
|
|win|BraneFX
|raw|BraneFX's rating: 1520 &rarr; <strong>1539</strong><br />(+19 for winning)
|raw|Darknight675's rating: 1509 &rarr; <strong>1490</strong><br />(-19 for losing)
|l|‽Darknight675
|player|p2|
|l|☆BraneFX
|player|p1|
