|j|☆MonarchMD
|j|☆lordofthebagels89
|t:|1750785955
|gametype|doubles
|player|p1|MonarchMD|caitlin|1246
|player|p2|lordofthebagels89|lucian|1285
|teamsize|p1|6
|teamsize|p2|6
|gen|9
|tier|[Gen 9] VGC 2025 Reg I
|rated|
|rule|Species Clause: Limit one of each Pokémon
|rule|Item Clause: Limit 1 of each item
|clearpoke
|poke|p1|Indeedee, L50, M|
|poke|p1|Iron Crown, L50|
|poke|p1|Lunala, L50|
|poke|p1|Amoonguss, L50, F|
|poke|p1|Zamazenta-*, L50|
|poke|p1|Mabosstiff, L50, M|
|poke|p2|Lunala, L50|
|poke|p2|Groudon, L50|
|poke|p2|Whimsicott, L50, M|
|poke|p2|Raging Bolt, L50|
|poke|p2|Incineroar, L50, F|
|poke|p2|Ogerpon-Cornerstone, L50, F|
|teampreview|4
|inactive|Battle timer is ON: inactive players will automatically lose when time's up. (requested by MonarchMD)
|inactive|MonarchMD has 60 seconds left.
|inactive|lordofthebagels89 has 60 seconds left.
|
|t:|1750785998
|start
|switch|p1a: Indeedee|Indeedee, L50, M|100/100
|switch|p1b: Lunala|Lunala, L50|100/100
|switch|p2a: Fluffy|Whimsicott, L50, M, shiny|100/100
|switch|p2b: Dino|Groudon, L50, shiny|100/100
|-fieldstart|move: Psychic Terrain|[from] ability: Psychic Surge|[of] p1a: Indeedee
|-weather|SunnyDay|[from] ability: Drought|[of] p2b: Dino
|turn|1
|
|t:|1750786021
|move|p2a: Fluffy|Light Screen|p2a: Fluffy
|-sidestart|p2: lordofthebagels89|move: Light Screen
|move|p1a: Indeedee|Expanding Force|p2a: Fluffy|[spread] p2a,p2b
|-damage|p2a: Fluffy|49/100
|-damage|p2b: Dino|84/100
|move|p1b: Lunala|Meteor Beam||[still]
|-prepare|p1b: Lunala|Meteor Beam
|-boost|p1b: Lunala|spa|1
|-enditem|p1b: Lunala|Power Herb
|-anim|p1b: Lunala|Meteor Beam|p2a: Fluffy
|-damage|p2a: Fluffy|0 fnt
|faint|p2a: Fluffy
|move|p2b: Dino|Precipice Blades|p1a: Indeedee|[spread] p1a,p1b
|-damage|p1a: Indeedee|21/100
|-damage|p1b: Lunala|79/100
|
|-weather|SunnyDay|[upkeep]
|upkeep
|
|t:|1750786040
|switch|p2a: Crescent|Lunala, L50, shiny|100/100
|turn|2
|
|t:|1750786050
|-terastallize|p2a: Crescent|Fairy
|-terastallize|p1b: Lunala|Water
|move|p1a: Indeedee|Expanding Force|p2a: Crescent|[spread] p2a,p2b
|-damage|p2a: Crescent|90/100
|-damage|p2b: Dino|69/100
|move|p2a: Crescent|Meteor Beam||[still]
|-prepare|p2a: Crescent|Meteor Beam
|-boost|p2a: Crescent|spa|1
|-enditem|p2a: Crescent|Power Herb
|-anim|p2a: Crescent|Meteor Beam|p1b: Lunala
|-damage|p1b: Lunala|37/100
|move|p1b: Lunala|Expanding Force|p2a: Crescent|[spread] p2a,p2b
|-damage|p2a: Crescent|47/100
|-damage|p2b: Dino|33/100
|move|p2b: Dino|Precipice Blades|p1a: Indeedee|[spread] p1a
|-miss|p2b: Dino|p1b: Lunala
|-damage|p1a: Indeedee|0 fnt
|faint|p1a: Indeedee
|
|-weather|SunnyDay|[upkeep]
|upkeep
|
|t:|1750786066
|switch|p1a: Mabosstiff|Mabosstiff, L50, M|100/100
|-ability|p1a: Mabosstiff|Intimidate|boost
|-unboost|p2a: Crescent|atk|1
|-unboost|p2b: Dino|atk|1
|turn|3
|
|t:|1750786083
|move|p1b: Lunala|Wide Guard|p1b: Lunala
|-singleturn|p1b: Lunala|Wide Guard
|move|p1a: Mabosstiff|Snarl|p2a: Crescent|[spread] p2a,p2b
|-resisted|p2a: Crescent
|-damage|p2a: Crescent|44/100
|-damage|p2b: Dino|29/100
|-unboost|p2a: Crescent|spa|1
|-unboost|p2b: Dino|spa|1
|move|p2a: Crescent|Moongeist Beam|p1b: Lunala
|-damage|p1b: Lunala|0 fnt
|faint|p1b: Lunala
|move|p2b: Dino|Body Press|p1a: Mabosstiff
|-supereffective|p1a: Mabosstiff
|-damage|p1a: Mabosstiff|46/100
|
|-weather|SunnyDay|[upkeep]
|upkeep
|
|t:|1750786096
|switch|p1b: Zamazenta|Zamazenta-Crowned, L50|100/100
|-ability|p1b: Zamazenta|Dauntless Shield|boost
|-boost|p1b: Zamazenta|def|1
|turn|4
|
|t:|1750786116
|move|p1a: Mabosstiff|Protect|p1a: Mabosstiff
|-singleturn|p1a: Mabosstiff|Protect
|move|p1b: Zamazenta|Heavy Slam|p2a: Crescent
|-supereffective|p2a: Crescent
|-damage|p2a: Crescent|0 fnt
|faint|p2a: Crescent
|move|p2b: Dino|Precipice Blades|p1a: Mabosstiff|[spread] p1b
|-activate|p1a: Mabosstiff|move: Protect
|-supereffective|p1b: Zamazenta
|-crit|p1b: Zamazenta
|-damage|p1b: Zamazenta|7/100
|
|-weather|SunnyDay|[upkeep]
|upkeep
|
|t:|1750786127
|switch|p2a: Ever Faithful|Ogerpon-Cornerstone, L50, F|100/100
|turn|5
|
|t:|1750786138
|move|p1b: Zamazenta|Protect|p1b: Zamazenta
|-singleturn|p1b: Zamazenta|Protect
|move|p2a: Ever Faithful|Follow Me|p2a: Ever Faithful
|-singleturn|p2a: Ever Faithful|move: Follow Me
|move|p1a: Mabosstiff|Snarl|p2b: Dino|[spread] p2a,p2b
|-damage|p2a: Ever Faithful|94/100
|-damage|p2b: Dino|26/100
|-unboost|p2a: Ever Faithful|spa|1
|-unboost|p2b: Dino|spa|1
|move|p2b: Dino|Precipice Blades|p1b: Zamazenta|[spread] p1a
|-activate|p1b: Zamazenta|move: Protect
|-damage|p1a: Mabosstiff|11/100
|
|-weather|none
|-sideend|p2: lordofthebagels89|move: Light Screen
|-fieldend|move: Psychic Terrain
|upkeep
|turn|6
|
|t:|1750786156
|move|p1a: Mabosstiff|Helping Hand|p1b: Zamazenta
|-singleturn|p1b: Zamazenta|Helping Hand|[of] p1a: Mabosstiff
|move|p2a: Ever Faithful|Follow Me|p2a: Ever Faithful
|-singleturn|p2a: Ever Faithful|move: Follow Me
|move|p1b: Zamazenta|Body Press|p2a: Ever Faithful
|-supereffective|p2a: Ever Faithful
|-damage|p2a: Ever Faithful|0 fnt
|faint|p2a: Ever Faithful
|move|p2b: Dino|Precipice Blades|p1a: Mabosstiff|[spread] p1b
|-miss|p2b: Dino|p1a: Mabosstiff
|-supereffective|p1b: Zamazenta
|-damage|p1b: Zamazenta|0 fnt
|faint|p1b: Zamazenta
|
|upkeep
|turn|7
|
|t:|1750786171
|move|p1a: Mabosstiff|Snarl|p2b: Dino
|-damage|p2b: Dino|17/100
|-unboost|p2b: Dino|spa|1
|move|p2b: Dino|Body Press|p1a: Mabosstiff
|-supereffective|p1a: Mabosstiff
|-damage|p1a: Mabosstiff|0 fnt
|faint|p1a: Mabosstiff
|
|win|lordofthebagels89
|raw|MonarchMD's rating: 1246 &rarr; <strong>1224</strong><br />(-22 for losing)
|raw|lordofthebagels89's rating: 1285 &rarr; <strong>1307</strong><br />(+22 for winning)
|c|☆MonarchMD|ggs
