|j|☆NarutoUzumaki1234
|j|☆lazmm
|t:|1750825750
|gametype|doubles
|player|p1|NarutoUzumaki1234|1|1158
|player|p2|lazmm|cynthia|1166
|teamsize|p1|6
|teamsize|p2|6
|gen|9
|tier|[Gen 9] VGC 2025 Reg I
|rated|
|rule|Species Clause: Limit one of each Pokémon
|rule|Item Clause: Limit 1 of each item
|clearpoke
|poke|p1|Kyogre, L50|
|poke|p1|Zacian-*, L50|
|poke|p1|Blastoise, L50, M|
|poke|p1|Archaludon, L50, M|
|poke|p1|Raichu, L50, M|
|poke|p1|Overqwil, L50, F|
|poke|p2|Miraidon, L50|
|poke|p2|Ho-Oh, L50|
|poke|p2|Iron Treads, L50|
|poke|p2|Farigiraf, L50, M|
|poke|p2|Iron Bundle, L50|
|poke|p2|Iron Hands, L50|
|teampreview|4
|inactive|Battle timer is ON: inactive players will automatically lose when time's up. (requested by lazmm)
|inactive|NarutoUzumaki1234 has 60 seconds left.
|inactive|lazmm has 60 seconds left.
|
|t:|1750825790
|start
|switch|p1a: Overqwil|Overqwil, L50, F|100/100
|switch|p1b: Blastoise|Blastoise, L50, M|100/100
|switch|p2a: Miraidon|Miraidon, L50|100/100
|switch|p2b: Iron Bundle|Iron Bundle, L50, shiny|100/100
|-fieldstart|move: Electric Terrain|[from] ability: Hadron Engine|[of] p2a: Miraidon
|-activate|p2b: Iron Bundle|ability: Quark Drive
|-start|p2b: Iron Bundle|quarkdrivespe
|turn|1
|
|t:|1750825812
|move|p1b: Blastoise|Fake Out|p2a: Miraidon
|-damage|p2a: Miraidon|93/100
|move|p2b: Iron Bundle|Freeze-Dry|p1b: Blastoise
|-supereffective|p1b: Blastoise
|-damage|p1b: Blastoise|55/100
|cant|p2a: Miraidon|flinch
|move|p1a: Overqwil|Rain Dance|p1a: Overqwil
|-weather|RainDance
|
|-weather|RainDance|[upkeep]
|-heal|p1b: Blastoise|61/100|[from] ability: Rain Dish
|upkeep
|turn|2
|inactive|NarutoUzumaki1234 has 30 seconds left.
|inactive|lazmm has 30 seconds left.
|inactive|lazmm has 20 seconds left.
|
|t:|1750825848
|move|p2b: Iron Bundle|Encore|p1a: Overqwil
|-start|p1a: Overqwil|Encore
|move|p1a: Overqwil|Rain Dance||[still]
|-fail|p1a: Overqwil
|move|p2a: Miraidon|Volt Switch|p1b: Blastoise
|-supereffective|p1b: Blastoise
|-damage|p1b: Blastoise|0 fnt
|faint|p1b: Blastoise
|
|t:|1750825857
|switch|p2a: Iron Hands|Iron Hands, L50, shiny|100/100|[from] Volt Switch
|-activate|p2a: Iron Hands|ability: Quark Drive
|-start|p2a: Iron Hands|quarkdriveatk
|
|-weather|RainDance|[upkeep]
|upkeep
|
|t:|1750825869
|switch|p1b: Zacian|Zacian-Crowned, L50|100/100
|-ability|p1b: Zacian|Intrepid Sword|boost
|-boost|p1b: Zacian|atk|1
|turn|3
|
|t:|1750825893
|switch|p1a: Archaludon|Archaludon, L50, M, shiny|100/100
|-terastallize|p2a: Iron Hands|Water
|move|p1b: Zacian|Protect|p1b: Zacian
|-singleturn|p1b: Zacian|Protect
|move|p2b: Iron Bundle|Icy Wind|p1b: Zacian|[spread] p1a
|-activate|p1b: Zacian|move: Protect
|-damage|p1a: Archaludon|77/100
|-unboost|p1a: Archaludon|spe|1
|-ability|p1a: Archaludon|Stamina|boost
|-boost|p1a: Archaludon|def|1
|move|p2a: Iron Hands|Wild Charge|p1b: Zacian
|-activate|p1b: Zacian|move: Protect
|
|-weather|RainDance|[upkeep]
|upkeep
|turn|4
|inactive|NarutoUzumaki1234 has 30 seconds left.
|inactive|lazmm has 30 seconds left.
|inactive|NarutoUzumaki1234 has 20 seconds left.
|inactive|NarutoUzumaki1234 has 15 seconds left.
|inactive|NarutoUzumaki1234 has 10 seconds left.
|
|t:|1750825940
|-end|p2a: Iron Hands|Quark Drive|[silent]
|switch|p2a: Iron Treads|Iron Treads, L50, shiny|100/100
|-activate|p2a: Iron Treads|ability: Quark Drive
|-start|p2a: Iron Treads|quarkdrivespe
|-terastallize|p1a: Archaludon|Ghost
|move|p2b: Iron Bundle|Icy Wind|p1a: Archaludon|[spread] p1b
|-miss|p2b: Iron Bundle|p1a: Archaludon
|-resisted|p1b: Zacian
|-damage|p1b: Zacian|90/100
|-unboost|p1b: Zacian|spe|1
|move|p1b: Zacian|Behemoth Blade|p2b: Iron Bundle
|-enditem|p2b: Iron Bundle|Focus Sash
|-damage|p2b: Iron Bundle|1/100
|move|p1a: Archaludon|Electro Shot||[still]
|-prepare|p1a: Archaludon|Electro Shot
|-boost|p1a: Archaludon|spa|1
|-anim|p1a: Archaludon|Electro Shot|p2a: Iron Treads
|-immune|p2a: Iron Treads
|
|-weather|RainDance|[upkeep]
|upkeep
|turn|5
|inactive|NarutoUzumaki1234 has 30 seconds left.
|inactive|lazmm has 30 seconds left.
|inactive|NarutoUzumaki1234 has 20 seconds left.
|inactive|lazmm has 20 seconds left.
|inactive|NarutoUzumaki1234 has 15 seconds left.
|inactive|lazmm has 15 seconds left.
|inactive|NarutoUzumaki1234 has 10 seconds left.
|inactive|lazmm has 10 seconds left.
|
|t:|1750825990
|move|p2b: Iron Bundle|Icy Wind|p1b: Zacian|[spread] p1a,p1b
|-resisted|p1b: Zacian
|-damage|p1a: Archaludon|57/100
|-damage|p1b: Zacian|80/100
|-unboost|p1a: Archaludon|spe|1
|-unboost|p1b: Zacian|spe|1
|-ability|p1a: Archaludon|Stamina|boost
|-boost|p1a: Archaludon|def|1
|move|p2a: Iron Treads|Earthquake|p1a: Archaludon|[spread] p2b,p1a,p1b
|-crit|p2b: Iron Bundle
|-supereffective|p1b: Zacian
|-damage|p2b: Iron Bundle|0 fnt
|-damage|p1a: Archaludon|36/100
|-damage|p1b: Zacian|0 fnt
|-ability|p1a: Archaludon|Stamina|boost
|-boost|p1a: Archaludon|def|1
|-enditem|p1a: Archaludon|Sitrus Berry|[eat]
|-heal|p1a: Archaludon|61/100|[from] item: Sitrus Berry
|faint|p2b: Iron Bundle
|-end|p2b: Iron Bundle|Quark Drive|[silent]
|faint|p1b: Zacian
|-damage|p2a: Iron Treads|91/100|[from] item: Life Orb
|move|p1a: Archaludon|Flash Cannon|p2a: Iron Treads
|-resisted|p2a: Iron Treads
|-damage|p2a: Iron Treads|46/100
|
|-weather|none
|-fieldend|move: Electric Terrain
|-end|p2a: Iron Treads|Quark Drive
|upkeep
|inactive|NarutoUzumaki1234 has 30 seconds left.
|-message|NarutoUzumaki1234 forfeited.
|
|win|lazmm
|raw|NarutoUzumaki1234's rating: 1158 &rarr; <strong>1134</strong><br />(-24 for losing)
|raw|lazmm's rating: 1166 &rarr; <strong>1190</strong><br />(+24 for winning)
|l|☆NarutoUzumaki1234
|player|p1|
