|j|☆bodeylee
|j|☆herkleon
|t:|1750741796
|gametype|doubles
|player|p1|bodeylee|169|1155
|player|p2|herkleon|worker-gen4|1155
|teamsize|p1|6
|teamsize|p2|6
|gen|9
|tier|[Gen 9] VGC 2025 Reg I
|rated|
|rule|Species Clause: Limit one of each Pokémon
|rule|Item Clause: Limit 1 of each item
|clearpoke
|poke|p1|Cloyster, L50, F|
|poke|p1|Palkia, L50|
|poke|p1|Medicham, L50, F|
|poke|p1|Vaporeon, L50, M|
|poke|p1|Enamorus, L50, F|
|poke|p1|Lunala, L50|
|poke|p2|Miraidon, L50|
|poke|p2|Feraligatr, L50, F|
|poke|p2|Iron Hands, L50|
|poke|p2|Kyogre, L50|
|poke|p2|Ursaluna, L50, F|
|poke|p2|Farigiraf, L50, M|
|teampreview|4
|
|t:|1750741827
|start
|switch|p1a: Medicham|Medicham, L50, F|100/100
|switch|p1b: Enamorus|Enamorus, L50, F|100/100
|switch|p2a: Feraligatr|Feraligatr, L50, F|100/100
|switch|p2b: Miraidon|Miraidon, L50|100/100
|-fieldstart|move: Electric Terrain|[from] ability: Hadron Engine|[of] p2b: Miraidon
|turn|1
|
|t:|1750741846
|move|p1a: Medicham|Fake Out|p2b: Miraidon
|-damage|p2b: Miraidon|82/100
|cant|p2b: Miraidon|flinch
|move|p1b: Enamorus|Tailwind|p1b: Enamorus
|-sidestart|p1: bodeylee|move: Tailwind
|move|p2a: Feraligatr|Swords Dance|p2a: Feraligatr
|-boost|p2a: Feraligatr|atk|2
|
|upkeep
|turn|2
|
|t:|1750741865
|-terastallize|p1b: Enamorus|Ground
|move|p2a: Feraligatr|Aqua Jet|p1a: Medicham
|-damage|p1a: Medicham|16/100
|-damage|p2a: Feraligatr|90/100|[from] item: Life Orb
|move|p1b: Enamorus|Tera Blast|p2b: Miraidon|[anim] Tera Blast Ground
|-supereffective|p2b: Miraidon
|-damage|p2b: Miraidon|0 fnt
|faint|p2b: Miraidon
|-damage|p1b: Enamorus|91/100|[from] item: Life Orb
|move|p1a: Medicham|Close Combat|p2a: Feraligatr
|-damage|p2a: Feraligatr|2/100
|-unboost|p1a: Medicham|def|1
|-unboost|p1a: Medicham|spd|1
|
|upkeep
|
|t:|1750741881
|switch|p2b: Iron Hands|Iron Hands, L50|100/100
|-activate|p2b: Iron Hands|ability: Quark Drive
|-start|p2b: Iron Hands|quarkdriveatk
|turn|3
|
|t:|1750741895
|move|p1b: Enamorus|Protect|p1b: Enamorus
|-singleturn|p1b: Enamorus|Protect
|move|p2b: Iron Hands|Fake Out|p1a: Medicham
|-damage|p1a: Medicham|0 fnt
|faint|p1a: Medicham
|move|p2a: Feraligatr|Aqua Jet|p1b: Enamorus
|-activate|p1b: Enamorus|move: Protect
|
|upkeep
|
|t:|1750741905
|switch|p1a: Lunala|Lunala, L50|100/100
|turn|4
|
|t:|1750741914
|switch|p1b: Palkia|Palkia, L50|100/100
|move|p2a: Feraligatr|Aqua Jet|p1b: Palkia
|-resisted|p1b: Palkia
|-damage|p1b: Palkia|89/100
|-damage|p2a: Feraligatr|0 fnt|[from] item: Life Orb
|faint|p2a: Feraligatr
|move|p1a: Lunala|Meteor Beam||[still]
|-prepare|p1a: Lunala|Meteor Beam
|-boost|p1a: Lunala|spa|1
|-enditem|p1a: Lunala|Power Herb
|-anim|p1a: Lunala|Meteor Beam|p2b: Iron Hands
|-resisted|p2b: Iron Hands
|-damage|p2b: Iron Hands|82/100
|move|p2b: Iron Hands|Heavy Slam|p1a: Lunala
|-damage|p1a: Lunala|84/100
|
|-sideend|p1: bodeylee|move: Tailwind
|upkeep
|
|t:|1750741923
|switch|p2a: Kyogre|Kyogre, L50|100/100
|-weather|RainDance|[from] ability: Drizzle|[of] p2a: Kyogre
|turn|5
|-message|herkleon forfeited.
|
|win|bodeylee
|raw|bodeylee's rating: 1155 &rarr; <strong>1180</strong><br />(+25 for winning)
|raw|herkleon's rating: 1155 &rarr; <strong>1130</strong><br />(-25 for losing)
|l|☆herkleon
|player|p2|
|l|☆bodeylee
|player|p1|
