|j|☆james2464
|j|☆Yttrium Dichromate
|t:|1750726802
|gametype|doubles
|player|p1|james2464|riley|
|player|p2|Yttrium Dichromate|cheren|
|teamsize|p1|6
|teamsize|p2|6
|gen|9
|tier|[Gen 9] VGC 2025 Reg I
|rule|Species Clause: Limit one of each Pokémon
|rule|Item Clause: Limit 1 of each item
|clearpoke
|poke|p1|Ogerpon-Cornerstone, L50, F|
|poke|p1|Minior, L50|
|poke|p1|Rhydon, L50, M|
|poke|p1|Glimmora, L50, F|
|poke|p1|Arcanine-Hisui, L50, F|
|poke|p1|Tyranitar, L50, F|
|poke|p2|Hippopotas, L50, M|
|poke|p2|Excadrill, L50, F|
|poke|p2|Landorus, L50, M|
|poke|p2|Mamoswine, L50, M|
|poke|p2|Gligar, L50, M|
|poke|p2|Krookodile, L50, M|
|teampreview|4
|inactive|Battle timer is ON: inactive players will automatically lose when time's up. (requested by james2464)
Yttrium Dichromate has agreed to open team sheets.
james2464 has agreed to open team sheets.
|showteam|p1|Ogerpon-Cornerstone||CornerstoneMask|Sturdy|SpikyShield,HornLeech,Taunt,WoodHammer|||F|||50|,,,,,Rock]Minior||NormalGem|ShieldsDown|Explosion,ConfuseRay,ShellSmash,Protect||||||50|,,,,,Rock]Rhydon||Eviolite|LightningRod|HelpingHand,IcePunch,BreakingSwipe,HighHorsepower|||M|||50|,,,,,Ground]Glimmora||AirBalloon|ToxicDebris|EnergyBall,SpikyShield,MortalSpin,Substitute|||F|||50|,,,,,Rock]Arcanine-Hisui||ChoiceBand|RockHead|ExtremeSpeed,FlareBlitz,Snarl,HelpingHand|||F|||50|,,,,,Fire]Tyranitar||ChoiceScarf|Unnerve|Blizzard,Snarl,IceBeam,HydroPump|||F|||50|,,,,,Rock
|showteam|p2|Hippopotas||RindoBerry|SandStream|HighHorsepower,Bulldoze,Protect,HelpingHand|||M|||50|,,,,,Ground]Excadrill||AirBalloon|SandRush|Earthquake,IronHead,Protect,HighHorsepower|||F|||50|,,,,,Ground]Landorus||ChoiceScarf|SandForce|Earthquake,RockSlide,Uturn,StompingTantrum|||M|||50|,,,,,Ground]Mamoswine||FocusSash|Oblivious|IceShard,HighHorsepower,IcicleCrash,Protect|||M|||50|,,,,,Ground]Gligar||Eviolite|HyperCutter|HighHorsepower,Tailwind,Protect,Lunge|||M|||50|,,,,,Ground]Krookodile||RockyHelmet|Intimidate|HighHorsepower,Bulldoze,Taunt,Protect|||M|||50|,,,,,Ground
|inactiveoff|Battle timer is now OFF.
|
|t:|1750726889
|start
|switch|p1a: Kakashi|Ogerpon-Cornerstone, L50, F|100/100
|switch|p1b: Kiba|Rhydon, L50, M|100/100
|switch|p2a: scorpio|Gligar, L50, M|100/100
|switch|p2b: it's fine|Landorus, L50, M|100/100
|turn|1
|
|t:|1750726924
|move|p2b: it's fine|U-turn|p1b: Kiba
|-damage|p1b: Kiba|92/100
|
|t:|1750726930
|switch|p2b: swine 09|Mamoswine, L50, M|100/100|[from] U-turn
|move|p1a: Kakashi|Horn Leech|p2b: swine 09
|-supereffective|p2b: swine 09
|-enditem|p2b: swine 09|Focus Sash
|-damage|p2b: swine 09|1/100
|move|p2a: scorpio|Lunge|p1a: Kakashi
|-supereffective|p1a: Kakashi
|-damage|p1a: Kakashi|63/100
|-unboost|p1a: Kakashi|atk|1
|move|p1b: Kiba|Breaking Swipe|p2b: swine 09|[spread] p2a,p2b
|-damage|p2a: scorpio|93/100
|-damage|p2b: swine 09|0 fnt
|faint|p2b: swine 09
|
|upkeep
|
|t:|1750726946
|switch|p2b: it's fine|Landorus, L50, M|100/100
|turn|2
|
|t:|1750726972
|move|p2b: it's fine|U-turn|p1b: Kiba
|-damage|p1b: Kiba|82/100
|
|t:|1750726974
|switch|p2b: drill baby drill|Excadrill, L50, F|100/100|[from] U-turn
|-item|p2b: drill baby drill|Air Balloon
|move|p1a: Kakashi|Wood Hammer|p2b: drill baby drill
|-damage|p2b: drill baby drill|36/100
|-enditem|p2b: drill baby drill|Air Balloon
|-damage|p1a: Kakashi|37/100|[from] Recoil
|move|p2a: scorpio|Tailwind|p2a: scorpio
|-sidestart|p2: Yttrium Dichromate|move: Tailwind
|move|p1b: Kiba|Ice Punch|p2b: drill baby drill
|-damage|p2b: drill baby drill|5/100
|
|upkeep
|turn|3
|
|t:|1750727015
|switch|p1b: Shino|Glimmora, L50, F|100/100
|-item|p1b: Shino|Air Balloon
|move|p1a: Kakashi|Spiky Shield|p1a: Kakashi
|-singleturn|p1a: Kakashi|move: Protect
|move|p2b: drill baby drill|Earthquake|p1b: Shino|[spread] 
|-activate|p1a: Kakashi|move: Protect
|-immune|p2a: scorpio
|-immune|p1b: Shino
|move|p2a: scorpio|High Horsepower|p1b: Shino
|-immune|p1b: Shino
|
|upkeep
|turn|4
|
|t:|1750727056
|move|p2b: drill baby drill|Protect|p2b: drill baby drill
|-singleturn|p2b: drill baby drill|Protect
|move|p2a: scorpio|Lunge|p1b: Shino
|-resisted|p1b: Shino
|-damage|p1b: Shino|91/100
|-unboost|p1b: Shino|atk|1
|-activate|p1b: Shino|ability: Toxic Debris
|-sidestart|p2: Yttrium Dichromate|move: Toxic Spikes
|-enditem|p1b: Shino|Air Balloon
|move|p1a: Kakashi|Horn Leech|p2b: drill baby drill
|-activate|p2b: drill baby drill|move: Protect
|move|p1b: Shino|Energy Ball|p2b: drill baby drill
|-activate|p2b: drill baby drill|move: Protect
|
|upkeep
|turn|5
|
|t:|1750727089
|switch|p2a: it's fine|Landorus, L50, M|100/100
|switch|p1a: Gaara|Tyranitar, L50, F|100/100
|-ability|p1a: Gaara|Unnerve
|move|p1b: Shino|Spiky Shield|p1b: Shino
|-singleturn|p1b: Shino|move: Protect
|move|p2b: drill baby drill|Earthquake|p1a: Gaara|[spread] p1a
|-activate|p1b: Shino|move: Protect
|-immune|p2a: it's fine
|-supereffective|p1a: Gaara
|-damage|p1a: Gaara|29/100
|
|-sideend|p2: Yttrium Dichromate|move: Tailwind
|upkeep
|turn|6
|
|t:|1750727152
|switch|p2b: scorpio|Gligar, L50, M|93/100
|move|p2a: it's fine|Earthquake|p1a: Gaara|[spread] p1a,p1b
|-immune|p2b: scorpio
|-supereffective|p1a: Gaara
|-supereffective|p1b: Shino
|-damage|p1a: Gaara|0 fnt
|-damage|p1b: Shino|0 fnt
|-activate|p1b: Shino|ability: Toxic Debris
|-sidestart|p2: Yttrium Dichromate|move: Toxic Spikes
|faint|p1a: Gaara
|faint|p1b: Shino
|
|upkeep
|
|t:|1750727157
|switch|p1b: Kiba|Rhydon, L50, M|82/100
|switch|p1a: Kakashi|Ogerpon-Cornerstone, L50, F|37/100
|turn|7
|
|t:|1750727185
|move|p1b: Kiba|Helping Hand|p1a: Kakashi
|-singleturn|p1a: Kakashi|Helping Hand|[of] p1b: Kiba
|move|p2a: it's fine|Earthquake|p1a: Kakashi|[spread] p1a,p1b
|-immune|p2b: scorpio
|-supereffective|p1b: Kiba
|-damage|p1a: Kakashi|0 fnt
|-damage|p1b: Kiba|53/100
|faint|p1a: Kakashi
|move|p2b: scorpio|Tailwind|p2b: scorpio
|-sidestart|p2: Yttrium Dichromate|move: Tailwind
|
|upkeep
|turn|8
|
|t:|1750727198
|move|p2a: it's fine|Earthquake|p1b: Kiba|[spread] p1b
|-immune|p2b: scorpio
|-supereffective|p1b: Kiba
|-damage|p1b: Kiba|21/100
|move|p2b: scorpio|High Horsepower|p1b: Kiba
|-supereffective|p1b: Kiba
|-damage|p1b: Kiba|0 fnt
|faint|p1b: Kiba
|
|win|Yttrium Dichromate
|c|☆james2464|ggs
|c|☆Yttrium Dichromate|gg
