|j|☆lemonalt
|j|☆justin cheddar
|t:|1750806579
|gametype|doubles
|player|p1|lemonalt|plasmagrunt|1316
|player|p2|justin cheddar|265|1276
|teamsize|p1|6
|teamsize|p2|6
|gen|9
|tier|[Gen 9] VGC 2025 Reg I
|rated|
|rule|Species Clause: Limit one of each Pokémon
|rule|Item Clause: Limit 1 of each item
|clearpoke
|poke|p1|Miraidon, L50|
|poke|p1|Sneasler, L50, F|
|poke|p1|Iron Bundle, L50|
|poke|p1|Grimmsnarl, L50, M|
|poke|p1|Calyrex-Shadow, L50|
|poke|p1|Ditto, L50|
|poke|p2|Miraidon, L50|
|poke|p2|Regieleki, L50|
|poke|p2|Oranguru, L50, F|
|poke|p2|Calyrex-Ice, L50|
|poke|p2|Hawlucha, L50, M|
|poke|p2|Roaring Moon, L50|
|teampreview|4
|inactive|Battle timer is ON: inactive players will automatically lose when time's up. (requested by lemonalt)
|inactive|lemonalt has 60 seconds left.
|inactive|justin cheddar has 60 seconds left.
|inactive|lemonalt has 30 seconds left.
|
|t:|1750806647
|start
|switch|p1a: Calyrex|Calyrex-Shadow, L50|100/100
|switch|p1b: Ditto|Ditto, L50|100/100
|switch|p2a: Miraidon|Miraidon, L50|100/100
|switch|p2b: Regieleki|Regieleki, L50|100/100
|-ability|p1a: Calyrex|As One
|-ability|p1a: Calyrex|Unnerve
|-fieldstart|move: Electric Terrain|[from] ability: Hadron Engine|[of] p2a: Miraidon
|-transform|p1b: Ditto|p2a: Miraidon|[from] ability: Imposter
|-activate|p1b: Ditto|ability: Hadron Engine
|turn|1
|inactive|lemonalt has 30 seconds left.
|
|t:|1750806680
|move|p1b: Ditto|Dazzling Gleam|p2a: Miraidon|[spread] p2a,p2b
|-supereffective|p2a: Miraidon
|-damage|p2a: Miraidon|45/100
|-damage|p2b: Regieleki|44/100
|move|p2b: Regieleki|Electroweb|p1a: Calyrex|[spread] p1a,p1b
|-resisted|p1b: Ditto
|-damage|p1a: Calyrex|72/100
|-damage|p1b: Ditto|93/100
|-unboost|p1a: Calyrex|spe|1
|-unboost|p1b: Ditto|spe|1
|move|p2a: Miraidon|Dazzling Gleam|p1b: Ditto|[spread] p1a,p1b
|-supereffective|p1b: Ditto
|-damage|p1a: Calyrex|42/100
|-damage|p1b: Ditto|36/100
|move|p1a: Calyrex|Nasty Plot|p1a: Calyrex
|-boost|p1a: Calyrex|spa|2
|
|upkeep
|turn|2
|
|t:|1750806694
|-terastallize|p2a: Miraidon|Stellar
|move|p1a: Calyrex|Protect|p1a: Calyrex
|-singleturn|p1a: Calyrex|Protect
|move|p2b: Regieleki|Light Screen|p2b: Regieleki
|-sidestart|p2: justin cheddar|move: Light Screen
|move|p2a: Miraidon|Dazzling Gleam|p1a: Calyrex|[spread] p1b
|-activate|p1a: Calyrex|move: Protect
|-supereffective|p1b: Ditto
|-damage|p1b: Ditto|0 fnt
|faint|p1b: Ditto
|
|upkeep
|
|t:|1750806699
|switch|p1b: Iron Bundle|Iron Bundle, L50|100/100
|-activate|p1b: Iron Bundle|ability: Quark Drive
|-start|p1b: Iron Bundle|quarkdrivespe
|turn|3
|
|t:|1750806716
|move|p1b: Iron Bundle|Icy Wind|p2a: Miraidon|[spread] p2a,p2b
|-supereffective|p2a: Miraidon
|-damage|p2a: Miraidon|18/100
|-damage|p2b: Regieleki|15/100
|-unboost|p2a: Miraidon|spe|1
|-unboost|p2b: Regieleki|spe|1
|move|p2b: Regieleki|Electroweb|p1a: Calyrex|[spread] p1a,p1b
|-crit|p1a: Calyrex
|-supereffective|p1b: Iron Bundle
|-damage|p1a: Calyrex|0 fnt
|-enditem|p1b: Iron Bundle|Focus Sash
|-damage|p1b: Iron Bundle|1/100
|-unboost|p1b: Iron Bundle|spe|1
|faint|p1a: Calyrex
|move|p2a: Miraidon|Dazzling Gleam|p1b: Iron Bundle
|-damage|p1b: Iron Bundle|0 fnt
|faint|p1b: Iron Bundle
|-end|p1b: Iron Bundle|Quark Drive|[silent]
|
|upkeep
|
|t:|1750806724
|switch|p1b: Miraidon|Miraidon, L50|100/100
|-activate|p1b: Miraidon|ability: Hadron Engine
|turn|4
|
|t:|1750806733
|move|p2b: Regieleki|Volt Switch|p1b: Miraidon
|-resisted|p1b: Miraidon
|-damage|p1b: Miraidon|94/100
|
|t:|1750806735
|switch|p2b: Oranguru|Oranguru, L50, F|100/100|[from] Volt Switch
|move|p1b: Miraidon|Snarl|p2b: Oranguru|[spread] p2a,p2b
|-supereffective|p2b: Oranguru
|-damage|p2a: Miraidon|5/100
|-damage|p2b: Oranguru|82/100
|-unboost|p2a: Miraidon|spa|1
|-unboost|p2b: Oranguru|spa|1
|move|p2a: Miraidon|Hyper Beam|p1b: Miraidon
|-enditem|p2a: Miraidon|Normal Gem|[from] gem
|-activate|p2b: Oranguru|ability: Symbiosis|Sitrus Berry|[of] p2a: Miraidon
|-damage|p1b: Miraidon|57/100
|-mustrecharge|p2a: Miraidon
|-enditem|p2a: Miraidon|Sitrus Berry|[eat]
|-heal|p2a: Miraidon|30/100|[from] item: Sitrus Berry
|
|upkeep
|turn|5
|
|t:|1750806750
|switch|p2b: Calyrex|Calyrex-Ice, L50|100/100
|-ability|p2b: Calyrex|As One
|-ability|p2b: Calyrex|Unnerve
|move|p1b: Miraidon|Snarl|p2a: Miraidon|[spread] p2a,p2b
|-supereffective|p2b: Calyrex
|-damage|p2a: Miraidon|18/100
|-damage|p2b: Calyrex|83/100
|-unboost|p2a: Miraidon|spa|1
|-unboost|p2b: Calyrex|spa|1
|-enditem|p2b: Calyrex|White Herb
|-clearnegativeboost|p2b: Calyrex|[silent]
|cant|p2a: Miraidon|recharge
|
|-fieldend|move: Electric Terrain
|upkeep
|turn|6
|
|t:|1750806761
|-terastallize|p1b: Miraidon|Electric
|move|p1b: Miraidon|Electro Drift|p2b: Calyrex
|-damage|p2b: Calyrex|49/100
|move|p2a: Miraidon|Dazzling Gleam|p1b: Miraidon
|-damage|p1b: Miraidon|48/100
|move|p2b: Calyrex|Glacial Lance|p1b: Miraidon
|-damage|p1b: Miraidon|0 fnt
|faint|p1b: Miraidon
|
|win|justin cheddar
|raw|lemonalt's rating: 1316 &rarr; <strong>1294</strong><br />(-22 for losing)
|raw|justin cheddar's rating: 1276 &rarr; <strong>1304</strong><br />(+28 for winning)
|c|☆justin cheddar|Gg
