|j|☆bandito54
|j|‽Avengo2187
|t:|1750774476
|gametype|doubles
|player|p1|bandito54|266|1206
|player|p2|Avengo2187|medium|1213
|teamsize|p1|6
|teamsize|p2|6
|gen|9
|tier|[Gen 9] VGC 2025 Reg I
|rated|
|rule|Species Clause: Limit one of each Pokémon
|rule|Item Clause: Limit 1 of each item
|clearpoke
|poke|p1|Koraidon, L50|
|poke|p1|Flutter Mane, L50|
|poke|p1|Incineroar, L50, M|
|poke|p1|Terapagos, L50, M|
|poke|p1|Rillaboom, L50, M|
|poke|p1|Volcarona, L50, M|
|poke|p2|Ho-Oh, L50|
|poke|p2|Koraidon, L50|
|poke|p2|Amoonguss, L50, F|
|poke|p2|Iron Treads, L50|
|poke|p2|Virizion, L50|
|poke|p2|Flutter Mane, L50|
|teampreview|4
|inactive|Battle timer is ON: inactive players will automatically lose when time's up. (requested by Avengo2187)
|inactive|bandito54 has 60 seconds left.
|
|t:|1750774510
|start
|switch|p1a: Koraidon|Koraidon, L50|100/100
|switch|p1b: Flutter Mane|Flutter Mane, L50|100/100
|switch|p2a: Amoonguss|Amoonguss, L50, F|100/100
|switch|p2b: Ho-Oh|Ho-Oh, L50|100/100
|-weather|SunnyDay|[from] ability: Orichalcum Pulse|[of] p1a: Koraidon
|-activate|p1b: Flutter Mane|ability: Protosynthesis
|-start|p1b: Flutter Mane|protosynthesisspe
|-activate|p1a: Koraidon|Orichalcum Pulse|[source]
|turn|1
|
|t:|1750774533
|move|p1b: Flutter Mane|Protect|p1b: Flutter Mane
|-singleturn|p1b: Flutter Mane|Protect
|move|p1a: Koraidon|Protect|p1a: Koraidon
|-singleturn|p1a: Koraidon|Protect
|move|p2b: Ho-Oh|Tailwind|p2b: Ho-Oh
|-sidestart|p2: Avengo2187|move: Tailwind
|move|p2a: Amoonguss|Spore|p1a: Koraidon
|-activate|p1a: Koraidon|move: Protect
|
|-weather|SunnyDay|[upkeep]
|upkeep
|turn|2
|inactive|bandito54 has 30 seconds left.
|
|t:|1750774562
|-end|p1b: Flutter Mane|Protosynthesis|[silent]
|switch|p1b: Volcarona|Volcarona, L50, M|100/100
|-terastallize|p1a: Koraidon|Fire
|move|p2b: Ho-Oh|Dual Wingbeat|p1b: Volcarona
|-supereffective|p1b: Volcarona
|-damage|p1b: Volcarona|57/100
|-damage|p2b: Ho-Oh|84/100|[from] item: Rocky Helmet|[of] p1b: Volcarona
|-supereffective|p1b: Volcarona
|-damage|p1b: Volcarona|18/100
|-damage|p2b: Ho-Oh|68/100|[from] item: Rocky Helmet|[of] p1b: Volcarona
|-hitcount|p1b: Volcarona|2
|move|p1a: Koraidon|Flame Charge|p2a: Amoonguss
|-supereffective|p2a: Amoonguss
|-damage|p2a: Amoonguss|0 fnt
|-boost|p1a: Koraidon|spe|1
|faint|p2a: Amoonguss
|-damage|p1a: Koraidon|91/100|[from] item: Life Orb
|
|-weather|SunnyDay|[upkeep]
|upkeep
|
|t:|1750774577
|switch|p2a: Koraidon|Koraidon, L50|100/100
|-activate|p2a: Koraidon|ability: Orichalcum Pulse
|turn|3
|
|t:|1750774596
|-terastallize|p2a: Koraidon|Fire
|move|p1a: Koraidon|Protect|p1a: Koraidon
|-singleturn|p1a: Koraidon|Protect
|move|p2b: Ho-Oh|Protect|p2b: Ho-Oh
|-singleturn|p2b: Ho-Oh|Protect
|move|p2a: Koraidon|Close Combat|p1a: Koraidon
|-activate|p1a: Koraidon|move: Protect
|move|p1b: Volcarona|Morning Sun|p1b: Volcarona
|-heal|p1b: Volcarona|85/100
|
|-weather|SunnyDay|[upkeep]
|upkeep
|turn|4
|
|t:|1750774618
|switch|p1a: Flutter Mane|Flutter Mane, L50|100/100
|-activate|p1a: Flutter Mane|ability: Protosynthesis
|-start|p1a: Flutter Mane|protosynthesisspe
|move|p2a: Koraidon|Flame Charge|p1b: Volcarona
|-damage|p1b: Volcarona|0 fnt
|-boost|p2a: Koraidon|spe|1
|-damage|p2a: Koraidon|84/100|[from] item: Rocky Helmet|[of] p1b: Volcarona
|faint|p1b: Volcarona
|-damage|p2a: Koraidon|74/100|[from] item: Life Orb
|move|p2b: Ho-Oh|Dual Wingbeat|p1a: Flutter Mane
|-damage|p1a: Flutter Mane|47/100
|-damage|p1a: Flutter Mane|0 fnt
|faint|p1a: Flutter Mane
|-end|p1a: Flutter Mane|Protosynthesis|[silent]
|-hitcount|p1: Flutter Mane|2
|
|-weather|SunnyDay|[upkeep]
|-sideend|p2: Avengo2187|move: Tailwind
|upkeep
|
|t:|1750774634
|switch|p1a: Koraidon|Koraidon, L50, tera:Fire|91/100
|switch|p1b: Terapagos|Terapagos, L50, M|100/100
|-activate|p1b: Terapagos|ability: Tera Shift
|detailschange|p1b: Terapagos|Terapagos-Terastal, L50, M
|-heal|p1b: Terapagos|100/100|[silent]
|-activate|p1a: Koraidon|ability: Orichalcum Pulse
|turn|5
|
|t:|1750774650
|switch|p2b: Virizion|Virizion, L50|100/100
|move|p1b: Terapagos|Protect|p1b: Terapagos
|-singleturn|p1b: Terapagos|Protect
|move|p2a: Koraidon|Flame Charge|p1b: Terapagos
|-activate|p1b: Terapagos|move: Protect
|move|p1a: Koraidon|Close Combat|p2a: Koraidon
|-damage|p2a: Koraidon|0 fnt
|-unboost|p1a: Koraidon|def|1
|-unboost|p1a: Koraidon|spd|1
|faint|p2a: Koraidon
|-damage|p1a: Koraidon|81/100|[from] item: Life Orb
|
|-weather|none
|upkeep
|
|t:|1750774656
|switch|p2a: Ho-Oh|Ho-Oh, L50|100/100
|turn|6
|
|t:|1750774675
|move|p1a: Koraidon|Flare Blitz|p2b: Virizion
|-supereffective|p2b: Virizion
|-damage|p2b: Virizion|0 fnt
|faint|p2b: Virizion
|-damage|p1a: Koraidon|44/100|[from] Recoil
|-damage|p1a: Koraidon|34/100|[from] item: Life Orb
|move|p2a: Ho-Oh|Dual Wingbeat|p1a: Koraidon
|-damage|p1a: Koraidon|4/100
|-damage|p1a: Koraidon|0 fnt
|faint|p1a: Koraidon
|-hitcount|p1: Koraidon|2
|move|p1b: Terapagos|Calm Mind|p1b: Terapagos
|-boost|p1b: Terapagos|spa|1
|-boost|p1b: Terapagos|spd|1
|
|upkeep
|turn|7
|
|t:|1750774694
|move|p2a: Ho-Oh|Dual Wingbeat|p1b: Terapagos
|-activate|p1b: Terapagos|ability: Tera Shell
|-resisted|p1b: Terapagos
|-damage|p1b: Terapagos|93/100
|-resisted|p1b: Terapagos
|-damage|p1b: Terapagos|86/100
|-hitcount|p1b: Terapagos|2
|move|p1b: Terapagos|Calm Mind|p1b: Terapagos
|-boost|p1b: Terapagos|spa|1
|-boost|p1b: Terapagos|spd|1
|
|-heal|p1b: Terapagos|93/100|[from] item: Leftovers
|upkeep
|turn|8
|
|t:|1750774705
|move|p2a: Ho-Oh|Dual Wingbeat|p1b: Terapagos
|-damage|p1b: Terapagos|79/100
|-damage|p1b: Terapagos|65/100
|-hitcount|p1b: Terapagos|2
|move|p1b: Terapagos|Tera Starstorm|p2a: Ho-Oh
|-damage|p2a: Ho-Oh|50/100
|
|-heal|p1b: Terapagos|71/100|[from] item: Leftovers
|upkeep
|turn|9
|
|t:|1750774721
|move|p2a: Ho-Oh|Flare Blitz|p1b: Terapagos
|-damage|p1b: Terapagos|30/100
|-status|p1b: Terapagos|brn
|-damage|p2a: Ho-Oh|38/100|[from] Recoil
|move|p1b: Terapagos|Tera Starstorm|p2a: Ho-Oh
|-damage|p2a: Ho-Oh|0 fnt
|faint|p2a: Ho-Oh
|
|win|bandito54
|raw|bandito54's rating: 1206 &rarr; <strong>1232</strong><br />(+26 for winning)
|raw|Avengo2187's rating: 1213 &rarr; <strong>1187</strong><br />(-26 for losing)
|l|‽Avengo2187
|player|p2|
|l|☆bandito54
|player|p1|
