|j|☆leshoegg
|j|☆DjWhiteNAwkward
|t:|1750863501
|gametype|doubles
|player|p1|leshoegg|169|1355
|player|p2|DjWhiteNAwkward|alder|1451
|teamsize|p1|6
|teamsize|p2|6
|gen|9
|tier|[Gen 9] VGC 2025 Reg I
|rated|
|rule|Species Clause: Limit one of each Pokémon
|rule|Item Clause: Limit 1 of each item
|clearpoke
|poke|p1|Miraidon, L50|
|poke|p1|Calyrex-Ice, L50|
|poke|p1|Ogerpon-Wellspring, L50, F|
|poke|p1|Altaria, L50, M|
|poke|p1|Farigiraf, L50, M|
|poke|p1|Incineroar, L50, F|
|poke|p2|Groudon, L50|
|poke|p2|Calyrex-Shadow, L50|
|poke|p2|Rillaboom, L50, M|
|poke|p2|Incineroar, L50, M|
|poke|p2|Raging Bolt, L50|
|poke|p2|Flutter Mane, L50|
|teampreview|4
|inactive|Battle timer is ON: inactive players will automatically lose when time's up. (requested by leshoegg)
|
|t:|1750863531
|start
|switch|p1a: Calyrex|Calyrex-Ice, L50|100/100
|switch|p1b: Farigiraf|Farigiraf, L50, M|100/100
|switch|p2a: Raging Bolt|Raging Bolt, L50|100/100
|switch|p2b: Flutter Mane|Flutter Mane, L50|100/100
|-ability|p1a: Calyrex|As One
|-ability|p1a: Calyrex|Unnerve
|turn|1
|inactive|DjWhiteNAwkward has 30 seconds left.
|
|t:|1750863557
|move|p1a: Calyrex|Protect|p1a: Calyrex
|-singleturn|p1a: Calyrex|Protect
|move|p2b: Flutter Mane|Moonblast|p1b: Farigiraf
|-crit|p1b: Farigiraf
|-damage|p1b: Farigiraf|1/100
|-damage|p2b: Flutter Mane|91/100|[from] item: Life Orb
|move|p2a: Raging Bolt|Thunderbolt|p1b: Farigiraf
|-damage|p1b: Farigiraf|0 fnt
|faint|p1b: Farigiraf
|
|upkeep
|
|t:|1750863565
|switch|p1b: Miraidon|Miraidon, L50|100/100
|-fieldstart|move: Electric Terrain|[from] ability: Hadron Engine|[of] p1b: Miraidon
|turn|2
|
|t:|1750863584
|-end|p2a: Raging Bolt|Protosynthesis|[silent]
|switch|p2a: Groudon|Groudon, L50|100/100
|-weather|SunnyDay|[from] ability: Drought|[of] p2a: Groudon
|-activate|p2b: Flutter Mane|ability: Protosynthesis
|-start|p2b: Flutter Mane|protosynthesisspe
|-terastallize|p1a: Calyrex|Ground
|move|p2b: Flutter Mane|Moonblast|p1b: Miraidon
|-supereffective|p1b: Miraidon
|-damage|p1b: Miraidon|0 fnt
|faint|p1b: Miraidon
|-damage|p2b: Flutter Mane|81/100|[from] item: Life Orb
|move|p1a: Calyrex|Glacial Lance|p2a: Groudon|[spread] p2a,p2b
|-supereffective|p2a: Groudon
|-damage|p2a: Groudon|43/100
|-damage|p2b: Flutter Mane|0 fnt
|faint|p2b: Flutter Mane
|-end|p2b: Flutter Mane|Protosynthesis|[silent]
|-ability|p1a: Calyrex|Chilling Neigh|boost
|-boost|p1a: Calyrex|atk|1
|
|-weather|SunnyDay|[upkeep]
|-heal|p2a: Groudon|49/100|[from] item: Leftovers
|upkeep
|
|t:|1750863602
|switch|p2b: Calyrex|Calyrex-Shadow, L50|100/100
|switch|p1b: Altaria|Altaria, L50, M|100/100
|-ability|p2b: Calyrex|As One
|-ability|p2b: Calyrex|Unnerve
|-ability|p1b: Altaria|Cloud Nine
|turn|3
|
|t:|1750863615
|move|p2b: Calyrex|Astral Barrage|p1b: Altaria|[spread] p1a,p1b
|-damage|p1a: Calyrex|64/100
|-damage|p1b: Altaria|36/100
|move|p1b: Altaria|Moonblast|p2b: Calyrex
|-damage|p2b: Calyrex|77/100
|-unboost|p2b: Calyrex|spa|1
|move|p2a: Groudon|Precipice Blades|p1b: Altaria|[spread] p1a
|-immune|p1b: Altaria
|-damage|p1a: Calyrex|38/100
|move|p1a: Calyrex|Trick Room|p1a: Calyrex
|-fieldstart|move: Trick Room|[of] p1a: Calyrex
|
|-weather|SunnyDay|[upkeep]
|-heal|p1a: Calyrex|44/100|[from] item: Leftovers
|-heal|p2a: Groudon|56/100|[from] item: Leftovers
|upkeep
|turn|4
|
|t:|1750863628
|move|p2a: Groudon|Protect|p2a: Groudon
|-singleturn|p2a: Groudon|Protect
|move|p2b: Calyrex|Protect|p2b: Calyrex
|-singleturn|p2b: Calyrex|Protect
|move|p1a: Calyrex|Glacial Lance|p2b: Calyrex|[spread] 
|-activate|p2a: Groudon|move: Protect
|-activate|p2b: Calyrex|move: Protect
|move|p1b: Altaria|Moonblast|p2b: Calyrex
|-activate|p2b: Calyrex|move: Protect
|
|-weather|SunnyDay|[upkeep]
|-heal|p1a: Calyrex|50/100|[from] item: Leftovers
|-heal|p2a: Groudon|61/100|[from] item: Leftovers
|upkeep
|turn|5
|
|t:|1750863647
|-terastallize|p2a: Groudon|Fire
|move|p1b: Altaria|Helping Hand|p1a: Calyrex
|-singleturn|p1a: Calyrex|Helping Hand|[of] p1b: Altaria
|move|p1a: Calyrex|Glacial Lance|p2b: Calyrex|[spread] p2a,p2b
|-resisted|p2a: Groudon
|-damage|p2a: Groudon|27/100
|-damage|p2b: Calyrex|0 fnt
|faint|p2b: Calyrex
|-ability|p1a: Calyrex|Chilling Neigh|boost
|-boost|p1a: Calyrex|atk|1
|move|p2a: Groudon|Precipice Blades|p1b: Altaria|[spread] p1a
|-immune|p1b: Altaria
|-damage|p1a: Calyrex|22/100
|
|-weather|SunnyDay|[upkeep]
|-heal|p1a: Calyrex|28/100|[from] item: Leftovers
|-heal|p2a: Groudon|33/100|[from] item: Leftovers
|upkeep
|
|t:|1750863657
|switch|p2b: Raging Bolt|Raging Bolt, L50|100/100
|turn|6
|
|t:|1750863670
|move|p2a: Groudon|Protect|p2a: Groudon
|-singleturn|p2a: Groudon|Protect
|move|p1a: Calyrex|Glacial Lance|p2b: Raging Bolt|[spread] p2b
|-activate|p2a: Groudon|move: Protect
|-supereffective|p2b: Raging Bolt
|-damage|p2b: Raging Bolt|0 fnt
|faint|p2b: Raging Bolt
|-end|p2b: Raging Bolt|Protosynthesis|[silent]
|-ability|p1a: Calyrex|Chilling Neigh|boost
|-boost|p1a: Calyrex|atk|1
|move|p1b: Altaria|Dragon Pulse|p2a: Groudon
|-activate|p2a: Groudon|move: Protect
|
|-weather|none
|-heal|p1a: Calyrex|33/100|[from] item: Leftovers
|-heal|p2a: Groudon|39/100|[from] item: Leftovers
|-fieldend|move: Electric Terrain
|upkeep
|turn|7
|
|t:|1750863676
|move|p2a: Groudon|Protect||[still]
|-fail|p2a: Groudon
|move|p1a: Calyrex|High Horsepower|p2a: Groudon
|-supereffective|p2a: Groudon
|-crit|p2a: Groudon
|-damage|p2a: Groudon|0 fnt
|faint|p2a: Groudon
|
|win|leshoegg
|raw|leshoegg's rating: 1355 &rarr; <strong>1380</strong><br />(+25 for winning)
|raw|DjWhiteNAwkward's rating: 1451 &rarr; <strong>1426</strong><br />(-25 for losing)
|l|☆DjWhiteNAwkward
|player|p2|
|l|☆leshoegg
|player|p1|
