|j|☆xianbugaosshou
|j|☆Miraidon100match
|t:|1750739978
|gametype|doubles
|player|p1|xianbugaosshou|steven|1557
|player|p2|Miraidon100match|170|1462
|teamsize|p1|6
|teamsize|p2|6
|gen|9
|tier|[Gen 9] VGC 2025 Reg I
|rated|
|rule|Species Clause: Limit one of each Pokémon
|rule|Item Clause: Limit 1 of each item
|clearpoke
|poke|p1|Miraidon, L50|
|poke|p1|Groudon, L50|
|poke|p1|Flutter Mane, L50|
|poke|p1|Chi-Yu, L50|
|poke|p1|Urshifu-*, L50, M|
|poke|p1|Iron Hands, L50|
|poke|p2|Miraidon, L50|
|poke|p2|Incineroar, L50, F|
|poke|p2|Urshifu-*, L50, M|
|poke|p2|Lunala, L50|
|poke|p2|Whimsicott, L50, M|
|poke|p2|Ursaluna, L50, F|
|teampreview|4
|inactive|Battle timer is ON: inactive players will automatically lose when time's up. (requested by xianbugaosshou)
|
|t:|1750740003
|start
|switch|p1a: Flutter Mane|Flutter Mane, L50|100/100
|switch|p1b: Groudon|Groudon, L50|100/100
|switch|p2a: Miraidon|Miraidon, L50|100/100
|switch|p2b: Lunala|Lunala, L50, shiny|100/100
|-fieldstart|move: Electric Terrain|[from] ability: Hadron Engine|[of] p2a: Miraidon
|-enditem|p2b: Lunala|Electric Seed
|-boost|p2b: Lunala|def|1|[from] item: Electric Seed
|-weather|SunnyDay|[from] ability: Drought|[of] p1b: Groudon
|-activate|p1a: Flutter Mane|ability: Protosynthesis
|-start|p1a: Flutter Mane|protosynthesisspa
|turn|1
|inactive|Miraidon100match has 30 seconds left.
|
|t:|1750740034
|-terastallize|p2a: Miraidon|Fairy
|move|p2b: Lunala|Wide Guard|p2b: Lunala
|-singleturn|p2b: Lunala|Wide Guard
|move|p2a: Miraidon|Dazzling Gleam|p1b: Groudon|[spread] p1a,p1b
|-damage|p1a: Flutter Mane|44/100
|-damage|p1b: Groudon|38/100
|move|p1a: Flutter Mane|Shadow Ball|p2b: Lunala
|-supereffective|p2b: Lunala
|-damage|p2b: Lunala|14/100
|move|p1b: Groudon|Precipice Blades|p2b: Lunala|[spread] 
|-activate|p2a: Miraidon|move: Wide Guard
|-activate|p2b: Lunala|move: Wide Guard
|
|-weather|SunnyDay|[upkeep]
|upkeep
|turn|2
|inactive|Miraidon100match has 30 seconds left.
|
|t:|1750740063
|switch|p2b: Incineroar|Incineroar, L50, F, shiny|100/100
|-ability|p2b: Incineroar|Intimidate|boost
|-unboost|p1a: Flutter Mane|atk|1
|-unboost|p1b: Groudon|atk|1
|-terastallize|p1b: Groudon|Fire
|move|p2a: Miraidon|Dazzling Gleam|p1b: Groudon|[spread] p1a,p1b
|-resisted|p1b: Groudon
|-damage|p1a: Flutter Mane|0 fnt
|-damage|p1b: Groudon|8/100
|faint|p1a: Flutter Mane
|-end|p1a: Flutter Mane|Protosynthesis|[silent]
|move|p1b: Groudon|Precipice Blades|p2a: Miraidon|[spread] p2a,p2b
|-supereffective|p2b: Incineroar
|-damage|p2a: Miraidon|60/100
|-damage|p2b: Incineroar|8/100
|-damage|p1b: Groudon|0 fnt|[from] item: Life Orb
|faint|p1b: Groudon
|
|-weather|SunnyDay|[upkeep]
|upkeep
|
|t:|1750740081
|switch|p1a: Miraidon|Miraidon, L50|100/100
|switch|p1b: Iron Hands|Iron Hands, L50|100/100
|-activate|p1a: Miraidon|ability: Hadron Engine
|-activate|p1b: Iron Hands|ability: Quark Drive
|-start|p1b: Iron Hands|quarkdriveatk
|turn|3
|
|t:|1750740097
|switch|p2a: Ursaluna|Ursaluna, L50, F|100/100
|move|p2b: Incineroar|Fake Out|p1b: Iron Hands
|-damage|p1b: Iron Hands|92/100
|cant|p1b: Iron Hands|flinch
|move|p1a: Miraidon|Electro Drift|p2a: Ursaluna
|-immune|p2a: Ursaluna
|
|-weather|SunnyDay|[upkeep]
|-status|p2a: Ursaluna|brn|[from] item: Flame Orb
|upkeep
|turn|4
|
|t:|1750740113
|switch|p2b: Lunala|Lunala, L50, shiny|14/100
|move|p2a: Ursaluna|Protect|p2a: Ursaluna
|-singleturn|p2a: Ursaluna|Protect
|move|p1a: Miraidon|Electro Drift|p2b: Lunala
|-damage|p2b: Lunala|0 fnt
|faint|p2b: Lunala
|move|p1b: Iron Hands|Low Kick|p2a: Ursaluna
|-activate|p2a: Ursaluna|move: Protect
|
|-weather|SunnyDay|[upkeep]
|-damage|p2a: Ursaluna|94/100 brn|[from] brn
|upkeep
|
|t:|1750740117
|switch|p2b: Incineroar|Incineroar, L50, F, shiny|8/100
|-ability|p2b: Incineroar|Intimidate|boost
|-unboost|p1a: Miraidon|atk|1
|-unboost|p1b: Iron Hands|atk|1
|turn|5
|
|t:|1750740132
|move|p2b: Incineroar|Fake Out|p1b: Iron Hands
|-damage|p1b: Iron Hands|83/100
|move|p1a: Miraidon|Electro Drift|p2b: Incineroar
|-damage|p2b: Incineroar|0 fnt
|faint|p2b: Incineroar
|move|p2a: Ursaluna|Headlong Rush|p1b: Iron Hands
|-supereffective|p1b: Iron Hands
|-damage|p1b: Iron Hands|0 fnt
|-unboost|p2a: Ursaluna|def|1
|-unboost|p2a: Ursaluna|spd|1
|faint|p1b: Iron Hands
|-end|p1b: Iron Hands|Quark Drive|[silent]
|
|-weather|none
|-damage|p2a: Ursaluna|88/100 brn|[from] brn
|-fieldend|move: Electric Terrain
|upkeep
|
|t:|1750740138
|switch|p2b: Miraidon|Miraidon, L50, tera:Fairy|60/100
|-fieldstart|move: Electric Terrain|[from] ability: Hadron Engine|[of] p2b: Miraidon
|turn|6
|-message|xianbugaosshou forfeited.
|
|win|Miraidon100match
|raw|xianbugaosshou's rating: 1557 &rarr; <strong>1532</strong><br />(-25 for losing)
|raw|Miraidon100match's rating: 1462 &rarr; <strong>1487</strong><br />(+25 for winning)
|l|☆xianbugaosshou
|player|p1|
