|j|☆DoubleBad17
|j|☆kattikaaa
|t:|1750787564
|gametype|doubles
|player|p1|DoubleBad17|266|1356
|player|p2|kattikaaa|169|1394
|teamsize|p1|6
|teamsize|p2|6
|gen|9
|tier|[Gen 9] VGC 2025 Reg I
|rated|
|rule|Species Clause: Limit one of each Pokémon
|rule|Item Clause: Limit 1 of each item
|clearpoke
|poke|p1|Calyrex-Ice, L50|
|poke|p1|Incineroar, L50, F|
|poke|p1|Lugia, L50|
|poke|p1|Weezing-Galar, L50, M|
|poke|p1|Raging Bolt, L50|
|poke|p1|Urshifu-*, L50, F|
|poke|p2|Zacian-*, L50|
|poke|p2|Kyogre, L50|
|poke|p2|Iron Jugulis, L50|
|poke|p2|Raging Bolt, L50|
|poke|p2|Amoonguss, L50, M|
|poke|p2|Chien-Pao, L50|
|teampreview|4
|inactive|Battle timer is ON: inactive players will automatically lose when time's up. (requested by kattikaaa)
|inactive|DoubleBad17 has 60 seconds left.
|inactive|kattikaaa has 60 seconds left.
kattikaaa rejected open team sheets.
|inactive|DoubleBad17 has 30 seconds left.
|inactive|DoubleBad17 has 20 seconds left.
|
|t:|1750787635
|start
|switch|p1a: Incineroar|Incineroar, L50, F|100/100
|switch|p1b: Urshifu|Urshifu-Rapid-Strike, L50, F|100/100
|switch|p2a: Zacian|Zacian-Crowned, L50|100/100
|switch|p2b: Kyogre|Kyogre, L50|100/100
|-ability|p2a: Zacian|Intrepid Sword|boost
|-boost|p2a: Zacian|atk|1
|-weather|RainDance|[from] ability: Drizzle|[of] p2b: Kyogre
|-ability|p1a: Incineroar|Intimidate|boost
|-unboost|p2a: Zacian|atk|1
|-unboost|p2b: Kyogre|atk|1
|turn|1
|inactive|DoubleBad17 has 30 seconds left.
|
|t:|1750787665
|switch|p2a: Raging Bolt|Raging Bolt, L50|100/100
|-terastallize|p1b: Urshifu|Water
|move|p1a: Incineroar|Fake Out|p2a: Raging Bolt
|-damage|p2a: Raging Bolt|92/100
|move|p1b: Urshifu|Surging Strikes|p2b: Kyogre
|-resisted|p2b: Kyogre
|-crit|p2b: Kyogre
|-damage|p2b: Kyogre|78/100
|-resisted|p2b: Kyogre
|-crit|p2b: Kyogre
|-damage|p2b: Kyogre|52/100
|-resisted|p2b: Kyogre
|-crit|p2b: Kyogre
|-damage|p2b: Kyogre|30/100
|-hitcount|p2b: Kyogre|3
|move|p2b: Kyogre|Origin Pulse|p1a: Incineroar|[spread] p1a
|-miss|p2b: Kyogre|p1b: Urshifu
|-supereffective|p1a: Incineroar
|-damage|p1a: Incineroar|0 fnt
|faint|p1a: Incineroar
|
|-weather|RainDance|[upkeep]
|upkeep
|inactive|DoubleBad17 has 30 seconds left.
|inactive|DoubleBad17 has 20 seconds left.
|
|t:|1750787703
|switch|p1a: Calyrex|Calyrex-Ice, L50|100/100
|-ability|p1a: Calyrex|As One
|-ability|p1a: Calyrex|Unnerve
|turn|2
|
|t:|1750787721
|switch|p1b: Raging Bolt|Raging Bolt, L50|100/100
|move|p2a: Raging Bolt|Thunderclap||[still]
|-fail|p2a: Raging Bolt
|move|p2b: Kyogre|Origin Pulse|p1b: Raging Bolt|[spread] p1a,p1b
|-resisted|p1b: Raging Bolt
|-damage|p1a: Calyrex|32/100
|-damage|p1b: Raging Bolt|69/100
|move|p1a: Calyrex|Leech Seed|p2a: Raging Bolt
|-start|p2a: Raging Bolt|move: Leech Seed
|
|-weather|RainDance|[upkeep]
|-heal|p1a: Calyrex|38/100|[from] item: Leftovers
|-damage|p2a: Raging Bolt|79/100|[from] Leech Seed|[of] p1a: Calyrex
|-heal|p1a: Calyrex|52/100|[silent]
|upkeep
|turn|3
|inactive|DoubleBad17 has 30 seconds left.
|inactive|DoubleBad17 has 20 seconds left.
|inactive|DoubleBad17 has 15 seconds left.
|inactive|DoubleBad17 has 10 seconds left.
|
|t:|1750787770
|-terastallize|p2b: Kyogre|Grass
|move|p1b: Raging Bolt|Thunderclap|p2a: Raging Bolt
|-resisted|p2a: Raging Bolt
|-damage|p2a: Raging Bolt|75/100
|move|p2b: Kyogre|Origin Pulse|p1b: Raging Bolt|[spread] p1b
|-miss|p2b: Kyogre|p1a: Calyrex
|-resisted|p1b: Raging Bolt
|-damage|p1b: Raging Bolt|43/100
|move|p2a: Raging Bolt|Dragon Pulse|p1b: Raging Bolt
|-supereffective|p1b: Raging Bolt
|-damage|p1b: Raging Bolt|0 fnt
|faint|p1b: Raging Bolt
|-end|p1b: Raging Bolt|Protosynthesis|[silent]
|move|p1a: Calyrex|Glacial Lance|p2a: Raging Bolt|[spread] p2a,p2b
|-supereffective|p2a: Raging Bolt
|-supereffective|p2b: Kyogre
|-damage|p2a: Raging Bolt|0 fnt
|-damage|p2b: Kyogre|0 fnt
|faint|p2a: Raging Bolt
|-end|p2a: Raging Bolt|Protosynthesis|[silent]
|faint|p2b: Kyogre
|-ability|p1a: Calyrex|Chilling Neigh|boost
|-boost|p1a: Calyrex|atk|2
|
|-weather|RainDance|[upkeep]
|-heal|p1a: Calyrex|58/100|[from] item: Leftovers
|upkeep
|
|t:|1750787794
|switch|p2b: Zacian|Zacian-Crowned, L50|100/100
|switch|p2a: Amoonguss|Amoonguss, L50, M|100/100
|switch|p1b: Urshifu|Urshifu-Rapid-Strike, L50, F, tera:Water|100/100
|turn|4
|inactive|DoubleBad17 has 30 seconds left.
|inactive|DoubleBad17 has 20 seconds left.
|
|t:|1750787830
|move|p1a: Calyrex|Protect|p1a: Calyrex
|-singleturn|p1a: Calyrex|Protect
|move|p2a: Amoonguss|Rage Powder|p2a: Amoonguss
|-singleturn|p2a: Amoonguss|move: Rage Powder
|move|p1b: Urshifu|Coaching|p1a: Calyrex
|-boost|p1a: Calyrex|atk|1
|-boost|p1a: Calyrex|def|1
|move|p2b: Zacian|Behemoth Blade|p1a: Calyrex
|-activate|p1a: Calyrex|move: Protect
|
|-weather|RainDance|[upkeep]
|-heal|p1a: Calyrex|64/100|[from] item: Leftovers
|upkeep
|turn|5
|
|t:|1750787853
|move|p2a: Amoonguss|Rage Powder|p2a: Amoonguss
|-singleturn|p2a: Amoonguss|move: Rage Powder
|move|p1b: Urshifu|Coaching|p1a: Calyrex
|-boost|p1a: Calyrex|atk|1
|-boost|p1a: Calyrex|def|1
|move|p2b: Zacian|Behemoth Blade|p1a: Calyrex
|-supereffective|p1a: Calyrex
|-damage|p1a: Calyrex|32/100
|move|p1a: Calyrex|Glacial Lance|p2b: Zacian|[spread] p2a,p2b
|-supereffective|p2a: Amoonguss
|-resisted|p2b: Zacian
|-damage|p2a: Amoonguss|0 fnt
|-damage|p2b: Zacian|38/100
|faint|p2a: Amoonguss
|-ability|p1a: Calyrex|Chilling Neigh|boost
|-boost|p1a: Calyrex|atk|1
|
|-weather|none
|-heal|p1a: Calyrex|38/100|[from] item: Leftovers
|upkeep
|turn|6
|-message|kattikaaa forfeited.
|
|win|DoubleBad17
|raw|DoubleBad17's rating: 1356 &rarr; <strong>1378</strong><br />(+22 for winning)
|raw|kattikaaa's rating: 1394 &rarr; <strong>1372</strong><br />(-22 for losing)
|l|☆kattikaaa
|player|p2|
