|j|☆ItsZachStone
|j|☆maodawang
|t:|1750831643
|gametype|doubles
|player|p1|ItsZachStone|flannery|1387
|player|p2|maodawang|169|1333
|teamsize|p1|6
|teamsize|p2|6
|gen|9
|tier|[Gen 9] VGC 2025 Reg I
|rated|
|rule|Species Clause: Limit one of each Pokémon
|rule|Item Clause: Limit 1 of each item
|clearpoke
|poke|p1|Toxicroak, L50, F|
|poke|p1|Calyrex-Ice, L50|
|poke|p1|Rillaboom, L50, F|
|poke|p1|Landorus-Therian, L50, M|
|poke|p1|Kyogre, L50|
|poke|p1|Ogerpon-Wellspring, L50, F|
|poke|p2|Incineroar, L50, F|
|poke|p2|Urshifu-*, L50, F|
|poke|p2|Sinistcha-Masterpiece, L50|
|poke|p2|Ting-Lu, L50|
|poke|p2|Dialga-Origin, L50|
|poke|p2|Ho-Oh, L50|
|teampreview|4
|inactive|Battle timer is ON: inactive players will automatically lose when time's up. (requested by ItsZachStone)
|inactive|maodawang also wants the timer to be on.
|inactive|ItsZachStone has 60 seconds left.
|inactive|maodawang has 60 seconds left.
|
|t:|1750831678
|start
|switch|p1a: Toxicroak|Toxicroak, L50, F|100/100
|switch|p1b: Kyogre|Kyogre, L50|100/100
|switch|p2a: Ho-Oh|Ho-Oh, L50|100/100
|switch|p2b: Urshifu|Urshifu-Rapid-Strike, L50, F|100/100
|-weather|RainDance|[from] ability: Drizzle|[of] p1b: Kyogre
|turn|1
|
|t:|1750831692
|move|p2b: Urshifu|Detect|p2b: Urshifu
|-singleturn|p2b: Urshifu|Protect
|move|p2a: Ho-Oh|Protect|p2a: Ho-Oh
|-singleturn|p2a: Ho-Oh|Protect
|move|p1a: Toxicroak|Fake Out|p2b: Urshifu
|-activate|p2b: Urshifu|move: Protect
|move|p1b: Kyogre|Water Spout|p2a: Ho-Oh|[spread] 
|-activate|p2a: Ho-Oh|move: Protect
|-activate|p2b: Urshifu|move: Protect
|
|-weather|RainDance|[upkeep]
|upkeep
|turn|2
|
|t:|1750831712
|switch|p1a: Ogerpon|Ogerpon-Wellspring, L50, F|100/100
|-terastallize|p2a: Ho-Oh|Grass
|move|p2b: Urshifu|Surging Strikes|p1b: Kyogre
|-resisted|p1b: Kyogre
|-crit|p1b: Kyogre
|-damage|p1b: Kyogre|84/100
|-resisted|p1b: Kyogre
|-crit|p1b: Kyogre
|-damage|p1b: Kyogre|66/100
|-resisted|p1b: Kyogre
|-crit|p1b: Kyogre
|-damage|p1b: Kyogre|49/100
|-hitcount|p1b: Kyogre|3
|move|p1b: Kyogre|Water Spout|p2b: Urshifu|[spread] p2a,p2b
|-resisted|p2a: Ho-Oh
|-resisted|p2b: Urshifu
|-damage|p2a: Ho-Oh|85/100
|-damage|p2b: Urshifu|63/100
|move|p2a: Ho-Oh|Sacred Fire|p1a: Ogerpon
|-damage|p1a: Ogerpon|78/100
|
|-weather|RainDance|[upkeep]
|-heal|p2a: Ho-Oh|91/100|[from] item: Leftovers
|upkeep
|turn|3
|inactive|maodawang has 30 seconds left.
|
|t:|1750831738
|move|p2b: Urshifu|Detect|p2b: Urshifu
|-singleturn|p2b: Urshifu|Protect
|move|p1a: Ogerpon|Follow Me|p1a: Ogerpon
|-singleturn|p1a: Ogerpon|move: Follow Me
|move|p1b: Kyogre|Surf|p2a: Ho-Oh|[spread] p2a
|-activate|p2b: Urshifu|move: Protect
|-heal|p1a: Ogerpon|100/100|[from] ability: Water Absorb|[of] p1b: Kyogre
|-resisted|p2a: Ho-Oh
|-damage|p2a: Ho-Oh|70/100
|move|p2a: Ho-Oh|Sacred Fire|p1a: Ogerpon
|-damage|p1a: Ogerpon|81/100
|
|-weather|RainDance|[upkeep]
|-heal|p2a: Ho-Oh|76/100|[from] item: Leftovers
|upkeep
|turn|4
|
|t:|1750831760
|switch|p2b: Sinistcha|Sinistcha-Masterpiece, L50|100/100
|-heal|p2a: Ho-Oh|100/100|[from] ability: Hospitality|[of] p2b: Sinistcha
|move|p1a: Ogerpon|Follow Me|p1a: Ogerpon
|-singleturn|p1a: Ogerpon|move: Follow Me
|move|p1b: Kyogre|Surf|p2a: Ho-Oh|[spread] p2a,p2b
|-heal|p1a: Ogerpon|100/100|[from] ability: Water Absorb|[of] p1b: Kyogre
|-resisted|p2a: Ho-Oh
|-resisted|p2b: Sinistcha
|-damage|p2a: Ho-Oh|79/100
|-damage|p2b: Sinistcha|71/100
|move|p2a: Ho-Oh|Whirlwind|p1a: Ogerpon
|drag|p1a: Toxicroak|Toxicroak, L50, F|100/100
|
|-weather|RainDance|[upkeep]
|-heal|p2a: Ho-Oh|85/100|[from] item: Leftovers
|upkeep
|turn|5
|
|t:|1750831783
|move|p1a: Toxicroak|Fake Out|p2a: Ho-Oh
|-damage|p2a: Ho-Oh|77/100
|move|p1b: Kyogre|Ice Beam|p2b: Sinistcha
|-supereffective|p2b: Sinistcha
|-damage|p2b: Sinistcha|14/100
|cant|p2a: Ho-Oh|flinch
|move|p2b: Sinistcha|Matcha Gotcha|p1a: Toxicroak|[spread] p1b
|-miss|p2b: Sinistcha|p1a: Toxicroak
|-supereffective|p1b: Kyogre
|-crit|p1b: Kyogre
|-damage|p1b: Kyogre|4/100
|-heal|p2b: Sinistcha|40/100|[from] drain|[of] p1b: Kyogre
|
|-weather|none
|-heal|p2a: Ho-Oh|83/100|[from] item: Leftovers
|upkeep
|turn|6
|inactive|ItsZachStone has 30 seconds left.
|inactive|maodawang has 30 seconds left.
|
|t:|1750831812
|switch|p1b: Ogerpon|Ogerpon-Wellspring, L50, F|100/100
|switch|p2b: Dialga|Dialga-Origin, L50|100/100
|-ability|p2b: Dialga|Pressure
|move|p1a: Toxicroak|Poison Jab|p2a: Ho-Oh
|-supereffective|p2a: Ho-Oh
|-crit|p2a: Ho-Oh
|-damage|p2a: Ho-Oh|9/100
|move|p2a: Ho-Oh|Sacred Fire|p1a: Toxicroak
|-damage|p1a: Toxicroak|19/100
|
|-heal|p2a: Ho-Oh|15/100|[from] item: Leftovers
|upkeep
|turn|7
|inactive|ItsZachStone has 30 seconds left.
|
|t:|1750831842
|move|p2a: Ho-Oh|Protect|p2a: Ho-Oh
|-singleturn|p2a: Ho-Oh|Protect
|move|p1a: Toxicroak|Close Combat|p2b: Dialga
|-supereffective|p2b: Dialga
|-damage|p2b: Dialga|27/100
|-unboost|p1a: Toxicroak|def|1
|-unboost|p1a: Toxicroak|spd|1
|move|p1b: Ogerpon|Ivy Cudgel|p2a: Ho-Oh|[anim] Ivy Cudgel Water
|-activate|p2a: Ho-Oh|move: Protect
|move|p2b: Dialga|Earth Power|p1a: Toxicroak
|-supereffective|p1a: Toxicroak
|-damage|p1a: Toxicroak|0 fnt
|faint|p1a: Toxicroak
|
|-heal|p2a: Ho-Oh|21/100|[from] item: Leftovers
|upkeep
|
|t:|1750831851
|switch|p1a: Kyogre|Kyogre, L50|4/100
|-weather|RainDance|[from] ability: Drizzle|[of] p1a: Kyogre
|turn|8
|
|t:|1750831870
|switch|p2b: Sinistcha|Sinistcha-Masterpiece, L50|40/100
|-heal|p2a: Ho-Oh|46/100|[from] ability: Hospitality|[of] p2b: Sinistcha
|-terastallize|p1b: Ogerpon|Water
|detailschange|p1b: Ogerpon|Ogerpon-Wellspring-Tera, L50, F, tera:Water
|-ability|p1b: Ogerpon|Embody Aspect (Wellspring)|boost
|-boost|p1b: Ogerpon|spd|1
|move|p1a: Kyogre|Protect|p1a: Kyogre
|-singleturn|p1a: Kyogre|Protect
|move|p1b: Ogerpon|Ivy Cudgel|p2a: Ho-Oh|[anim] Ivy Cudgel Water
|-resisted|p2a: Ho-Oh
|-damage|p2a: Ho-Oh|12/100
|move|p2a: Ho-Oh|Life Dew|p2a: Ho-Oh|[spread] p2a,p2b
|-heal|p2a: Ho-Oh|37/100
|-heal|p2b: Sinistcha|65/100
|
|-weather|RainDance|[upkeep]
|-heal|p2a: Ho-Oh|43/100|[from] item: Leftovers
|upkeep
|turn|9
|
|t:|1750831894
|move|p2a: Ho-Oh|Protect|p2a: Ho-Oh
|-singleturn|p2a: Ho-Oh|Protect
|move|p1b: Ogerpon|Follow Me|p1b: Ogerpon
|-singleturn|p1b: Ogerpon|move: Follow Me
|move|p1a: Kyogre|Ice Beam|p2a: Ho-Oh
|-activate|p2a: Ho-Oh|move: Protect
|move|p2b: Sinistcha|Matcha Gotcha|p1b: Ogerpon|[spread] p1a,p1b
|-supereffective|p1a: Kyogre
|-supereffective|p1b: Ogerpon
|-damage|p1a: Kyogre|0 fnt
|-heal|p2b: Sinistcha|67/100|[from] drain|[of] p1a: Kyogre
|-damage|p1b: Ogerpon|74/100
|-heal|p2b: Sinistcha|81/100|[from] drain|[of] p1b: Ogerpon
|-status|p1b: Ogerpon|brn
|faint|p1a: Kyogre
|
|-weather|RainDance|[upkeep]
|-heal|p2a: Ho-Oh|49/100|[from] item: Leftovers
|-damage|p1b: Ogerpon|68/100 brn|[from] brn
|upkeep
|
|t:|1750831899
|switch|p1a: Calyrex|Calyrex-Ice, L50|100/100
|-ability|p1a: Calyrex|As One
|-ability|p1a: Calyrex|Unnerve
|turn|10
|inactive|maodawang has 30 seconds left.
|inactive|maodawang has 20 seconds left.
|
|t:|1750831936
|switch|p2a: Dialga|Dialga-Origin, L50|27/100
|-ability|p2a: Dialga|Pressure
|switch|p2b: Urshifu|Urshifu-Rapid-Strike, L50, F|63/100
|move|p1b: Ogerpon|Helping Hand|p1a: Calyrex
|-singleturn|p1a: Calyrex|Helping Hand|[of] p1b: Ogerpon
|move|p1a: Calyrex|Glacial Lance|p2b: Urshifu|[spread] p2a,p2b
|-resisted|p2b: Urshifu
|-damage|p2a: Dialga|0 fnt
|-damage|p2b: Urshifu|32/100
|faint|p2a: Dialga
|-ability|p1a: Calyrex|Chilling Neigh|boost
|-boost|p1a: Calyrex|atk|1
|
|-weather|RainDance|[upkeep]
|-damage|p1b: Ogerpon|62/100 brn|[from] brn
|upkeep
|
|t:|1750831955
|switch|p2a: Sinistcha|Sinistcha-Masterpiece, L50|81/100
|-heal|p2b: Urshifu|57/100|[from] ability: Hospitality|[of] p2a: Sinistcha
|turn|11
|
|t:|1750831978
|move|p2b: Urshifu|Detect|p2b: Urshifu
|-singleturn|p2b: Urshifu|Protect
|move|p1b: Ogerpon|Follow Me|p1b: Ogerpon
|-singleturn|p1b: Ogerpon|move: Follow Me
|move|p2a: Sinistcha|Spite|p1b: Ogerpon
|-activate|p1b: Ogerpon|move: Spite|Follow Me|4
|move|p1a: Calyrex|Glacial Lance|p2a: Sinistcha|[spread] p2a
|-activate|p2b: Urshifu|move: Protect
|-supereffective|p2a: Sinistcha
|-damage|p2a: Sinistcha|0 fnt
|faint|p2a: Sinistcha
|-ability|p1a: Calyrex|Chilling Neigh|boost
|-boost|p1a: Calyrex|atk|1
|
|-weather|RainDance|[upkeep]
|-damage|p1b: Ogerpon|56/100 brn|[from] brn
|upkeep
|-message|maodawang forfeited.
|
|win|ItsZachStone
|raw|ItsZachStone's rating: 1387 &rarr; <strong>1404</strong><br />(+17 for winning)
|raw|maodawang's rating: 1333 &rarr; <strong>1316</strong><br />(-17 for losing)
|l|☆maodawang
|player|p2|
|l|☆ItsZachStone
|player|p1|
