|j|☆quetio+
|j|‽PokePlatine
|t:|1750771376
|gametype|doubles
|player|p1|quetio+|170|1255
|player|p2|PokePlatine|barry|1261
|teamsize|p1|6
|teamsize|p2|6
|gen|9
|tier|[Gen 9] VGC 2025 Reg I
|rated|
|rule|Species Clause: Limit one of each Pokémon
|rule|Item Clause: Limit 1 of each item
|clearpoke
|poke|p1|Kingambit, L50, F|
|poke|p1|Calyrex-Ice, L50|
|poke|p1|Kyogre, L50|
|poke|p1|Landorus, L50, M|
|poke|p1|Urshifu-*, L50, F|
|poke|p1|Grimmsnarl, L50, M|
|poke|p2|Calyrex-Shadow, L50|
|poke|p2|Koraidon, L50|
|poke|p2|Raging Bolt, L50|
|poke|p2|Talonflame, L50, M|
|poke|p2|Incineroar, L50, M|
|poke|p2|Amoonguss, L50, M|
|teampreview|4
|
|t:|1750771410
|start
|switch|p1a: Grimmsnarl|Grimmsnarl, L50, M|100/100
|switch|p1b: Calyrex|Calyrex-Ice, L50|100/100
|switch|p2a: Calyrex|Calyrex-Shadow, L50|100/100
|switch|p2b: Talonflame|Talonflame, L50, M|100/100
|-ability|p2a: Calyrex|As One
|-ability|p2a: Calyrex|Unnerve
|-ability|p1b: Calyrex|As One
|-ability|p1b: Calyrex|Unnerve
|turn|1
|
|t:|1750771440
|-terastallize|p1b: Calyrex|Water
|move|p1a: Grimmsnarl|Light Screen|p1a: Grimmsnarl
|-sidestart|p1: quetio+|move: Light Screen
|move|p2a: Calyrex|Trick|p1b: Calyrex
|-activate|p2a: Calyrex|move: Trick|[of] p1b: Calyrex
|-item|p1b: Calyrex|Choice Scarf|[from] move: Trick
|-item|p2a: Calyrex|Clear Amulet|[from] move: Trick
|move|p2b: Talonflame|Taunt|p1a: Grimmsnarl
|-start|p1a: Grimmsnarl|move: Taunt
|move|p1b: Calyrex|Trick Room|p1b: Calyrex
|-fieldstart|move: Trick Room|[of] p1b: Calyrex
|
|upkeep
|turn|2
|
|t:|1750771462
|switch|p1b: Kingambit|Kingambit, L50, F|100/100
|switch|p2b: Raging Bolt|Raging Bolt, L50|100/100
|move|p1a: Grimmsnarl|Spirit Break|p2a: Calyrex
|-damage|p2a: Calyrex|62/100
|move|p2a: Calyrex|Astral Barrage|p1a: Grimmsnarl|[spread] p1a,p1b
|-resisted|p1a: Grimmsnarl
|-resisted|p1b: Kingambit
|-damage|p1a: Grimmsnarl|83/100
|-damage|p1b: Kingambit|88/100
|
|upkeep
|turn|3
|
|t:|1750771492
|move|p2a: Calyrex|Protect|p2a: Calyrex
|-singleturn|p2a: Calyrex|Protect
|move|p1b: Kingambit|Kowtow Cleave|p2a: Calyrex
|-activate|p2a: Calyrex|move: Protect
|move|p1a: Grimmsnarl|Spirit Break|p2b: Raging Bolt
|-supereffective|p2b: Raging Bolt
|-damage|p2b: Raging Bolt|57/100
|-unboost|p2b: Raging Bolt|spa|1
|move|p2b: Raging Bolt|Calm Mind|p2b: Raging Bolt
|-boost|p2b: Raging Bolt|spa|1
|-boost|p2b: Raging Bolt|spd|1
|
|-heal|p2b: Raging Bolt|63/100|[from] item: Leftovers
|upkeep
|turn|4
|
|t:|1750771519
|switch|p2a: Talonflame|Talonflame, L50, M|100/100
|move|p2b: Raging Bolt|Thunderclap|p1a: Grimmsnarl
|-damage|p1a: Grimmsnarl|60/100
|move|p1b: Kingambit|Kowtow Cleave|p2a: Talonflame
|-damage|p2a: Talonflame|42/100
|move|p1a: Grimmsnarl|Spirit Break|p2a: Talonflame
|-resisted|p2a: Talonflame
|-damage|p2a: Talonflame|22/100
|-unboost|p2a: Talonflame|spa|1
|
|-heal|p2b: Raging Bolt|69/100|[from] item: Leftovers
|-end|p1a: Grimmsnarl|move: Taunt
|upkeep
|turn|5
|
|t:|1750771540
|move|p2b: Raging Bolt|Thunderclap|p1a: Grimmsnarl
|-damage|p1a: Grimmsnarl|39/100
|move|p1b: Kingambit|Kowtow Cleave|p2a: Talonflame
|-damage|p2a: Talonflame|0 fnt
|faint|p2a: Talonflame
|move|p1a: Grimmsnarl|Spirit Break|p2b: Raging Bolt
|-supereffective|p2b: Raging Bolt
|-damage|p2b: Raging Bolt|24/100
|-unboost|p2b: Raging Bolt|spa|1
|
|-heal|p2b: Raging Bolt|30/100|[from] item: Leftovers
|-fieldend|move: Trick Room
|upkeep
|
|t:|1750771553
|switch|p2a: Koraidon|Koraidon, L50|100/100
|-weather|SunnyDay|[from] ability: Orichalcum Pulse|[of] p2a: Koraidon
|-activate|p2b: Raging Bolt|ability: Protosynthesis
|-start|p2b: Raging Bolt|protosynthesisspd
|-activate|p2a: Koraidon|Orichalcum Pulse|[source]
|turn|6
|
|t:|1750771589
|-end|p2b: Raging Bolt|Protosynthesis|[silent]
|switch|p2b: Calyrex|Calyrex-Shadow, L50|62/100
|-ability|p2b: Calyrex|As One
|-ability|p2b: Calyrex|Unnerve
|-terastallize|p2a: Koraidon|Fire
|move|p1a: Grimmsnarl|Thunder Wave|p2a: Koraidon
|-status|p2a: Koraidon|par
|move|p2a: Koraidon|Flame Charge|p1a: Grimmsnarl
|-damage|p1a: Grimmsnarl|0 fnt
|-boost|p2a: Koraidon|spe|1
|faint|p1a: Grimmsnarl
|-damage|p2a: Koraidon|91/100 par|[from] item: Life Orb
|move|p1b: Kingambit|Low Kick|p2b: Calyrex
|-immune|p2b: Calyrex
|
|-weather|SunnyDay|[upkeep]
|upkeep
|
|t:|1750771610
|switch|p1a: Kyogre|Kyogre, L50|100/100
|-weather|RainDance|[from] ability: Drizzle|[of] p1a: Kyogre
|turn|7
|
|t:|1750771623
|switch|p2a: Raging Bolt|Raging Bolt, L50|30/100
|move|p1b: Kingambit|Sucker Punch||[still]
|-fail|p1b: Kingambit
|move|p1a: Kyogre|Origin Pulse|p2b: Calyrex|[spread] p2a,p2b
|-resisted|p2a: Raging Bolt
|-damage|p2a: Raging Bolt|0 fnt
|-damage|p2b: Calyrex|0 fnt
|faint|p2a: Raging Bolt
|-end|p2a: Raging Bolt|Protosynthesis|[silent]
|faint|p2b: Calyrex
|
|-weather|RainDance|[upkeep]
|upkeep
|-message|PokePlatine forfeited.
|
|win|quetio+
|raw|quetio+'s rating: 1255 &rarr; <strong>1280</strong><br />(+25 for winning)
|raw|PokePlatine's rating: 1261 &rarr; <strong>1236</strong><br />(-25 for losing)
|l|‽PokePlatine
|player|p2|
|l|☆quetio+
|player|p1|
