|j|☆bestgeoduck
|j|☆olaf-18
|t:|1750720337
|gametype|doubles
|player|p1|bestgeoduck|collector|1293
|player|p2|olaf-18|169|1232
|teamsize|p1|6
|teamsize|p2|6
|gen|9
|tier|[Gen 9] VGC 2025 Reg I
|rated|
|rule|Species Clause: Limit one of each Pokémon
|rule|Item Clause: Limit 1 of each item
|clearpoke
|poke|p1|Tornadus, L50, M|
|poke|p1|Iron Valiant, L50|
|poke|p1|Calyrex-Shadow, L50|
|poke|p1|Landorus, L50, M|
|poke|p1|Necrozma-Dusk-Mane, L50|
|poke|p1|Toxapex, L50, M|
|poke|p2|Espathra, L50, F|
|poke|p2|Calyrex-Shadow, L50|
|poke|p2|Miraidon, L50|
|poke|p2|Indeedee-F, L50, F|
|poke|p2|Incineroar, L50, F|
|poke|p2|Volcarona, L50, F|
|teampreview|4
|
|t:|1750720361
|start
|switch|p1a: Tornadus|Tornadus, L50, M|100/100
|switch|p1b: Landorus|Landorus, L50, M|100/100
|switch|p2a: Espathra|Espathra, L50, F|100/100
|switch|p2b: Miraidon|Miraidon, L50|100/100
|-fieldstart|move: Electric Terrain|[from] ability: Hadron Engine|[of] p2b: Miraidon
|-enditem|p2a: Espathra|Electric Seed
|-boost|p2a: Espathra|def|1|[from] item: Electric Seed
|turn|1
|
|t:|1750720393
|move|p1a: Tornadus|Tailwind|p1a: Tornadus
|-sidestart|p1: bestgeoduck|move: Tailwind
|move|p2b: Miraidon|Volt Switch|p1a: Tornadus
|-supereffective|p1a: Tornadus
|-damage|p1a: Tornadus|0 fnt
|faint|p1a: Tornadus
|
|t:|1750720398
|switch|p2b: Indeedee|Indeedee-F, L50, F|100/100|[from] Volt Switch
|move|p1b: Landorus|Sandsear Storm|p2a: Espathra|[spread] p2a,p2b
|-damage|p2a: Espathra|21/100
|-damage|p2b: Indeedee|58/100
|move|p2a: Espathra|Calm Mind|p2a: Espathra
|-boost|p2a: Espathra|spa|1
|-boost|p2a: Espathra|spd|1
|
|-ability|p2a: Espathra|Speed Boost|boost
|-boost|p2a: Espathra|spe|1
|upkeep
|
|t:|1750720411
|switch|p1a: Calyrex|Calyrex-Shadow, L50|100/100
|-ability|p1a: Calyrex|As One
|-ability|p1a: Calyrex|Unnerve
|turn|2
|inactive|Battle timer is ON: inactive players will automatically lose when time's up. (requested by bestgeoduck)
|
|t:|1750720428
|move|p2a: Espathra|Protect|p2a: Espathra
|-singleturn|p2a: Espathra|Protect
|move|p2b: Indeedee|Fake Out|p1b: Landorus
|-damage|p1b: Landorus|91/100
|move|p1a: Calyrex|Astral Barrage|p2a: Espathra|[spread] 
|-activate|p2a: Espathra|move: Protect
|-immune|p2b: Indeedee
|cant|p1b: Landorus|flinch
|
|-ability|p2a: Espathra|Speed Boost|boost
|-boost|p2a: Espathra|spe|1
|upkeep
|turn|3
|inactive|olaf-18 has 30 seconds left.
|
|t:|1750720455
|move|p2a: Espathra|Protect||[still]
|-fail|p2a: Espathra
|move|p2b: Indeedee|Follow Me|p2b: Indeedee
|-singleturn|p2b: Indeedee|move: Follow Me
|move|p1a: Calyrex|Astral Barrage|p2b: Indeedee|[spread] p2a
|-immune|p2b: Indeedee
|-supereffective|p2a: Espathra
|-damage|p2a: Espathra|0 fnt
|faint|p2a: Espathra
|-ability|p1a: Calyrex|Grim Neigh|boost
|-boost|p1a: Calyrex|spa|1
|move|p1b: Landorus|Earth Power|p2b: Indeedee
|-damage|p2b: Indeedee|4/100
|
|upkeep
|
|t:|1750720461
|switch|p2a: Calyrex|Calyrex-Shadow, L50|100/100
|-ability|p2a: Calyrex|As One
|-ability|p2a: Calyrex|Unnerve
|turn|4
|
|t:|1750720474
|move|p2a: Calyrex|Protect|p2a: Calyrex
|-singleturn|p2a: Calyrex|Protect
|move|p2b: Indeedee|Follow Me|p2b: Indeedee
|-singleturn|p2b: Indeedee|move: Follow Me
|move|p1a: Calyrex|Astral Barrage|p2b: Indeedee|[spread] 
|-activate|p2a: Calyrex|move: Protect
|-immune|p2b: Indeedee
|move|p1b: Landorus|Sandsear Storm|p2a: Calyrex|[spread] p2b
|-activate|p2a: Calyrex|move: Protect
|-damage|p2b: Indeedee|0 fnt
|faint|p2b: Indeedee
|
|-sideend|p1: bestgeoduck|move: Tailwind
|upkeep
|
|t:|1750720477
|switch|p2b: Miraidon|Miraidon, L50|100/100
|-activate|p2b: Miraidon|ability: Hadron Engine
|turn|5
|inactive|bestgeoduck has 30 seconds left.
|
|t:|1750720505
|move|p1a: Calyrex|Protect|p1a: Calyrex
|-singleturn|p1a: Calyrex|Protect
|move|p1b: Landorus|Protect|p1b: Landorus
|-singleturn|p1b: Landorus|Protect
|move|p2b: Miraidon|Dazzling Gleam|p1b: Landorus|[spread] 
|-activate|p1a: Calyrex|move: Protect
|-activate|p1b: Landorus|move: Protect
|move|p2a: Calyrex|Astral Barrage|p1b: Landorus|[spread] 
|-activate|p1a: Calyrex|move: Protect
|-activate|p1b: Landorus|move: Protect
|
|-fieldend|move: Electric Terrain
|upkeep
|turn|6
|inactive|bestgeoduck has 30 seconds left.
|inactive|bestgeoduck has 20 seconds left.
|
|t:|1750720544
|move|p2b: Miraidon|Dazzling Gleam|p1a: Calyrex|[spread] p1a,p1b
|-damage|p1a: Calyrex|78/100
|-damage|p1b: Landorus|65/100
|move|p1a: Calyrex|Astral Barrage|p2b: Miraidon|[spread] p2a,p2b
|-supereffective|p2a: Calyrex
|-enditem|p2a: Calyrex|Focus Sash
|-damage|p2a: Calyrex|1/100
|-damage|p2b: Miraidon|28/100
|move|p2a: Calyrex|Astral Barrage|p1b: Landorus|[spread] p1a,p1b
|-supereffective|p1a: Calyrex
|-damage|p1a: Calyrex|0 fnt
|-damage|p1b: Landorus|0 fnt
|faint|p1a: Calyrex
|faint|p1b: Landorus
|-ability|p2a: Calyrex|Grim Neigh|boost
|-boost|p2a: Calyrex|spa|2
|
|upkeep
|
|t:|1750720550
|switch|p1b: Iron Valiant|Iron Valiant, L50|100/100
|-enditem|p1b: Iron Valiant|Booster Energy
|-activate|p1b: Iron Valiant|ability: Quark Drive|[fromitem]
|-start|p1b: Iron Valiant|quarkdrivespe
|turn|7
|-message|bestgeoduck forfeited.
|
|win|olaf-18
|raw|bestgeoduck's rating: 1293 &rarr; <strong>1264</strong><br />(-29 for losing)
|raw|olaf-18's rating: 1232 &rarr; <strong>1261</strong><br />(+29 for winning)
|l|☆bestgeoduck
|player|p1|
|l|☆olaf-18
|player|p2|
