|j|☆nobody9028
|j|☆Geezerlad45
|t:|1750850098
|gametype|doubles
|player|p1|nobody9028|dawn|1535
|player|p2|Geezerlad45|cynthia-gen4|1468
|teamsize|p1|6
|teamsize|p2|6
|gen|9
|tier|[Gen 9] VGC 2025 Reg I
|rated|
|rule|Species Clause: Limit one of each Pokémon
|rule|Item Clause: Limit 1 of each item
|clearpoke
|poke|p1|Calyrex-Shadow, L50|
|poke|p1|Zamazenta-*, L50|
|poke|p1|Landorus, L50, M|
|poke|p1|Chien-Pao, L50|
|poke|p1|Dragonite, L50, M|
|poke|p1|Weezing-Galar, L50, M|
|poke|p2|Iron Valiant, L50|
|poke|p2|Raging Bolt, L50|
|poke|p2|Lunala, L50|
|poke|p2|Koraidon, L50|
|poke|p2|Flutter Mane, L50|
|poke|p2|Iron Hands, L50|
|teampreview|4
|inactive|Battle timer is ON: inactive players will automatically lose when time's up. (requested by Geezerlad45)
|inactive|Geezerlad45 has 60 seconds left.
|
|t:|1750850132
|start
|switch|p1a: Calyrex|Calyrex-Shadow, L50|100/100
|switch|p1b: Weezing|Weezing-Galar, L50, M|100/100
|switch|p2a: Lunala|Lunala, L50|100/100
|switch|p2b: Iron Valiant|Iron Valiant, L50|100/100
|-ability|p1b: Weezing|Neutralizing Gas
|-ability|p1a: Calyrex|As One
|-ability|p1a: Calyrex|Unnerve
|turn|1
|inactive|nobody9028 has 30 seconds left.
|
|t:|1750850164
|move|p2b: Iron Valiant|Wide Guard|p2b: Iron Valiant
|-singleturn|p2b: Iron Valiant|Wide Guard
|move|p1a: Calyrex|Astral Barrage|p2a: Lunala|[spread] 
|-activate|p2a: Lunala|move: Wide Guard
|-activate|p2b: Iron Valiant|move: Wide Guard
|move|p2a: Lunala|Calm Mind|p2a: Lunala
|-boost|p2a: Lunala|spa|1
|-boost|p2a: Lunala|spd|1
|move|p1b: Weezing|Sludge Bomb|p2a: Lunala
|-resisted|p2a: Lunala
|-damage|p2a: Lunala|94/100
|-status|p2a: Lunala|psn
|
|-heal|p2a: Lunala|99/100 psn|[from] item: Leftovers
|-damage|p2a: Lunala|88/100 psn|[from] psn
|upkeep
|turn|2
|
|t:|1750850185
|move|p2b: Iron Valiant|Wide Guard|p2b: Iron Valiant
|-singleturn|p2b: Iron Valiant|Wide Guard
|move|p1a: Calyrex|Encore|p2a: Lunala
|-start|p2a: Lunala|Encore
|move|p2a: Lunala|Calm Mind|p2a: Lunala
|-boost|p2a: Lunala|spa|1
|-boost|p2a: Lunala|spd|1
|move|p1b: Weezing|Toxic Spikes|p2b: Iron Valiant
|-sidestart|p2: Geezerlad45|move: Toxic Spikes
|
|-heal|p2a: Lunala|94/100 psn|[from] item: Leftovers
|-damage|p2a: Lunala|82/100 psn|[from] psn
|upkeep
|turn|3
|inactive|Geezerlad45 has 30 seconds left.
|
|t:|1750850218
|-terastallize|p2b: Iron Valiant|Normal
|move|p1a: Calyrex|Disable|p2a: Lunala
|-start|p2a: Lunala|Disable|Calm Mind
|move|p2b: Iron Valiant|Knock Off|p1a: Calyrex
|-supereffective|p1a: Calyrex
|-enditem|p1a: Calyrex|Focus Sash
|-damage|p1a: Calyrex|1/100
|cant|p2a: Lunala|Disable|Calm Mind
|move|p1b: Weezing|Sludge Bomb|p2b: Iron Valiant
|-crit|p2b: Iron Valiant
|-damage|p2b: Iron Valiant|24/100
|-status|p2b: Iron Valiant|psn
|
|-heal|p2a: Lunala|88/100 psn|[from] item: Leftovers
|-damage|p2b: Iron Valiant|12/100 psn|[from] psn
|-damage|p2a: Lunala|75/100 psn|[from] psn
|upkeep
|turn|4
|inactive|nobody9028 has 30 seconds left.
|inactive|nobody9028 has 20 seconds left.
|
|t:|1750850258
|-end|p1b: Weezing|ability: Neutralizing Gas
|switch|p1b: Dragonite|Dragonite, L50, M|100/100
|-enditem|p2b: Iron Valiant|Booster Energy
|-activate|p2b: Iron Valiant|ability: Quark Drive|[fromitem]
|-start|p2b: Iron Valiant|quarkdrivespe
|move|p1a: Calyrex|Protect|p1a: Calyrex
|-singleturn|p1a: Calyrex|Protect
|move|p2b: Iron Valiant|Wide Guard|p2b: Iron Valiant
|-singleturn|p2b: Iron Valiant|Wide Guard
|-activate|p2a: Lunala|move: Struggle
|move|p2a: Lunala|Struggle|p1b: Dragonite
|-damage|p1b: Dragonite|90/100
|-damage|p2a: Lunala|50/100 psn|[from] recoil
|
|-heal|p2a: Lunala|57/100 psn|[from] item: Leftovers
|-damage|p2b: Iron Valiant|0 fnt|[from] psn
|faint|p2b: Iron Valiant
|-end|p2b: Iron Valiant|Quark Drive|[silent]
|-damage|p2a: Lunala|44/100 psn|[from] psn
|-end|p2a: Lunala|Encore
|upkeep
|
|t:|1750850282
|switch|p2b: Iron Hands|Iron Hands, L50|100/100
|-status|p2b: Iron Hands|psn
|turn|5
|inactive|nobody9028 has 30 seconds left.
|
|t:|1750850310
|-terastallize|p1b: Dragonite|Normal
|move|p1a: Calyrex|Astral Barrage|p2a: Lunala|[spread] p2a,p2b
|-supereffective|p2a: Lunala
|-damage|p2a: Lunala|0 fnt
|-damage|p2b: Iron Hands|70/100 psn
|faint|p2a: Lunala
|-ability|p1a: Calyrex|Grim Neigh|boost
|-boost|p1a: Calyrex|spa|1
|move|p1b: Dragonite|Outrage|p2b: Iron Hands
|-damage|p2b: Iron Hands|5/100 psn
|move|p2b: Iron Hands|Wild Charge|p1a: Calyrex
|-damage|p1a: Calyrex|0 fnt
|faint|p1a: Calyrex
|-damage|p2b: Iron Hands|4/100 psn|[from] Recoil
|
|-damage|p2b: Iron Hands|0 fnt|[from] psn
|faint|p2b: Iron Hands
|-end|p2b: Iron Hands|Quark Drive|[silent]
|upkeep
|-message|Geezerlad45 forfeited.
|
|win|nobody9028
|raw|nobody9028's rating: 1535 &rarr; <strong>1551</strong><br />(+16 for winning)
|raw|Geezerlad45's rating: 1468 &rarr; <strong>1452</strong><br />(-16 for losing)
|l|☆Geezerlad45
|player|p2|
|l|☆nobody9028
|player|p1|
