|j|☆Gigugiguleh
|j|☆aires17
|t:|1750868598
|gametype|doubles
|player|p1|Gigugiguleh|bugcatcher-gen4dp|1450
|player|p2|aires17|1|1460
|teamsize|p1|6
|teamsize|p2|6
|gen|9
|tier|[Gen 9] VGC 2025 Reg I
|rated|
|rule|Species Clause: Limit one of each Pokémon
|rule|Item Clause: Limit 1 of each item
|clearpoke
|poke|p1|Bastiodon, L50, F|
|poke|p1|Miraidon, L50|
|poke|p1|Calyrex-Shadow, L50|
|poke|p1|Urshifu-*, L50, F|
|poke|p1|Incineroar, L50, F|
|poke|p1|Whimsicott, L50, F|
|poke|p2|Calyrex-Ice, L50|
|poke|p2|Miraidon, L50|
|poke|p2|Volcarona, L50, M|
|poke|p2|Rillaboom, L50, M|
|poke|p2|Farigiraf, L50, M|
|poke|p2|Iron Hands, L50|
|teampreview|4
|inactive|Battle timer is ON: inactive players will automatically lose when time's up. (requested by Gigugiguleh)
aires17 rejected open team sheets.
|inactive|Gigugiguleh has 60 seconds left.
|
|t:|1750868632
|start
|switch|p1a: Don Arrogance|Calyrex-Shadow, L50|100/100
|switch|p1b: Don VGC|Incineroar, L50, F|100/100
|switch|p2a: Volcarona|Volcarona, L50, M|100/100
|switch|p2b: Rillaboom|Rillaboom, L50, M, shiny|100/100
|-ability|p1a: Don Arrogance|As One
|-ability|p1a: Don Arrogance|Unnerve
|-ability|p1b: Don VGC|Intimidate|boost
|-unboost|p2a: Volcarona|atk|1
|-unboost|p2b: Rillaboom|atk|1
|-fieldstart|move: Grassy Terrain|[from] ability: Grassy Surge|[of] p2b: Rillaboom
|-enditem|p2a: Volcarona|Grassy Seed
|-boost|p2a: Volcarona|def|1|[from] item: Grassy Seed
|turn|1
|inactive|Gigugiguleh has 30 seconds left.
|inactive|aires17 has 30 seconds left.
|
|t:|1750868664
|move|p1a: Don Arrogance|Astral Barrage|p2a: Volcarona|[spread] p2a,p2b
|-damage|p2a: Volcarona|40/100
|-damage|p2b: Rillaboom|37/100
|-damage|p1a: Don Arrogance|91/100|[from] item: Life Orb
|move|p2a: Volcarona|Quiver Dance|p2a: Volcarona
|-boost|p2a: Volcarona|spa|1
|-boost|p2a: Volcarona|spd|1
|-boost|p2a: Volcarona|spe|1
|move|p1b: Don VGC|Parting Shot|p2a: Volcarona
|-unboost|p2a: Volcarona|atk|1
|-unboost|p2a: Volcarona|spa|1
|
|t:|1750868680
|switch|p1b: Don Buttons|Miraidon, L50|100/100|[from] Parting Shot
|-fieldstart|move: Electric Terrain|[from] ability: Hadron Engine|[of] p1b: Don Buttons
|move|p2b: Rillaboom|Wood Hammer|p1a: Don Arrogance
|-damage|p1a: Don Arrogance|37/100
|-damage|p2b: Rillaboom|22/100|[from] Recoil
|
|upkeep
|turn|2
|
|t:|1750868704
|switch|p2b: Miraidon|Miraidon, L50|100/100
|-activate|p2b: Miraidon|ability: Hadron Engine
|-terastallize|p2a: Volcarona|Grass
|move|p2a: Volcarona|Giga Drain|p1b: Don Buttons
|-resisted|p1b: Don Buttons
|-damage|p1b: Don Buttons|86/100
|-heal|p2a: Volcarona|47/100|[from] drain|[of] p1b: Don Buttons
|move|p1a: Don Arrogance|Astral Barrage|p2b: Miraidon|[spread] p2a,p2b
|-damage|p2a: Volcarona|4/100
|-damage|p2b: Miraidon|52/100
|-damage|p1a: Don Arrogance|27/100|[from] item: Life Orb
|move|p1b: Don Buttons|Volt Switch|p2a: Volcarona
|-resisted|p2a: Volcarona
|-damage|p2a: Volcarona|0 fnt
|faint|p2a: Volcarona
|c|☆aires17|u didnt protect?
|c|☆aires17|u crazy bro?
|inactive|Gigugiguleh has 30 seconds left.
|
|t:|1750868730
|switch|p1b: Don VGC|Incineroar, L50, F|100/100|[from] Volt Switch
|-ability|p1b: Don VGC|Intimidate|boost
|-unboost|p2b: Miraidon|atk|1
|
|upkeep
|c|☆Gigugiguleh|yes
|
|t:|1750868741
|switch|p2a: Rillaboom|Rillaboom, L50, M, shiny|22/100
|-fieldstart|move: Grassy Terrain|[from] ability: Grassy Surge|[of] p2a: Rillaboom
|turn|3
|c|☆aires17|wtf
|inactive|Gigugiguleh has 30 seconds left.
|c|☆aires17|you would give me the game there
|c|☆Gigugiguleh|i knew you wouldnt attack caly
|inactive|Gigugiguleh has 20 seconds left.
|c|☆aires17|you read too much into that i think
|inactive|Gigugiguleh has 15 seconds left.
|c|☆aires17|if i did u auto lose
|
|t:|1750868785
|-terastallize|p1a: Don Arrogance|Dark
|move|p1b: Don VGC|Fake Out|p2b: Miraidon
|-damage|p2b: Miraidon|42/100
|move|p2a: Rillaboom|Grassy Glide|p1a: Don Arrogance
|-damage|p1a: Don Arrogance|0 fnt
|faint|p1a: Don Arrogance
|cant|p2b: Miraidon|flinch
|
|-heal|p2b: Miraidon|48/100|[from] Grassy Terrain
|-heal|p2a: Rillaboom|28/100|[from] Grassy Terrain
|upkeep
|c|☆Gigugiguleh|i dont think
|c|☆aires17|and given we are low ladder it seems risky for me
|
|t:|1750868804
|switch|p1a: Don Buttons|Miraidon, L50|86/100
|-fieldstart|move: Electric Terrain|[from] ability: Hadron Engine|[of] p1a: Don Buttons
|turn|4
|
|t:|1750868815
|move|p1a: Don Buttons|Dazzling Gleam|p2b: Miraidon|[spread] p2a,p2b
|-supereffective|p2b: Miraidon
|-damage|p2a: Rillaboom|0 fnt
|-damage|p2b: Miraidon|0 fnt
|faint|p2a: Rillaboom
|faint|p2b: Miraidon
|move|p1b: Don VGC|Parting Shot|p2: Rillaboom|[notarget]
|-fail|p1b: Don VGC
|
|upkeep
|j| nijjerayi minion
|c|☆aires17|u scarf or speed tie?
|
|t:|1750868828
|switch|p2a: Calyrex|Calyrex-Ice, L50|100/100
|-ability|p2a: Calyrex|As One
|-ability|p2a: Calyrex|Unnerve
|turn|5
|c|☆Gigugiguleh|probably tie?
|c|☆Gigugiguleh|169 speed
|c|☆aires17|too bad for me
|inactive|Gigugiguleh has 30 seconds left.
|
|t:|1750868856
|move|p1a: Don Buttons|Dazzling Gleam|p2a: Calyrex
|-damage|p2a: Calyrex|65/100
|move|p1b: Don VGC|Knock Off|p2a: Calyrex
|-supereffective|p2a: Calyrex
|-damage|p2a: Calyrex|21/100
|-enditem|p2a: Calyrex|Leftovers|[from] move: Knock Off|[of] p1b: Don VGC
|move|p2a: Calyrex|Trick Room|p2a: Calyrex
|-fieldstart|move: Trick Room|[of] p2a: Calyrex
|
|upkeep
|turn|6
|c|☆aires17|oh i reused the team and it has the wrong spread
|c|☆aires17|my bad
|c|☆aires17|gg
|c|☆Gigugiguleh|gg
|inactive|aires17 has 30 seconds left.
|
|t:|1750868885
|switch|p1a: Don Bastio|Bastiodon, L50, F, shiny|100/100
|-enditem|p1a: Don Bastio|Electric Seed
|-boost|p1a: Don Bastio|def|1|[from] item: Electric Seed
|move|p2a: Calyrex|Glacial Lance|p1a: Don Bastio|[spread] p1a,p1b
|-resisted|p1a: Don Bastio
|-resisted|p1b: Don VGC
|-damage|p1a: Don Bastio|88/100
|-damage|p1b: Don VGC|74/100
|move|p1b: Don VGC|Knock Off|p2a: Calyrex
|-supereffective|p2a: Calyrex
|-damage|p2a: Calyrex|0 fnt
|faint|p2a: Calyrex
|
|win|Gigugiguleh
|raw|Gigugiguleh's rating: 1450 &rarr; <strong>1471</strong><br />(+21 for winning)
|raw|aires17's rating: 1460 &rarr; <strong>1439</strong><br />(-21 for losing)
|l|☆aires17
|player|p2|
|l|☆Gigugiguleh
|player|p1|
|l| nijjerayi minion
