|j|☆Diddibludden
|j|☆Arismendy
|t:|1750858609
|gametype|doubles
|player|p1|Diddibludden|101|1074
|player|p2|Arismendy|169|1088
|teamsize|p1|6
|teamsize|p2|6
|gen|9
|tier|[Gen 9] VGC 2025 Reg I
|rated|
|rule|Species Clause: Limit one of each Pokémon
|rule|Item Clause: Limit 1 of each item
|clearpoke
|poke|p1|Landorus, L50, M|
|poke|p1|Tornadus, L50, M|
|poke|p1|Miraidon, L50|
|poke|p1|Zamazenta-*, L50|
|poke|p1|Ogerpon-Wellspring, L50, F|
|poke|p1|Incineroar, L50, M|
|poke|p2|Dialga, L50|
|poke|p2|Pelipper, L50, M|
|poke|p2|Annihilape, L50, F|
|poke|p2|Carbink, L50|
|poke|p2|Malamar, L50, M|
|poke|p2|Ampharos, L50, F|
|teampreview|4
|inactive|Battle timer is ON: inactive players will automatically lose when time's up. (requested by Arismendy)
|
|t:|1750858639
|start
|switch|p1a: Zamazenta|Zamazenta-Crowned, L50|100/100
|switch|p1b: Landorus|Landorus, L50, M|100/100
|switch|p2a: Malamar|Malamar, L50, M, shiny|100/100
|switch|p2b: Ampharos|Ampharos, L50, F|100/100
|-ability|p1a: Zamazenta|Dauntless Shield|boost
|-boost|p1a: Zamazenta|def|1
|turn|1
|inactive|Diddibludden has 30 seconds left.
|
|t:|1750858665
|move|p2b: Ampharos|Protect|p2b: Ampharos
|-singleturn|p2b: Ampharos|Protect
|move|p1b: Landorus|Sandsear Storm|p2a: Malamar|[spread] p2a
|-activate|p2b: Ampharos|move: Protect
|-damage|p2a: Malamar|59/100
|move|p1a: Zamazenta|Body Press|p2a: Malamar
|-damage|p2a: Malamar|0 fnt
|faint|p2a: Malamar
|
|upkeep
|
|t:|1750858677
|switch|p2a: Annihilape|Annihilape, L50, F, shiny|100/100
|turn|2
|
|t:|1750858698
|move|p1b: Landorus|Sandsear Storm|p2b: Ampharos|[spread] p2a
|-miss|p1b: Landorus|p2b: Ampharos
|-damage|p2a: Annihilape|45/100
|move|p1a: Zamazenta|Iron Defense|p1a: Zamazenta
|-boost|p1a: Zamazenta|def|2
|move|p2a: Annihilape|Bulk Up|p2a: Annihilape
|-boost|p2a: Annihilape|atk|1
|-boost|p2a: Annihilape|def|1
|move|p2b: Ampharos|Zap Cannon|p1a: Zamazenta
|-damage|p1a: Zamazenta|45/100
|-status|p1a: Zamazenta|par
|-damage|p2b: Ampharos|91/100|[from] item: Life Orb
|
|-heal|p2a: Annihilape|51/100|[from] item: Leftovers
|upkeep
|turn|3
|inactive|Diddibludden has 30 seconds left.
|inactive|Arismendy has 30 seconds left.
|
|t:|1750858727
|move|p2a: Annihilape|Protect|p2a: Annihilape
|-singleturn|p2a: Annihilape|Protect
|move|p1b: Landorus|Sludge Bomb|p2a: Annihilape
|-activate|p2a: Annihilape|move: Protect
|move|p2b: Ampharos|Thunder|p1a: Zamazenta
|-damage|p1a: Zamazenta|2/100 par
|-damage|p2b: Ampharos|81/100|[from] item: Life Orb
|move|p1a: Zamazenta|Body Press|p2b: Ampharos
|-damage|p2b: Ampharos|0 fnt
|faint|p2b: Ampharos
|
|-heal|p2a: Annihilape|57/100|[from] item: Leftovers
|upkeep
|
|t:|1750858743
|switch|p2b: Dialga|Dialga, L50|100/100
|-ability|p2b: Dialga|Pressure
|turn|4
|
|t:|1750858757
|move|p2b: Dialga|Protect|p2b: Dialga
|-singleturn|p2b: Dialga|Protect
|move|p1b: Landorus|Sandsear Storm|p2a: Annihilape|[spread] 
|-activate|p2b: Dialga|move: Protect
|-miss|p1b: Landorus|p2a: Annihilape
|move|p2a: Annihilape|Rage Fist|p1b: Landorus
|-damage|p1b: Landorus|28/100
|move|p1a: Zamazenta|Body Press|p2b: Dialga
|-activate|p2b: Dialga|move: Protect
|
|-heal|p2a: Annihilape|63/100|[from] item: Leftovers
|upkeep
|turn|5
|
|t:|1750858780
|-terastallize|p2b: Dialga|Fairy
|move|p1b: Landorus|Sandsear Storm|p2b: Dialga|[spread] p2b
|-miss|p1b: Landorus|p2a: Annihilape
|-damage|p2b: Dialga|51/100
|move|p2a: Annihilape|Rage Fist|p1b: Landorus
|-damage|p1b: Landorus|0 fnt
|faint|p1b: Landorus
|move|p2b: Dialga|Heavy Slam|p1a: Zamazenta
|-resisted|p1a: Zamazenta
|-damage|p1a: Zamazenta|0 fnt
|faint|p1a: Zamazenta
|
|-heal|p2a: Annihilape|70/100|[from] item: Leftovers
|upkeep
|
|t:|1750858793
|switch|p1b: Miraidon|Miraidon, L50|100/100
|switch|p1a: Incineroar|Incineroar, L50, M|100/100
|-fieldstart|move: Electric Terrain|[from] ability: Hadron Engine|[of] p1b: Miraidon
|-ability|p1a: Incineroar|Intimidate|boost
|-unboost|p2a: Annihilape|atk|1
|-ability|p2a: Annihilape|Defiant|boost
|-boost|p2a: Annihilape|atk|2
|-unboost|p2b: Dialga|atk|1
|turn|6
|
|t:|1750858810
|-terastallize|p1b: Miraidon|Electric
|move|p2a: Annihilape|Protect|p2a: Annihilape
|-singleturn|p2a: Annihilape|Protect
|move|p1a: Incineroar|Fake Out|p2b: Dialga
|-damage|p2b: Dialga|43/100
|-enditem|p2b: Dialga|Sitrus Berry|[eat]
|-heal|p2b: Dialga|68/100|[from] item: Sitrus Berry
|move|p1b: Miraidon|Electro Drift|p2a: Annihilape
|-activate|p2a: Annihilape|move: Protect
|cant|p2b: Dialga|flinch
|
|-heal|p2a: Annihilape|76/100|[from] item: Leftovers
|upkeep
|turn|7
|inactive|Diddibludden has 30 seconds left.
|
|t:|1750858836
|move|p1b: Miraidon|Electro Drift|p2a: Annihilape
|-damage|p2a: Annihilape|0 fnt
|faint|p2a: Annihilape
|move|p2b: Dialga|Draco Meteor|p1b: Miraidon
|-damage|p1b: Miraidon|57/100
|-unboost|p2b: Dialga|spa|2
|move|p1a: Incineroar|Will-O-Wisp|p2b: Dialga
|-status|p2b: Dialga|brn
|
|-damage|p2b: Dialga|62/100 brn|[from] brn
|upkeep
|turn|8
|-message|Arismendy forfeited.
|
|win|Diddibludden
|raw|Diddibludden's rating: 1074 &rarr; <strong>1104</strong><br />(+30 for winning)
|raw|Arismendy's rating: 1088 &rarr; <strong>1064</strong><br />(-24 for losing)
|l|☆Arismendy
|player|p2|
|l|☆Diddibludden
|player|p1|
