|j|☆Regilover2015
|j|☆AmaneB
|t:|1750714093
|gametype|doubles
|player|p1|Regilover2015|hilbert|1440
|player|p2|AmaneB|brock|1480
|teamsize|p1|6
|teamsize|p2|5
|gen|9
|tier|[Gen 9] VGC 2025 Reg I
|rated|
|rule|Species Clause: Limit one of each Pokémon
|rule|Item Clause: Limit 1 of each item
|clearpoke
|poke|p1|Clefairy, L50, F|
|poke|p1|Calyrex-Shadow, L50|
|poke|p1|Kyogre, L50|
|poke|p1|Rillaboom, L50, F|
|poke|p1|Roaring Moon, L50|
|poke|p1|Landorus, L50, M|
|poke|p2|Rayquaza, L50|
|poke|p2|Chien-Pao, L50|
|poke|p2|Tinkaton, L50, F|
|poke|p2|Eternatus, L50|
|poke|p2|Rhydon, L50, F|
|teampreview|4
|inactive|Battle timer is ON: inactive players will automatically lose when time's up. (requested by AmaneB)
|inactive|Regilover2015 has 60 seconds left.
|
|t:|1750714140
|start
|switch|p1a: Calyrex|Calyrex-Shadow, L50|100/100
|switch|p1b: Clefairy|Clefairy, L50, F, shiny|100/100
|switch|p2a: Rayquaza|Rayquaza, L50, shiny|100/100
|switch|p2b: Tinkaton|Tinkaton, L50, F|100/100
|-ability|p1a: Calyrex|As One
|-ability|p1a: Calyrex|Unnerve
|-ability|p2a: Rayquaza|Air Lock
|-ability|p2b: Tinkaton|Mold Breaker
|turn|1
|j| zagmaer
|
|t:|1750714160
|-terastallize|p2a: Rayquaza|Normal
|move|p1b: Clefairy|Follow Me|p1b: Clefairy
|-singleturn|p1b: Clefairy|move: Follow Me
|move|p1a: Calyrex|Nasty Plot|p1a: Calyrex
|-boost|p1a: Calyrex|spa|2
|move|p2a: Rayquaza|Swords Dance|p2a: Rayquaza
|-boost|p2a: Rayquaza|atk|2
|move|p2b: Tinkaton|Knock Off|p1b: Clefairy
|-resisted|p1b: Clefairy
|-damage|p1b: Clefairy|94/100
|-enditem|p1b: Clefairy|Eviolite|[from] move: Knock Off|[of] p2b: Tinkaton
|
|upkeep
|turn|2
|
|t:|1750714174
|move|p2a: Rayquaza|Protect|p2a: Rayquaza
|-singleturn|p2a: Rayquaza|Protect
|move|p1b: Clefairy|Follow Me|p1b: Clefairy
|-singleturn|p1b: Clefairy|move: Follow Me
|move|p1a: Calyrex|Psychic|p2a: Rayquaza
|-activate|p2a: Rayquaza|move: Protect
|move|p2b: Tinkaton|Gigaton Hammer|p1b: Clefairy
|-supereffective|p1b: Clefairy
|-damage|p1b: Clefairy|0 fnt
|faint|p1b: Clefairy
|
|upkeep
|
|t:|1750714177
|switch|p1b: Kyogre|Kyogre, L50, shiny|100/100
|-weather|RainDance|[from] ability: Drizzle|[of] p1b: Kyogre
|turn|3
|l| zagmaer
|
|t:|1750714190
|move|p2a: Rayquaza|Extreme Speed|p1b: Kyogre
|-damage|p1b: Kyogre|10/100
|move|p1a: Calyrex|Psychic|p2a: Rayquaza
|-damage|p2a: Rayquaza|0 fnt
|faint|p2a: Rayquaza
|-ability|p1a: Calyrex|Grim Neigh|boost
|-boost|p1a: Calyrex|spa|1
|-damage|p1a: Calyrex|91/100|[from] item: Life Orb
|move|p2b: Tinkaton|Knock Off|p1a: Calyrex
|-supereffective|p1a: Calyrex
|-damage|p1a: Calyrex|6/100
|-enditem|p1a: Calyrex|Life Orb|[from] move: Knock Off|[of] p2b: Tinkaton
|move|p1b: Kyogre|Hydro Pump|p2b: Tinkaton
|-damage|p2b: Tinkaton|0 fnt
|faint|p2b: Tinkaton
|
|-weather|RainDance|[upkeep]
|upkeep
|
|t:|1750714207
|switch|p2a: Chien-Pao|Chien-Pao, L50|100/100
|switch|p2b: Eternatus|Eternatus, L50|100/100
|-ability|p2a: Chien-Pao|Sword of Ruin
|-ability|p2b: Eternatus|Pressure
|turn|4
|
|t:|1750714218
|switch|p1b: Landorus|Landorus, L50, M|100/100
|move|p1a: Calyrex|Protect|p1a: Calyrex
|-singleturn|p1a: Calyrex|Protect
|move|p2b: Eternatus|Protect|p2b: Eternatus
|-singleturn|p2b: Eternatus|Protect
|move|p2a: Chien-Pao|Sucker Punch||[still]
|-fail|p2a: Chien-Pao
|
|-weather|RainDance|[upkeep]
|upkeep
|turn|5
|
|t:|1750714235
|move|p2a: Chien-Pao|Sucker Punch|p1a: Calyrex
|-supereffective|p1a: Calyrex
|-damage|p1a: Calyrex|0 fnt
|faint|p1a: Calyrex
|move|p1b: Landorus|Sandsear Storm|p2b: Eternatus|[spread] p2a,p2b
|-supereffective|p2b: Eternatus
|-damage|p2a: Chien-Pao|16/100
|-damage|p2b: Eternatus|14/100
|move|p2b: Eternatus|Meteor Beam||[still]
|-prepare|p2b: Eternatus|Meteor Beam
|-boost|p2b: Eternatus|spa|1
|-enditem|p2b: Eternatus|Power Herb
|-anim|p2b: Eternatus|Meteor Beam|p1b: Landorus
|-damage|p1b: Landorus|11/100
|
|-weather|RainDance|[upkeep]
|upkeep
|
|t:|1750714240
|switch|p1a: Kyogre|Kyogre, L50, shiny|10/100
|turn|6
|
|t:|1750714253
|move|p2a: Chien-Pao|Protect|p2a: Chien-Pao
|-singleturn|p2a: Chien-Pao|Protect
|move|p2b: Eternatus|Protect|p2b: Eternatus
|-singleturn|p2b: Eternatus|Protect
|move|p1b: Landorus|Sandsear Storm|p2a: Chien-Pao|[spread] 
|-activate|p2a: Chien-Pao|move: Protect
|-activate|p2b: Eternatus|move: Protect
|move|p1a: Kyogre|Origin Pulse|p2b: Eternatus|[spread] 
|-activate|p2a: Chien-Pao|move: Protect
|-activate|p2b: Eternatus|move: Protect
|
|-weather|RainDance|[upkeep]
|upkeep
|turn|7
|
|t:|1750714273
|move|p2a: Chien-Pao|Sucker Punch|p1b: Landorus
|-damage|p1b: Landorus|0 fnt
|faint|p1b: Landorus
|move|p2b: Eternatus|Flamethrower|p1a: Kyogre
|-resisted|p1a: Kyogre
|-damage|p1a: Kyogre|2/100
|move|p1a: Kyogre|Origin Pulse|p2b: Eternatus|[spread] p2a,p2b
|-resisted|p2b: Eternatus
|-damage|p2a: Chien-Pao|0 fnt
|-damage|p2b: Eternatus|0 fnt
|faint|p2a: Chien-Pao
|faint|p2b: Eternatus
|
|win|Regilover2015
|raw|Regilover2015's rating: 1440 &rarr; <strong>1462</strong><br />(+22 for winning)
|raw|AmaneB's rating: 1480 &rarr; <strong>1458</strong><br />(-22 for losing)
