|j|☆HappyW
|j|☆Jack Zukeberg
|t:|1750719303
|gametype|doubles
|player|p1|HappyW|akari|1334
|player|p2|Jack Zukeberg|volkner|1255
|teamsize|p1|6
|teamsize|p2|6
|gen|9
|tier|[Gen 9] VGC 2025 Reg I
|rated|
|rule|Species Clause: Limit one of each Pokémon
|rule|Item Clause: Limit 1 of each item
|clearpoke
|poke|p1|Zacian-*, L50|
|poke|p1|Miraidon, L50|
|poke|p1|Chien-Pao, L50|
|poke|p1|Ogerpon-Hearthflame, L50, F|
|poke|p1|Landorus, L50, M|
|poke|p1|Farigiraf, L50, F|
|poke|p2|Rayquaza, L50|
|poke|p2|Zacian-*, L50|
|poke|p2|Chien-Pao, L50|
|poke|p2|Annihilape, L50, F|
|poke|p2|Farigiraf, L50, F|
|poke|p2|Volcarona, L50, M|
|teampreview|4
|inactive|Battle timer is ON: inactive players will automatically lose when time's up. (requested by Jack Zukeberg)
|inactive|HappyW also wants the timer to be on.
Jack Zukeberg rejected open team sheets.
|
|t:|1750719333
|start
|switch|p1a: Miraidon|Miraidon, L50|100/100
|switch|p1b: Chien-Pao|Chien-Pao, L50|100/100
|switch|p2a: Annihilape|Annihilape, L50, F|100/100
|switch|p2b: Chien-Pao|Chien-Pao, L50|100/100
|-fieldstart|move: Electric Terrain|[from] ability: Hadron Engine|[of] p1a: Miraidon
|-ability|p2b: Chien-Pao|Sword of Ruin
|-ability|p1b: Chien-Pao|Sword of Ruin
|turn|1
|inactive|Jack Zukeberg has 30 seconds left.
|
|t:|1750719361
|move|p1a: Miraidon|Volt Switch|p2a: Annihilape
|-damage|p2a: Annihilape|21/100
|
|t:|1750719366
|switch|p1a: Ogerpon|Ogerpon-Hearthflame, L50, F|100/100|[from] Volt Switch
|-ability|p1a: Ogerpon|Mold Breaker
|move|p2a: Annihilape|U-turn|p1b: Chien-Pao
|-supereffective|p1b: Chien-Pao
|-damage|p1b: Chien-Pao|37/100
|
|t:|1750719373
|switch|p2a: Zacian|Zacian-Crowned, L50|100/100|[from] U-turn
|-ability|p2a: Zacian|Intrepid Sword|boost
|-boost|p2a: Zacian|atk|1
|move|p2b: Chien-Pao|Ice Spinner|p1a: Ogerpon
|-damage|p1a: Ogerpon|43/100
|-fieldend|move: Electric Terrain
|move|p1b: Chien-Pao|Icicle Crash|p2b: Chien-Pao
|-resisted|p2b: Chien-Pao
|-damage|p2b: Chien-Pao|68/100
|
|upkeep
|turn|2
|
|t:|1750719387
|move|p1a: Ogerpon|Follow Me|p1a: Ogerpon
|-singleturn|p1a: Ogerpon|move: Follow Me
|move|p2a: Zacian|Behemoth Blade|p1a: Ogerpon
|-resisted|p1a: Ogerpon
|-damage|p1a: Ogerpon|0 fnt
|faint|p1a: Ogerpon
|move|p2b: Chien-Pao|Ice Spinner|p1b: Chien-Pao
|-resisted|p1b: Chien-Pao
|-damage|p1b: Chien-Pao|9/100
|move|p1b: Chien-Pao|Ruination|p2a: Zacian
|-damage|p2a: Zacian|51/100
|
|upkeep
|
|t:|1750719399
|switch|p1a: Miraidon|Miraidon, L50|100/100
|-fieldstart|move: Electric Terrain|[from] ability: Hadron Engine|[of] p1a: Miraidon
|turn|3
|
|t:|1750719414
|switch|p1b: Zacian|Zacian-Crowned, L50, shiny|100/100
|-ability|p1b: Zacian|Intrepid Sword|boost
|-boost|p1b: Zacian|atk|1
|-terastallize|p1a: Miraidon|Electric
|move|p2a: Zacian|Protect|p2a: Zacian
|-singleturn|p2a: Zacian|Protect
|move|p2b: Chien-Pao|Sucker Punch|p1a: Miraidon
|-damage|p1a: Miraidon|56/100
|move|p1a: Miraidon|Electro Drift|p2b: Chien-Pao
|-damage|p2b: Chien-Pao|0 fnt
|faint|p2b: Chien-Pao
|
|upkeep
|
|t:|1750719426
|switch|p2b: Annihilape|Annihilape, L50, F|21/100
|turn|4
|
|t:|1750719439
|move|p1a: Miraidon|Electro Drift|p2a: Zacian
|-damage|p2a: Zacian|0 fnt
|faint|p2a: Zacian
|move|p2b: Annihilape|Close Combat|p1b: Zacian
|-damage|p1b: Zacian|47/100
|-unboost|p2b: Annihilape|def|1
|-unboost|p2b: Annihilape|spd|1
|move|p1b: Zacian|Behemoth Blade|p2b: Annihilape
|-damage|p2b: Annihilape|0 fnt
|faint|p2b: Annihilape
|
|upkeep
|
|t:|1750719444
|switch|p2a: Rayquaza|Rayquaza, L50|100/100
|-ability|p2a: Rayquaza|Air Lock
|turn|5
|-message|Jack Zukeberg forfeited.
|
|win|HappyW
|raw|HappyW's rating: 1334 &rarr; <strong>1350</strong><br />(+16 for winning)
|raw|Jack Zukeberg's rating: 1255 &rarr; <strong>1236</strong><br />(-19 for losing)
|l|☆Jack Zukeberg
|player|p2|
