|j|☆Slayer_trainer
|j|☆eriksp9
|t:|1750869517
|gametype|doubles
|player|p1|Slayer_trainer|dragontamer|1349
|player|p2|eriksp9|calem-masters|1406
|teamsize|p1|6
|teamsize|p2|6
|gen|9
|tier|[Gen 9] VGC 2025 Reg I
|rated|
|rule|Species Clause: Limit one of each Pokémon
|rule|Item Clause: Limit 1 of each item
|clearpoke
|poke|p1|Zamazenta-*, L50|
|poke|p1|Whimsicott, L50, M|
|poke|p1|Chi-Yu, L50|
|poke|p1|Rillaboom, L50, F|
|poke|p1|Calyrex-Ice, L50|
|poke|p1|Raging Bolt, L50|
|poke|p2|Calyrex-Ice, L50|
|poke|p2|Miraidon, L50|
|poke|p2|Volcarona, L50, M|
|poke|p2|Iron Hands, L50|
|poke|p2|Grimmsnarl, L50, M|
|poke|p2|Ogerpon, L50, F|
|teampreview|4
eriksp9 has agreed to open team sheets.
|inactive|Battle timer is ON: inactive players will automatically lose when time's up. (requested by eriksp9)
|
|t:|1750869574
|start
|switch|p1a: Chi-Yu|Chi-Yu, L50|100/100
|switch|p1b: Zamazenta|Zamazenta-Crowned, L50|100/100
|switch|p2a: Volcarona|Volcarona, L50, M, shiny|100/100
|switch|p2b: Ogerpon|Ogerpon, L50, F|100/100
|-ability|p1a: Chi-Yu|Beads of Ruin
|-ability|p1b: Zamazenta|Dauntless Shield|boost
|-boost|p1b: Zamazenta|def|1
|turn|1
|inactive|Slayer_trainer has 30 seconds left.
|inactive|eriksp9 has 30 seconds left.
|inactive|eriksp9 has 20 seconds left.
|
|t:|1750869612
|switch|p2b: Miraidon|Miraidon, L50|100/100
|-fieldstart|move: Electric Terrain|[from] ability: Hadron Engine|[of] p2b: Miraidon
|move|p1a: Chi-Yu|Heat Wave|p2b: Miraidon|[spread] p2a,p2b
|-resisted|p2b: Miraidon
|-damage|p2a: Volcarona|57/100
|-damage|p2b: Miraidon|80/100
|move|p1b: Zamazenta|Body Press|p2a: Volcarona
|-resisted|p2a: Volcarona
|-damage|p2a: Volcarona|13/100
|-status|p1b: Zamazenta|brn|[from] ability: Flame Body|[of] p2a: Volcarona
|move|p2a: Volcarona|Quiver Dance|p2a: Volcarona
|-boost|p2a: Volcarona|spa|1
|-boost|p2a: Volcarona|spd|1
|-boost|p2a: Volcarona|spe|1
|
|-heal|p2a: Volcarona|19/100|[from] item: Leftovers
|-damage|p1b: Zamazenta|94/100 brn|[from] brn
|upkeep
|turn|2
|inactive|Slayer_trainer has 30 seconds left.
|
|t:|1750869644
|-terastallize|p2b: Miraidon|Electric
|move|p2a: Volcarona|Protect|p2a: Volcarona
|-singleturn|p2a: Volcarona|Protect
|move|p1b: Zamazenta|Wide Guard|p1b: Zamazenta
|-singleturn|p1b: Zamazenta|Wide Guard
|move|p2b: Miraidon|Volt Switch|p1a: Chi-Yu
|-enditem|p1a: Chi-Yu|Focus Sash
|-damage|p1a: Chi-Yu|1/100
|
|t:|1750869658
|switch|p2b: Ogerpon|Ogerpon, L50, F|100/100|[from] Volt Switch
|move|p1a: Chi-Yu|Snarl|p2a: Volcarona|[spread] p2b
|-activate|p2a: Volcarona|move: Protect
|-damage|p2b: Ogerpon|71/100
|
|-heal|p2a: Volcarona|25/100|[from] item: Leftovers
|-damage|p1b: Zamazenta|88/100 brn|[from] brn
|upkeep
|turn|3
|
|t:|1750869675
|move|p2a: Volcarona|Fiery Dance|p1a: Chi-Yu
|-resisted|p1a: Chi-Yu
|-damage|p1a: Chi-Yu|0 fnt
|-boost|p2a: Volcarona|spa|1
|faint|p1a: Chi-Yu
|move|p1b: Zamazenta|Body Press|p2a: Volcarona
|-resisted|p2a: Volcarona
|-damage|p2a: Volcarona|4/100
|move|p2b: Ogerpon|Encore|p1b: Zamazenta
|-start|p1b: Zamazenta|Encore
|
|-heal|p2a: Volcarona|10/100|[from] item: Leftovers
|-damage|p1b: Zamazenta|82/100 brn|[from] brn
|upkeep
|
|t:|1750869688
|switch|p1a: Rillaboom|Rillaboom, L50, F|100/100
|-fieldstart|move: Grassy Terrain|[from] ability: Grassy Surge|[of] p1a: Rillaboom
|turn|4
|
|t:|1750869695
|move|p2a: Volcarona|Protect|p2a: Volcarona
|-singleturn|p2a: Volcarona|Protect
|move|p1a: Rillaboom|Fake Out|p2a: Volcarona
|-activate|p2a: Volcarona|move: Protect
|move|p1b: Zamazenta|Body Press|p2b: Ogerpon
|-damage|p2b: Ogerpon|33/100
|move|p2b: Ogerpon|Encore|p1a: Rillaboom
|-start|p1a: Rillaboom|Encore
|
|-heal|p2a: Volcarona|16/100|[from] Grassy Terrain
|-heal|p2a: Volcarona|22/100|[from] item: Leftovers
|-heal|p1b: Zamazenta|88/100 brn|[from] Grassy Terrain
|-heal|p2b: Ogerpon|39/100|[from] Grassy Terrain
|-damage|p1b: Zamazenta|82/100 brn|[from] brn
|upkeep
|turn|5
|inactive|Slayer_trainer has 30 seconds left.
|
|t:|1750869725
|switch|p2b: Calyrex|Calyrex-Ice, L50|100/100
|-ability|p2b: Calyrex|As One
|-ability|p2b: Calyrex|Unnerve
|move|p1a: Rillaboom|Fake Out||[still]
|-hint|Fake Out only works on your first turn out.
|-fail|p1a: Rillaboom
|move|p2a: Volcarona|Fiery Dance|p1b: Zamazenta
|-supereffective|p1b: Zamazenta
|-damage|p1b: Zamazenta|0 fnt
|-boost|p2a: Volcarona|spa|1
|faint|p1b: Zamazenta
|
|-heal|p2a: Volcarona|29/100|[from] Grassy Terrain
|-heal|p2a: Volcarona|35/100|[from] item: Leftovers
|upkeep
|c|☆Slayer_trainer|GG
|
|t:|1750869741
|switch|p1b: Calyrex|Calyrex-Ice, L50|100/100
|-ability|p1b: Calyrex|As One
|-ability|p1b: Calyrex|Unnerve
|turn|6
|c|☆eriksp9|gg
|inactive|Slayer_trainer has 30 seconds left.
|inactive|Slayer_trainer has 20 seconds left.
|
|t:|1750869780
|move|p1a: Rillaboom|Fake Out||[still]
|-hint|Fake Out only works on your first turn out.
|-fail|p1a: Rillaboom
|move|p2a: Volcarona|Fiery Dance|p1b: Calyrex
|-supereffective|p1b: Calyrex
|-damage|p1b: Calyrex|0 fnt
|-boost|p2a: Volcarona|spa|1
|faint|p1b: Calyrex
|move|p2b: Calyrex|Glacial Lance|p1a: Rillaboom
|-supereffective|p1a: Rillaboom
|-damage|p1a: Rillaboom|0 fnt
|faint|p1a: Rillaboom
|
|win|eriksp9
|raw|Slayer_trainer's rating: 1349 &rarr; <strong>1332</strong><br />(-17 for losing)
|raw|eriksp9's rating: 1406 &rarr; <strong>1423</strong><br />(+17 for winning)
