|j|☆xdt707
|j|☆qingyunyunyun
|t:|1750838413
|gametype|doubles
|player|p1|xdt707|swimmerf-gen4|1473
|player|p2|qingyunyunyun|rosa|1468
|teamsize|p1|6
|teamsize|p2|6
|gen|9
|tier|[Gen 9] VGC 2025 Reg I
|rated|
|rule|Species Clause: Limit one of each Pokémon
|rule|Item Clause: Limit 1 of each item
|clearpoke
|poke|p1|Calyrex-Ice, L50|
|poke|p1|Koraidon, L50|
|poke|p1|Chi-Yu, L50|
|poke|p1|Landorus, L50, M|
|poke|p1|Raging Bolt, L50|
|poke|p1|Grimmsnarl, L50, M|
|poke|p2|Kyogre, L50|
|poke|p2|Whimsicott, L50, M|
|poke|p2|Urshifu-*, L50, M|
|poke|p2|Calyrex-Shadow, L50|
|poke|p2|Rillaboom, L50, M|
|poke|p2|Pelipper, L50, M|
|teampreview|4
|inactive|Battle timer is ON: inactive players will automatically lose when time's up. (requested by qingyunyunyun)
|
|t:|1750838442
|start
|switch|p1a: Grimmsnarl|Grimmsnarl, L50, M, shiny|100/100
|switch|p1b: Raging Bolt|Raging Bolt, L50|100/100
|switch|p2a: Whimsicott|Whimsicott, L50, M|100/100
|switch|p2b: Kyogre|Kyogre, L50, shiny|100/100
|-weather|RainDance|[from] ability: Drizzle|[of] p2b: Kyogre
|turn|1
|inactive|qingyunyunyun has 30 seconds left.
|
|t:|1750838472
|-terastallize|p2b: Kyogre|Ghost
|move|p1a: Grimmsnarl|Fake Out|p2b: Kyogre
|-immune|p2b: Kyogre
|move|p2a: Whimsicott|Misty Terrain|p2a: Whimsicott
|-fieldstart|move: Misty Terrain
|move|p2b: Kyogre|Origin Pulse|p1a: Grimmsnarl|[spread] p1a,p1b
|-resisted|p1b: Raging Bolt
|-damage|p1a: Grimmsnarl|0 fnt
|-damage|p1b: Raging Bolt|69/100
|faint|p1a: Grimmsnarl
|move|p1b: Raging Bolt|Snarl|p2b: Kyogre|[spread] p2a,p2b
|-resisted|p2a: Whimsicott
|-supereffective|p2b: Kyogre
|-damage|p2a: Whimsicott|90/100
|-damage|p2b: Kyogre|78/100
|-unboost|p2a: Whimsicott|spa|1
|-unboost|p2b: Kyogre|spa|1
|-enditem|p2a: Whimsicott|Eject Button
|
|t:|1750838490
|switch|p2a: Calyrex|Calyrex-Shadow, L50|100/100
|-ability|p2a: Calyrex|As One
|-ability|p2a: Calyrex|Unnerve
|
|-weather|RainDance|[upkeep]
|upkeep
|
|t:|1750838496
|switch|p1a: Koraidon|Koraidon, L50|100/100
|-weather|SunnyDay|[from] ability: Orichalcum Pulse|[of] p1a: Koraidon
|-activate|p1b: Raging Bolt|ability: Protosynthesis
|-start|p1b: Raging Bolt|protosynthesisspa
|-activate|p1a: Koraidon|Orichalcum Pulse|[source]
|turn|2
|inactive|xdt707 has 30 seconds left.
|
|t:|1750838524
|switch|p2b: Pelipper|Pelipper, L50, M|100/100
|-weather|RainDance|[from] ability: Drizzle|[of] p2b: Pelipper
|-end|p1b: Raging Bolt|Protosynthesis
|move|p2a: Calyrex|Protect|p2a: Calyrex
|-singleturn|p2a: Calyrex|Protect
|move|p1a: Koraidon|Flame Charge|p2b: Pelipper
|-resisted|p2b: Pelipper
|-damage|p2b: Pelipper|95/100
|-boost|p1a: Koraidon|spe|1
|move|p1b: Raging Bolt|Snarl|p2a: Calyrex|[spread] p2b
|-activate|p2a: Calyrex|move: Protect
|-damage|p2b: Pelipper|72/100
|-unboost|p2b: Pelipper|spa|1
|
|-weather|RainDance|[upkeep]
|upkeep
|turn|3
|inactive|xdt707 has 30 seconds left.
|inactive|xdt707 has 20 seconds left.
|inactive|xdt707 has 15 seconds left.
|inactive|xdt707 has 10 seconds left.
|inactive|xdt707 has 5 seconds left.
|
|t:|1750838575
|move|p2b: Pelipper|Helping Hand|p2a: Calyrex
|-singleturn|p2a: Calyrex|Helping Hand|[of] p2b: Pelipper
|move|p1a: Koraidon|Close Combat|p2b: Pelipper
|-resisted|p2b: Pelipper
|-damage|p2b: Pelipper|41/100
|-unboost|p1a: Koraidon|def|1
|-unboost|p1a: Koraidon|spd|1
|move|p2a: Calyrex|Astral Barrage|p1b: Raging Bolt|[spread] p1a,p1b
|-enditem|p1a: Koraidon|Focus Sash
|-damage|p1a: Koraidon|1/100
|-damage|p1b: Raging Bolt|12/100
|-damage|p2a: Calyrex|91/100|[from] item: Life Orb
|move|p1b: Raging Bolt|Snarl|p2a: Calyrex|[spread] p2a,p2b
|-supereffective|p2a: Calyrex
|-damage|p2a: Calyrex|20/100
|-damage|p2b: Pelipper|17/100
|-unboost|p2a: Calyrex|spa|1
|-unboost|p2b: Pelipper|spa|1
|
|-weather|RainDance|[upkeep]
|upkeep
|turn|4
|inactive|xdt707 has 30 seconds left.
|
|t:|1750838604
|move|p2a: Calyrex|Protect|p2a: Calyrex
|-singleturn|p2a: Calyrex|Protect
|move|p1b: Raging Bolt|Thunderclap||[still]
|-fail|p1b: Raging Bolt
|move|p1a: Koraidon|Close Combat|p2b: Pelipper
|-resisted|p2b: Pelipper
|-damage|p2b: Pelipper|0 fnt
|-unboost|p1a: Koraidon|def|1
|-unboost|p1a: Koraidon|spd|1
|faint|p2b: Pelipper
|
|-weather|RainDance|[upkeep]
|upkeep
|
|t:|1750838613
|switch|p2b: Whimsicott|Whimsicott, L50, M|90/100
|turn|5
|
|t:|1750838627
|switch|p2a: Kyogre|Kyogre, L50, shiny, tera:Ghost|78/100
|move|p2b: Whimsicott|Tailwind|p2b: Whimsicott
|-sidestart|p2: qingyunyunyun|move: Tailwind
|move|p1b: Raging Bolt|Thunderclap||[still]
|-fail|p1b: Raging Bolt
|move|p1a: Koraidon|Heat Crash|p2a: Kyogre
|-crit|p2a: Kyogre
|-damage|p2a: Kyogre|68/100
|
|-weather|RainDance|[upkeep]
|-fieldend|Misty Terrain
|upkeep
|turn|6
|
|t:|1750838649
|switch|p1a: Calyrex|Calyrex-Ice, L50|100/100
|-ability|p1a: Calyrex|As One
|-ability|p1a: Calyrex|Unnerve
|move|p2b: Whimsicott|Encore|p1b: Raging Bolt
|-start|p1b: Raging Bolt|Encore
|move|p1b: Raging Bolt|Thunderclap|p2a: Kyogre
|-damage|p2a: Kyogre|33/100
|move|p2a: Kyogre|Origin Pulse|p1b: Raging Bolt|[spread] p1a,p1b
|-resisted|p1b: Raging Bolt
|-damage|p1a: Calyrex|30/100
|-damage|p1b: Raging Bolt|0 fnt
|faint|p1b: Raging Bolt
|-end|p1b: Raging Bolt|Protosynthesis|[silent]
|
|-weather|none
|upkeep
|
|t:|1750838658
|switch|p1b: Koraidon|Koraidon, L50|1/100
|-weather|SunnyDay|[from] ability: Orichalcum Pulse|[of] p1b: Koraidon
|-activate|p1b: Koraidon|Orichalcum Pulse|[source]
|turn|7
|
|t:|1750838670
|move|p2b: Whimsicott|Taunt|p1a: Calyrex
|-start|p1a: Calyrex|move: Taunt
|move|p2a: Kyogre|Origin Pulse|p1b: Koraidon|[spread] p1a,p1b
|-resisted|p1b: Koraidon
|-damage|p1a: Calyrex|6/100
|-damage|p1b: Koraidon|0 fnt
|faint|p1b: Koraidon
|move|p1a: Calyrex|Glacial Lance|p2a: Kyogre|[spread] p2a,p2b
|-supereffective|p2b: Whimsicott
|-damage|p2a: Kyogre|0 fnt
|-damage|p2b: Whimsicott|0 fnt
|faint|p2a: Kyogre
|faint|p2b: Whimsicott
|-ability|p1a: Calyrex|Chilling Neigh|boost
|-boost|p1a: Calyrex|atk|2
|
|-weather|SunnyDay|[upkeep]
|upkeep
|
|t:|1750838677
|switch|p2b: Calyrex|Calyrex-Shadow, L50|20/100
|-ability|p2b: Calyrex|As One
|-ability|p2b: Calyrex|Unnerve
|turn|8
|
|t:|1750838679
|move|p2b: Calyrex|Dark Pulse|p1a: Calyrex
|-supereffective|p1a: Calyrex
|-damage|p1a: Calyrex|0 fnt
|faint|p1a: Calyrex
|-damage|p2b: Calyrex|11/100|[from] item: Life Orb
|
|win|qingyunyunyun
|raw|xdt707's rating: 1473 &rarr; <strong>1453</strong><br />(-20 for losing)
|raw|qingyunyunyun's rating: 1468 &rarr; <strong>1488</strong><br />(+20 for winning)
|l|☆xdt707
|player|p1|
|l|☆qingyunyunyun
|player|p2|
