|j|‽shun5412
|j|☆munchingamer659
|t:|1750752514
|gametype|doubles
|player|p1|shun5412|cynthia-gen4|1207
|player|p2|munchingamer659|lucas|1140
|teamsize|p1|6
|teamsize|p2|6
|gen|9
|tier|[Gen 9] VGC 2025 Reg I
|rated|
|rule|Species Clause: Limit one of each Pokémon
|rule|Item Clause: Limit 1 of each item
|clearpoke
|poke|p1|Zacian-*, L50|
|poke|p1|Lugia, L50|
|poke|p1|Whimsicott, L50, M|
|poke|p1|Incineroar, L50, M|
|poke|p1|Urshifu-*, L50, M|
|poke|p1|Rotom-Wash, L50|
|poke|p2|Incineroar, L50, M|
|poke|p2|Rillaboom, L50, M|
|poke|p2|Ogerpon-Hearthflame, L50, F|
|poke|p2|Calyrex-Shadow, L50|
|poke|p2|Miraidon, L50|
|poke|p2|Urshifu-*, L50, M|
|teampreview|4
|inactive|Battle timer is ON: inactive players will automatically lose when time's up. (requested by munchingamer659)
|
|t:|1750752538
|start
|switch|p1a: Incineroar|Incineroar, L50, M|100/100
|switch|p1b: Rotom|Rotom-Wash, L50|100/100
|switch|p2a: Calyrex|Calyrex-Shadow, L50|100/100
|switch|p2b: Incineroar|Incineroar, L50, M|100/100
|-ability|p2a: Calyrex|As One
|-ability|p2a: Calyrex|Unnerve
|-ability|p1a: Incineroar|Intimidate|boost
|-unboost|p2a: Calyrex|atk|1
|-unboost|p2b: Incineroar|atk|1
|-ability|p2b: Incineroar|Intimidate|boost
|-unboost|p1a: Incineroar|atk|1
|-unboost|p1b: Rotom|atk|1
|turn|1
|
|t:|1750752557
|-terastallize|p2a: Calyrex|Normal
|move|p2a: Calyrex|Nasty Plot|p2a: Calyrex
|-boost|p2a: Calyrex|spa|2
|move|p1b: Rotom|Trick|p2b: Incineroar
|-activate|p1b: Rotom|move: Trick|[of] p2b: Incineroar
|-item|p2b: Incineroar|Choice Specs|[from] move: Trick
|-item|p1b: Rotom|Rocky Helmet|[from] move: Trick
|move|p1a: Incineroar|Knock Off|p2a: Calyrex
|-damage|p2a: Calyrex|74/100
|-enditem|p2a: Calyrex|Focus Sash|[from] move: Knock Off|[of] p1a: Incineroar
|move|p2b: Incineroar|Knock Off|p1a: Incineroar
|-resisted|p1a: Incineroar
|-crit|p1a: Incineroar
|-damage|p1a: Incineroar|82/100
|-enditem|p1a: Incineroar|Sitrus Berry|[from] move: Knock Off|[of] p2b: Incineroar
|
|upkeep
|turn|2
|inactive|munchingamer659 has 30 seconds left.
|
|t:|1750752587
|move|p2a: Calyrex|Astral Barrage|p1a: Incineroar|[spread] p1a,p1b
|-resisted|p1a: Incineroar
|-damage|p1a: Incineroar|39/100
|-damage|p1b: Rotom|0 fnt
|faint|p1b: Rotom
|-ability|p2a: Calyrex|Grim Neigh|boost
|-boost|p2a: Calyrex|spa|1
|move|p1a: Incineroar|Parting Shot|p2a: Calyrex
|-unboost|p2a: Calyrex|atk|1
|-unboost|p2a: Calyrex|spa|1
|
|t:|1750752599
|switch|p1a: Zacian|Zacian-Crowned, L50|100/100|[from] Parting Shot
|-ability|p1a: Zacian|Intrepid Sword|boost
|-boost|p1a: Zacian|atk|1
|move|p2b: Incineroar|Knock Off|p1a: Zacian
|-resisted|p1a: Zacian
|-damage|p1a: Zacian|93/100
|
|upkeep
|
|t:|1750752610
|switch|p1b: Lugia|Lugia, L50|100/100
|turn|3
|
|t:|1750752630
|switch|p2b: Urshifu|Urshifu-Rapid-Strike, L50, M|100/100
|-terastallize|p1b: Lugia|Dark
|move|p2a: Calyrex|Astral Barrage|p1a: Zacian|[spread] p1a,p1b
|-resisted|p1b: Lugia
|-damage|p1a: Zacian|10/100
|-damage|p1b: Lugia|85/100
|move|p1a: Zacian|Sacred Sword|p2a: Calyrex
|-supereffective|p2a: Calyrex
|-damage|p2a: Calyrex|0 fnt
|faint|p2a: Calyrex
|move|p1b: Lugia|Calm Mind|p1b: Lugia
|-boost|p1b: Lugia|spa|1
|-boost|p1b: Lugia|spd|1
|
|upkeep
|
|t:|1750752633
|switch|p2a: Incineroar|Incineroar, L50, M|100/100
|-ability|p2a: Incineroar|Intimidate|boost
|-unboost|p1a: Zacian|atk|1
|-unboost|p1b: Lugia|atk|1
|turn|4
|
|t:|1750752657
|move|p2b: Urshifu|Close Combat|p1b: Lugia
|-supereffective|p1b: Lugia
|-damage|p1b: Lugia|6/100
|-unboost|p2b: Urshifu|def|1
|-unboost|p2b: Urshifu|spd|1
|move|p1a: Zacian|Play Rough|p2b: Urshifu
|-supereffective|p2b: Urshifu
|-damage|p2b: Urshifu|0 fnt
|faint|p2b: Urshifu
|move|p1b: Lugia|Aeroblast|p2a: Incineroar
|-damage|p2a: Incineroar|60/100
|move|p2a: Incineroar|Flare Blitz|p1a: Zacian
|-supereffective|p1a: Zacian
|-damage|p1a: Zacian|0 fnt
|faint|p1a: Zacian
|-damage|p2a: Incineroar|57/100|[from] Recoil
|
|upkeep
|
|t:|1750752675
|switch|p1a: Incineroar|Incineroar, L50, M|39/100
|switch|p2b: Miraidon|Miraidon, L50|100/100
|-fieldstart|move: Electric Terrain|[from] ability: Hadron Engine|[of] p2b: Miraidon
|-ability|p1a: Incineroar|Intimidate|boost
|-unboost|p2a: Incineroar|atk|1
|-unboost|p2b: Miraidon|atk|1
|turn|5
|
|t:|1750752696
|move|p1a: Incineroar|Fake Out|p2b: Miraidon
|-damage|p2b: Miraidon|90/100
|cant|p2b: Miraidon|flinch
|move|p1b: Lugia|Recover|p1b: Lugia
|-heal|p1b: Lugia|56/100
|move|p2a: Incineroar|Flare Blitz|p1a: Incineroar
|-resisted|p1a: Incineroar
|-crit|p1a: Incineroar
|-damage|p1a: Incineroar|15/100
|-damage|p2a: Incineroar|49/100|[from] Recoil
|
|upkeep
|turn|6
|
|t:|1750752711
|move|p2b: Miraidon|Dazzling Gleam|p1a: Incineroar|[spread] p1a,p1b
|-supereffective|p1b: Lugia
|-crit|p1b: Lugia
|-damage|p1a: Incineroar|0 fnt
|-damage|p1b: Lugia|4/100
|faint|p1a: Incineroar
|move|p1b: Lugia|Recover|p1b: Lugia
|-heal|p1b: Lugia|54/100
|move|p2a: Incineroar|Flare Blitz|p1b: Lugia
|-damage|p1b: Lugia|36/100
|-damage|p2a: Incineroar|43/100|[from] Recoil
|
|upkeep
|turn|7
|-message|shun5412 forfeited.
|
|win|munchingamer659
|raw|shun5412's rating: 1207 &rarr; <strong>1177</strong><br />(-30 for losing)
|raw|munchingamer659's rating: 1140 &rarr; <strong>1170</strong><br />(+30 for winning)
|l|‽shun5412
|player|p1|
|l|☆munchingamer659
|player|p2|
