|j|☆carpalospo
|j|☆AwesomeCCAs
|t:|1750776304
|gametype|doubles
|player|p1|carpalospo|2|1129
|player|p2|AwesomeCCAs|lyra|1084
|teamsize|p1|6
|teamsize|p2|6
|gen|9
|tier|[Gen 9] VGC 2025 Reg I
|rated|
|rule|Species Clause: Limit one of each Pokémon
|rule|Item Clause: Limit 1 of each item
|clearpoke
|poke|p1|Miraidon, L50|
|poke|p1|Lunala, L50|
|poke|p1|Ogerpon-Hearthflame, L50, F|
|poke|p1|Urshifu-*, L50, M|
|poke|p1|Iron Hands, L50|
|poke|p1|Grimmsnarl, L50, M|
|poke|p2|Mewtwo, L50|
|poke|p2|Latios, L50, M|
|poke|p2|Incineroar, L50, F|
|poke|p2|Lucario, L50, F|
|poke|p2|Flutter Mane, L50|
|poke|p2|Giratina-Origin, L50|
|teampreview|4
|inactive|Battle timer is ON: inactive players will automatically lose when time's up. (requested by carpalospo)
carpalospo has agreed to open team sheets.
|inactive|carpalospo has 60 seconds left.
AwesomeCCAs rejected open team sheets.
|inactive|carpalospo has 30 seconds left.
|inactive|carpalospo has 20 seconds left.
|inactive|carpalospo has 15 seconds left.
|
|t:|1750776389
|start
|switch|p1a: Ogerpon|Ogerpon-Hearthflame, L50, F|100/100
|switch|p1b: Iron Hands|Iron Hands, L50|100/100
|switch|p2a: Mewtwo|Mewtwo, L50|100/100
|switch|p2b: Giratina|Giratina-Origin, L50|100/100
|-ability|p2a: Mewtwo|Unnerve
|-ability|p1a: Ogerpon|Mold Breaker
|turn|1
|inactive|AwesomeCCAs has 30 seconds left.
|
|t:|1750776423
|move|p1b: Iron Hands|Fake Out|p2a: Mewtwo
|-damage|p2a: Mewtwo|85/100
|cant|p2a: Mewtwo|flinch
|move|p1a: Ogerpon|Ivy Cudgel|p2b: Giratina|[anim] Ivy Cudgel Fire
|-resisted|p2b: Giratina
|-damage|p2b: Giratina|79/100
|move|p2b: Giratina|Iron Head|p1b: Iron Hands
|-resisted|p1b: Iron Hands
|-crit|p1b: Iron Hands
|-damage|p1b: Iron Hands|88/100
|
|upkeep
|turn|2
|inactive|carpalospo has 30 seconds left.
|inactive|AwesomeCCAs has 30 seconds left.
|
|t:|1750776457
|move|p2a: Mewtwo|Earthquake|p1a: Ogerpon|[spread] p1a,p1b
|-immune|p2b: Giratina|[from] ability: Levitate
|-supereffective|p1b: Iron Hands
|-damage|p1a: Ogerpon|81/100
|-damage|p1b: Iron Hands|61/100
|move|p1a: Ogerpon|Wood Hammer|p2b: Giratina
|-resisted|p2b: Giratina
|-damage|p2b: Giratina|55/100
|-damage|p1a: Ogerpon|70/100|[from] Recoil
|move|p2b: Giratina|Iron Head|p1a: Ogerpon
|-resisted|p1a: Ogerpon
|-damage|p1a: Ogerpon|56/100
|move|p1b: Iron Hands|Drain Punch|p2a: Mewtwo
|-resisted|p2a: Mewtwo
|-damage|p2a: Mewtwo|61/100
|-heal|p1b: Iron Hands|72/100|[from] drain|[of] p2a: Mewtwo
|
|upkeep
|turn|3
|inactive|AwesomeCCAs has 30 seconds left.
|
|t:|1750776483
|move|p2a: Mewtwo|Psychic|p1b: Iron Hands
|-supereffective|p1b: Iron Hands
|-damage|p1b: Iron Hands|24/100
|move|p1a: Ogerpon|Ivy Cudgel|p2b: Giratina|[anim] Ivy Cudgel Fire
|-resisted|p2b: Giratina
|-damage|p2b: Giratina|34/100
|move|p2b: Giratina|Iron Head|p1b: Iron Hands
|-resisted|p1b: Iron Hands
|-crit|p1b: Iron Hands
|-damage|p1b: Iron Hands|11/100
|cant|p1b: Iron Hands|flinch
|
|upkeep
|turn|4
|
|t:|1750776506
|move|p2a: Mewtwo|Earthquake|p1b: Iron Hands|[spread] p1a,p1b
|-immune|p2b: Giratina|[from] ability: Levitate
|-supereffective|p1b: Iron Hands
|-damage|p1a: Ogerpon|36/100
|-damage|p1b: Iron Hands|0 fnt
|faint|p1b: Iron Hands
|-end|p1b: Iron Hands|Quark Drive|[silent]
|move|p1a: Ogerpon|Ivy Cudgel|p2b: Giratina|[anim] Ivy Cudgel Fire
|-resisted|p2b: Giratina
|-damage|p2b: Giratina|13/100
|move|p2b: Giratina|Iron Head|p1a: Ogerpon
|-resisted|p1a: Ogerpon
|-damage|p1a: Ogerpon|23/100
|
|upkeep
|
|t:|1750776521
|switch|p1b: Urshifu|Urshifu-Rapid-Strike, L50, M|100/100
|turn|5
|
|t:|1750776538
|-terastallize|p1b: Urshifu|Water
|move|p2a: Mewtwo|Psychic|p1b: Urshifu
|-damage|p1b: Urshifu|44/100
|move|p1a: Ogerpon|Ivy Cudgel|p2b: Giratina|[anim] Ivy Cudgel Fire
|-resisted|p2b: Giratina
|-damage|p2b: Giratina|0 fnt
|faint|p2b: Giratina
|move|p1b: Urshifu|Surging Strikes|p2a: Mewtwo
|-crit|p2a: Mewtwo
|-damage|p2a: Mewtwo|29/100
|-crit|p2a: Mewtwo
|-damage|p2a: Mewtwo|0 fnt
|faint|p2a: Mewtwo
|-hitcount|p2: Mewtwo|2
|
|upkeep
|
|t:|1750776551
|switch|p2a: Latios|Latios, L50, M|100/100
|switch|p2b: Flutter Mane|Flutter Mane, L50|100/100
|-enditem|p2b: Flutter Mane|Booster Energy
|-activate|p2b: Flutter Mane|ability: Protosynthesis|[fromitem]
|-start|p2b: Flutter Mane|protosynthesisspa
|turn|6
|
|t:|1750776569
|move|p2b: Flutter Mane|Dazzling Gleam|p1a: Ogerpon|[spread] p1a,p1b
|-resisted|p1a: Ogerpon
|-damage|p1a: Ogerpon|4/100
|-damage|p1b: Urshifu|0 fnt
|faint|p1b: Urshifu
|move|p2a: Latios|Luster Purge|p1a: Ogerpon
|-damage|p1a: Ogerpon|0 fnt
|faint|p1a: Ogerpon
|
|upkeep
|
|t:|1750776581
|switch|p1a: Lunala|Lunala, L50|100/100
|turn|7
|l|☆carpalospo
|inactive|carpalospo disconnected and has a minute to reconnect!
|player|p1|
|inactive|carpalospo has 30 seconds left.
|inactive|carpalospo has 20 seconds left.
|inactive|carpalospo has 15 seconds left.
|inactive|carpalospo has 10 seconds left.
|inactive|carpalospo has 5 seconds left.
|-message|carpalospo lost due to inactivity.
|
|win|AwesomeCCAs
|raw|carpalospo's rating: 1129 &rarr; <strong>1101</strong><br />(-28 for losing)
|raw|AwesomeCCAs's rating: 1084 &rarr; <strong>1115</strong><br />(+31 for winning)
|l|☆AwesomeCCAs
|player|p2|
