|j|☆davirru3
|j|☆naibot2814
|t:|1750784996
|gametype|doubles
|player|p1|davirru3|ghetsis|1688
|player|p2|naibot2814|ghetsis|1641
|teamsize|p1|6
|teamsize|p2|6
|gen|9
|tier|[Gen 9] VGC 2025 Reg I
|rated|
|rule|Species Clause: Limit one of each Pokémon
|rule|Item Clause: Limit 1 of each item
|clearpoke
|poke|p1|Calyrex-Shadow, L50|
|poke|p1|Zamazenta-*, L50|
|poke|p1|Chien-Pao, L50|
|poke|p1|Whimsicott, L50, M|
|poke|p1|Raging Bolt, L50|
|poke|p1|Amoonguss, L50, M|
|poke|p2|Zamazenta-*, L50|
|poke|p2|Ogerpon-Hearthflame, L50, F|
|poke|p2|Calyrex-Shadow, L50|
|poke|p2|Incineroar, L50, M|
|poke|p2|Rillaboom, L50, M|
|poke|p2|Raging Bolt, L50|
|teampreview|4
|inactive|Battle timer is ON: inactive players will automatically lose when time's up. (requested by davirru3)
|inactive|naibot2814 has 60 seconds left.
|
|t:|1750785037
|start
|switch|p1a: Calyrex|Calyrex-Shadow, L50|100/100
|switch|p1b: Zamazenta|Zamazenta-Crowned, L50|100/100
|switch|p2a: Calyrex|Calyrex-Shadow, L50|100/100
|switch|p2b: Ogerpon|Ogerpon-Hearthflame, L50, F|100/100
|-ability|p2a: Calyrex|As One
|-ability|p2a: Calyrex|Unnerve
|-ability|p1a: Calyrex|As One
|-ability|p1a: Calyrex|Unnerve
|-ability|p1b: Zamazenta|Dauntless Shield|boost
|-boost|p1b: Zamazenta|def|1
|-ability|p2b: Ogerpon|Mold Breaker
|turn|1
|inactive|naibot2814 has 30 seconds left.
|
|t:|1750785067
|-terastallize|p1a: Calyrex|Dark
|-terastallize|p2a: Calyrex|Dark
|move|p1a: Calyrex|Astral Barrage|p2b: Ogerpon|[spread] p2a,p2b
|-resisted|p2a: Calyrex
|-damage|p2a: Calyrex|61/100
|-damage|p2b: Ogerpon|33/100
|-damage|p1a: Calyrex|91/100|[from] item: Life Orb
|move|p2a: Calyrex|Astral Barrage|p1a: Calyrex|[spread] p1a,p1b
|-resisted|p1a: Calyrex
|-damage|p1a: Calyrex|54/100
|-damage|p1b: Zamazenta|47/100
|-damage|p2a: Calyrex|51/100|[from] item: Life Orb
|move|p1b: Zamazenta|Body Press|p2b: Ogerpon
|-damage|p2b: Ogerpon|0 fnt
|faint|p2b: Ogerpon
|
|upkeep
|
|t:|1750785088
|switch|p2b: Incineroar|Incineroar, L50, M|100/100
|-ability|p2b: Incineroar|Intimidate|boost
|-unboost|p1a: Calyrex|atk|1
|-unboost|p1b: Zamazenta|atk|1
|turn|2
|
|t:|1750785102
|move|p1a: Calyrex|Protect|p1a: Calyrex
|-singleturn|p1a: Calyrex|Protect
|move|p1b: Zamazenta|Protect|p1b: Zamazenta
|-singleturn|p1b: Zamazenta|Protect
|move|p2b: Incineroar|Fake Out|p1b: Zamazenta
|-activate|p1b: Zamazenta|move: Protect
|move|p2a: Calyrex|Nasty Plot|p2a: Calyrex
|-boost|p2a: Calyrex|spa|2
|
|upkeep
|turn|3
|
|t:|1750785117
|move|p2a: Calyrex|Psychic|p1b: Zamazenta
|-damage|p1b: Zamazenta|0 fnt
|faint|p1b: Zamazenta
|-ability|p2a: Calyrex|Grim Neigh|boost
|-boost|p2a: Calyrex|spa|1
|-damage|p2a: Calyrex|41/100|[from] item: Life Orb
|move|p1a: Calyrex|Encore|p2a: Calyrex
|-start|p2a: Calyrex|Encore
|move|p2b: Incineroar|Knock Off|p1a: Calyrex
|-resisted|p1a: Calyrex
|-damage|p1a: Calyrex|32/100
|-enditem|p1a: Calyrex|Life Orb|[from] move: Knock Off|[of] p2b: Incineroar
|
|upkeep
|
|t:|1750785132
|switch|p1b: Whimsicott|Whimsicott, L50, M|100/100
|turn|4
|
|t:|1750785143
|switch|p2a: Zamazenta|Zamazenta-Crowned, L50|100/100
|-ability|p2a: Zamazenta|Dauntless Shield|boost
|-boost|p2a: Zamazenta|def|1
|move|p1a: Calyrex|Astral Barrage|p2b: Incineroar|[spread] p2a,p2b
|-resisted|p2b: Incineroar
|-damage|p2a: Zamazenta|58/100
|-damage|p2b: Incineroar|78/100
|move|p1b: Whimsicott|Moonblast|p2a: Zamazenta
|-damage|p2a: Zamazenta|38/100
|-unboost|p2a: Zamazenta|spa|1
|move|p2b: Incineroar|Parting Shot|p1a: Calyrex
|-unboost|p1a: Calyrex|atk|1
|-unboost|p1a: Calyrex|spa|1
|
|t:|1750785159
|switch|p2b: Calyrex|Calyrex-Shadow, L50, tera:Dark|41/100|[from] Parting Shot
|-ability|p2b: Calyrex|As One
|-ability|p2b: Calyrex|Unnerve
|
|upkeep
|turn|5
|
|t:|1750785171
|switch|p1a: Raging Bolt|Raging Bolt, L50|100/100
|-enditem|p1a: Raging Bolt|Booster Energy
|-activate|p1a: Raging Bolt|ability: Protosynthesis|[fromitem]
|-start|p1a: Raging Bolt|protosynthesisspa
|move|p1b: Whimsicott|Tailwind|p1b: Whimsicott
|-sidestart|p1: davirru3|move: Tailwind
|move|p2b: Calyrex|Astral Barrage|p1b: Whimsicott|[spread] p1a,p1b
|-damage|p1a: Raging Bolt|36/100
|-damage|p1b: Whimsicott|7/100
|-damage|p2b: Calyrex|32/100|[from] item: Life Orb
|move|p2a: Zamazenta|Heavy Slam|p1b: Whimsicott
|-supereffective|p1b: Whimsicott
|-damage|p1b: Whimsicott|0 fnt
|faint|p1b: Whimsicott
|
|upkeep
|
|t:|1750785174
|switch|p1b: Calyrex|Calyrex-Shadow, L50, tera:Dark|32/100
|-ability|p1b: Calyrex|As One
|-ability|p1b: Calyrex|Unnerve
|turn|6
|
|t:|1750785198
|switch|p2b: Incineroar|Incineroar, L50, M|78/100
|-ability|p2b: Incineroar|Intimidate|boost
|-unboost|p1a: Raging Bolt|atk|1
|-unboost|p1b: Calyrex|atk|1
|move|p2a: Zamazenta|Protect|p2a: Zamazenta
|-singleturn|p2a: Zamazenta|Protect
|move|p1a: Raging Bolt|Thunderclap||[still]
|-fail|p1a: Raging Bolt
|move|p1b: Calyrex|Psychic|p2a: Zamazenta
|-activate|p2a: Zamazenta|move: Protect
|
|upkeep
|turn|7
|
|t:|1750785218
|move|p2b: Incineroar|Fake Out|p1b: Calyrex
|-damage|p1b: Calyrex|19/100
|cant|p1b: Calyrex|flinch
|move|p1a: Raging Bolt|Thunderbolt|p2b: Incineroar
|-damage|p2b: Incineroar|23/100
|move|p2a: Zamazenta|Body Press|p1a: Raging Bolt
|-damage|p1a: Raging Bolt|0 fnt
|faint|p1a: Raging Bolt
|-end|p1a: Raging Bolt|Protosynthesis|[silent]
|
|upkeep
|turn|8
|
|t:|1750785242
|move|p2a: Zamazenta|Protect|p2a: Zamazenta
|-singleturn|p2a: Zamazenta|Protect
|move|p1b: Calyrex|Astral Barrage|p2a: Zamazenta|[spread] p2b
|-activate|p2a: Zamazenta|move: Protect
|-resisted|p2b: Incineroar
|-damage|p2b: Incineroar|0 fnt
|faint|p2b: Incineroar
|-ability|p1b: Calyrex|Grim Neigh|boost
|-boost|p1b: Calyrex|spa|1
|
|-sideend|p1: davirru3|move: Tailwind
|upkeep
|
|t:|1750785252
|switch|p2b: Calyrex|Calyrex-Shadow, L50, tera:Dark|32/100
|-ability|p2b: Calyrex|As One
|-ability|p2b: Calyrex|Unnerve
|turn|9
|
|t:|1750785261
|move|p2a: Zamazenta|Wide Guard|p2a: Zamazenta
|-singleturn|p2a: Zamazenta|Wide Guard
|move|p1b: Calyrex|Astral Barrage|p2b: Calyrex|[spread] 
|-activate|p2a: Zamazenta|move: Wide Guard
|-activate|p2b: Calyrex|move: Wide Guard
|move|p2b: Calyrex|Astral Barrage|p1b: Calyrex
|-resisted|p1b: Calyrex
|-damage|p1b: Calyrex|0 fnt
|faint|p1b: Calyrex
|-damage|p2b: Calyrex|22/100|[from] item: Life Orb
|
|win|naibot2814
|raw|davirru3's rating: 1688 &rarr; <strong>1665</strong><br />(-23 for losing)
|raw|naibot2814's rating: 1641 &rarr; <strong>1664</strong><br />(+23 for winning)
|l|☆davirru3
|player|p1|
