|j|☆tzfmndf03
|j|☆mailo100
|t:|1750753664
|gametype|doubles
|player|p1|tzfmndf03|169|1389
|player|p2|mailo100|grimsley|1499
|teamsize|p1|6
|teamsize|p2|6
|gen|9
|tier|[Gen 9] VGC 2025 Reg I
|rated|
|rule|Species Clause: Limit one of each Pokémon
|rule|Item Clause: Limit 1 of each item
|clearpoke
|poke|p1|Muk-Alola, L50, F|
|poke|p1|Smeargle, L50, F|
|poke|p1|Ditto, L50|
|poke|p1|Calyrex-Shadow, L50|
|poke|p1|Raging Bolt, L50|
|poke|p1|Zamazenta-*, L50|
|poke|p2|Gouging Fire, L50|
|poke|p2|Raging Bolt, L50|
|poke|p2|Groudon, L50|
|poke|p2|Lilligant-Hisui, L50, F|
|poke|p2|Lunala, L50|
|poke|p2|Grimmsnarl, L50, M|
|teampreview|4
|inactive|Battle timer is ON: inactive players will automatically lose when time's up. (requested by mailo100)
|
|t:|1750753681
|start
|switch|p1a: Raging Bolt|Raging Bolt, L50|100/100
|switch|p1b: Ditto|Ditto, L50|100/100
|switch|p2a: Lilligant|Lilligant-Hisui, L50, F, shiny|100/100
|switch|p2b: Groudon|Groudon, L50, shiny|100/100
|-weather|SunnyDay|[from] ability: Drought|[of] p2b: Groudon
|-activate|p1a: Raging Bolt|ability: Protosynthesis
|-start|p1a: Raging Bolt|protosynthesisspa
|-transform|p1b: Ditto|p2a: Lilligant|[from] ability: Imposter
|turn|1
|
|t:|1750753694
|switch|p2b: Raging Bolt|Raging Bolt, L50|100/100
|-activate|p2b: Raging Bolt|ability: Protosynthesis
|-start|p2b: Raging Bolt|protosynthesisspa
|move|p2a: Lilligant|Sleep Powder|p1a: Raging Bolt
|-status|p1a: Raging Bolt|slp|[from] move: Sleep Powder
|move|p1b: Ditto|Sleep Powder|p2b: Raging Bolt
|-activate|p2b: Raging Bolt|item: Safety Goggles|Sleep Powder
|cant|p1a: Raging Bolt|slp
|
|-weather|SunnyDay|[upkeep]
|upkeep
|turn|2
|inactive|tzfmndf03 has 30 seconds left.
|
|t:|1750753721
|move|p1b: Ditto|Protect|p1b: Ditto
|-singleturn|p1b: Ditto|Protect
|move|p2a: Lilligant|Close Combat|p1b: Ditto
|-activate|p1b: Ditto|move: Protect
|move|p2b: Raging Bolt|Draco Meteor|p1a: Raging Bolt
|-supereffective|p1a: Raging Bolt
|-damage|p1a: Raging Bolt|0 fnt
|-unboost|p2b: Raging Bolt|spa|2
|faint|p1a: Raging Bolt
|-end|p1a: Raging Bolt|Protosynthesis|[silent]
|
|-weather|SunnyDay|[upkeep]
|upkeep
|
|t:|1750753732
|switch|p1a: NUCLEAR|Calyrex-Shadow, L50|100/100
|-ability|p1a: NUCLEAR|As One
|-ability|p1a: NUCLEAR|Unnerve
|turn|3
|
|t:|1750753752
|-terastallize|p1a: NUCLEAR|Grass
|move|p2a: Lilligant|Sleep Powder|p1a: NUCLEAR
|-immune|p1a: NUCLEAR
|move|p1b: Ditto|Close Combat|p2b: Raging Bolt
|-damage|p2b: Raging Bolt|51/100
|-unboost|p1b: Ditto|def|1
|-unboost|p1b: Ditto|spd|1
|move|p1a: NUCLEAR|Astral Barrage|p2b: Raging Bolt|[spread] p2a,p2b
|-enditem|p2a: Lilligant|Focus Sash
|-damage|p2a: Lilligant|1/100
|-damage|p2b: Raging Bolt|0 fnt
|faint|p2b: Raging Bolt
|-end|p2b: Raging Bolt|Protosynthesis|[silent]
|-ability|p1a: NUCLEAR|Grim Neigh|boost
|-boost|p1a: NUCLEAR|spa|1
|
|-weather|SunnyDay|[upkeep]
|upkeep
|
|t:|1750753757
|switch|p2b: Gouging Fire|Gouging Fire, L50|100/100
|-activate|p2b: Gouging Fire|ability: Protosynthesis
|-start|p2b: Gouging Fire|protosynthesisspe
|turn|4
|inactive|tzfmndf03 has 30 seconds left.
|
|t:|1750753785
|-terastallize|p2b: Gouging Fire|Grass
|move|p1a: NUCLEAR|Protect|p1a: NUCLEAR
|-singleturn|p1a: NUCLEAR|Protect
|move|p1b: Ditto|Sleep Powder|p2b: Gouging Fire
|-immune|p2b: Gouging Fire
|move|p2a: Lilligant|Close Combat|p1a: NUCLEAR
|-activate|p1a: NUCLEAR|move: Protect
|move|p2b: Gouging Fire|Flare Blitz|p1a: NUCLEAR
|-activate|p1a: NUCLEAR|move: Protect
|
|-weather|SunnyDay|[upkeep]
|upkeep
|turn|5
|
|t:|1750753807
|switch|p1a: Avoid GOAT|Zamazenta-Crowned, L50|100/100
|-ability|p1a: Avoid GOAT|Dauntless Shield|boost
|-boost|p1a: Avoid GOAT|def|1
|move|p1b: Ditto|Close Combat|p2b: Gouging Fire
|-damage|p2b: Gouging Fire|58/100
|-unboost|p1b: Ditto|def|1
|-unboost|p1b: Ditto|spd|1
|move|p2a: Lilligant|Close Combat|p1a: Avoid GOAT
|-supereffective|p1a: Avoid GOAT
|-damage|p1a: Avoid GOAT|46/100
|-unboost|p2a: Lilligant|def|1
|-unboost|p2a: Lilligant|spd|1
|move|p2b: Gouging Fire|Flare Blitz|p1a: Avoid GOAT
|-supereffective|p1a: Avoid GOAT
|-damage|p1a: Avoid GOAT|0 fnt
|faint|p1a: Avoid GOAT
|-damage|p2b: Gouging Fire|42/100|[from] Recoil
|
|-weather|none
|-end|p2b: Gouging Fire|Protosynthesis
|upkeep
|
|t:|1750753822
|switch|p1a: NUCLEAR|Calyrex-Shadow, L50, tera:Grass|100/100
|-ability|p1a: NUCLEAR|As One
|-ability|p1a: NUCLEAR|Unnerve
|turn|6
|inactive|tzfmndf03 has 30 seconds left.
|
|t:|1750753857
|switch|p2a: Groudon|Groudon, L50, shiny|100/100
|-weather|SunnyDay|[from] ability: Drought|[of] p2a: Groudon
|-activate|p2b: Gouging Fire|ability: Protosynthesis
|-start|p2b: Gouging Fire|protosynthesisspe
|move|p2b: Gouging Fire|Burning Bulwark|p2b: Gouging Fire
|-singleturn|p2b: Gouging Fire|move: Protect
|move|p1a: NUCLEAR|Protect|p1a: NUCLEAR
|-singleturn|p1a: NUCLEAR|Protect
|move|p1b: Ditto|Close Combat|p2b: Gouging Fire
|-activate|p2b: Gouging Fire|move: Protect
|-status|p1b: Ditto|brn
|
|-weather|SunnyDay|[upkeep]
|-damage|p1b: Ditto|95/100 brn|[from] brn
|upkeep
|turn|7
|
|t:|1750753875
|move|p1b: Ditto|Sleep Powder|p2a: Groudon|[miss]
|-miss|p1b: Ditto|p2a: Groudon
|move|p2b: Gouging Fire|Flare Blitz|p1a: NUCLEAR
|-supereffective|p1a: NUCLEAR
|-damage|p1a: NUCLEAR|0 fnt
|faint|p1a: NUCLEAR
|-damage|p2b: Gouging Fire|11/100|[from] Recoil
|move|p2a: Groudon|Heat Crash|p1b: Ditto
|-supereffective|p1b: Ditto
|-damage|p1b: Ditto|0 fnt
|faint|p1b: Ditto
|
|win|mailo100
|raw|tzfmndf03's rating: 1389 &rarr; <strong>1375</strong><br />(-14 for losing)
|raw|mailo100's rating: 1499 &rarr; <strong>1513</strong><br />(+14 for winning)
|l|☆tzfmndf03
|player|p1|
|l|☆mailo100
|player|p2|
