|j|☆PokemonPerson2
|j|☆antohneo
|t:|1750738783
|gametype|doubles
|player|p1|PokemonPerson2|iono|1254
|player|p2|antohneo|nobunaga-conquest|1278
|teamsize|p1|6
|teamsize|p2|6
|gen|9
|tier|[Gen 9] VGC 2025 Reg I
|rated|
|rule|Species Clause: Limit one of each Pokémon
|rule|Item Clause: Limit 1 of each item
|clearpoke
|poke|p1|Koraidon, L50|
|poke|p1|Flutter Mane, L50|
|poke|p1|Rillaboom, L50, M|
|poke|p1|Farigiraf, L50, F|
|poke|p1|Lunala, L50|
|poke|p1|Incineroar, L50, F|
|poke|p2|Koraidon, L50|
|poke|p2|Calyrex-Shadow, L50|
|poke|p2|Weezing-Galar, L50, M|
|poke|p2|Walking Wake, L50|
|poke|p2|Chi-Yu, L50|
|poke|p2|Brute Bonnet, L50|
|teampreview|4
|inactive|Battle timer is ON: inactive players will automatically lose when time's up. (requested by antohneo)
PokemonPerson2 rejected open team sheets.
|
|t:|1750738799
|start
|switch|p1a: Flutter Mane|Flutter Mane, L50|100/100
|switch|p1b: Incineroar|Incineroar, L50, F, shiny|100/100
|switch|p2a: Koraidon|Koraidon, L50|100/100
|switch|p2b: Weezing|Weezing-Galar, L50, M|100/100
|-ability|p2b: Weezing|Neutralizing Gas
|-block|p2a: Koraidon|item: Ability Shield
|-weather|SunnyDay|[from] ability: Orichalcum Pulse|[of] p2a: Koraidon
|-activate|p2a: Koraidon|Orichalcum Pulse|[source]
|turn|1
|inactive|PokemonPerson2 has 30 seconds left.
|
|t:|1750738827
|move|p2a: Koraidon|Protect|p2a: Koraidon
|-singleturn|p2a: Koraidon|Protect
|move|p1b: Incineroar|Fake Out|p2a: Koraidon
|-activate|p2a: Koraidon|move: Protect
|move|p1a: Flutter Mane|Moonblast|p2a: Koraidon
|-activate|p2a: Koraidon|move: Protect
|move|p2b: Weezing|Strange Steam|p1a: Flutter Mane
|-damage|p1a: Flutter Mane|72/100
|-start|p1a: Flutter Mane|confusion
|
|-weather|SunnyDay|[upkeep]
|upkeep
|turn|2
|inactive|PokemonPerson2 has 30 seconds left.
|inactive|antohneo has 30 seconds left.
|
|t:|1750738861
|-terastallize|p2a: Koraidon|Fairy
|-activate|p1a: Flutter Mane|confusion
|move|p1a: Flutter Mane|Protect|p1a: Flutter Mane
|-singleturn|p1a: Flutter Mane|Protect
|move|p2a: Koraidon|Close Combat|p1b: Incineroar
|-supereffective|p1b: Incineroar
|-damage|p1b: Incineroar|0 fnt
|-unboost|p2a: Koraidon|def|1
|-unboost|p2a: Koraidon|spd|1
|faint|p1b: Incineroar
|move|p2b: Weezing|Toxic Spikes|p1a: Flutter Mane
|-sidestart|p1: PokemonPerson2|move: Toxic Spikes
|
|-weather|SunnyDay|[upkeep]
|upkeep
|
|t:|1750738874
|switch|p1b: Koraidon|Koraidon, L50|100/100
|-status|p1b: Koraidon|psn
|turn|3
|inactive|antohneo has 30 seconds left.
|inactive|antohneo has 20 seconds left.
|inactive|antohneo has 15 seconds left.
|inactive|antohneo has 10 seconds left.
|inactive|antohneo has 5 seconds left.
|
|t:|1750738925
|-terastallize|p1b: Koraidon|Fire
|move|p2a: Koraidon|Flare Blitz|p1a: Flutter Mane
|-damage|p1a: Flutter Mane|0 fnt
|faint|p1a: Flutter Mane
|-end|p1a: Flutter Mane|Protosynthesis|[silent]
|-damage|p2a: Koraidon|83/100|[from] Recoil
|move|p1b: Koraidon|Flame Charge|p2b: Weezing
|-damage|p2b: Weezing|60/100
|-boost|p1b: Koraidon|spe|1
|-damage|p1b: Koraidon|91/100 psn|[from] item: Life Orb
|move|p2b: Weezing|Strange Steam|p1b: Koraidon
|-resisted|p1b: Koraidon
|-damage|p1b: Koraidon|76/100 psn
|
|-weather|SunnyDay|[upkeep]
|-damage|p1b: Koraidon|64/100 psn|[from] psn
|upkeep
|
|t:|1750738932
|switch|p1a: Lunala|Lunala, L50|100/100
|-status|p1a: Lunala|psn
|turn|4
|inactive|antohneo has 30 seconds left.
|
|t:|1750738966
|move|p1b: Koraidon|Flare Blitz|p2a: Koraidon
|-damage|p2a: Koraidon|0 fnt
|faint|p2a: Koraidon
|-damage|p1b: Koraidon|37/100 psn|[from] Recoil
|-damage|p1b: Koraidon|27/100 psn|[from] item: Life Orb
|move|p1a: Lunala|Meteor Beam||[still]
|-prepare|p1a: Lunala|Meteor Beam
|-boost|p1a: Lunala|spa|1
|-enditem|p1a: Lunala|Power Herb
|-anim|p1a: Lunala|Meteor Beam|p2b: Weezing
|-damage|p2b: Weezing|0 fnt
|faint|p2b: Weezing
|-end|p2b: Weezing|ability: Neutralizing Gas
|-activate|p1b: Koraidon|ability: Orichalcum Pulse
|
|-weather|SunnyDay|[upkeep]
|-damage|p1b: Koraidon|15/100 psn|[from] psn
|-damage|p1a: Lunala|88/100 psn|[from] psn
|upkeep
|
|t:|1750738978
|switch|p2a: Chi-Yu|Chi-Yu, L50|100/100
|switch|p2b: Calyrex|Calyrex-Shadow, L50|100/100
|-ability|p2b: Calyrex|As One
|-ability|p2b: Calyrex|Unnerve
|-ability|p2a: Chi-Yu|Beads of Ruin
|turn|5
|inactive|PokemonPerson2 has 30 seconds left.
|inactive|antohneo has 30 seconds left.
|inactive|antohneo has 20 seconds left.
|inactive|antohneo has 15 seconds left.
|inactive|antohneo has 10 seconds left.
|
|t:|1750739024
|move|p1a: Lunala|Wide Guard|p1a: Lunala
|-singleturn|p1a: Lunala|Wide Guard
|move|p1b: Koraidon|Close Combat|p2a: Chi-Yu
|-supereffective|p2a: Chi-Yu
|-damage|p2a: Chi-Yu|0 fnt
|-unboost|p1b: Koraidon|def|1
|-unboost|p1b: Koraidon|spd|1
|faint|p2a: Chi-Yu
|-damage|p1b: Koraidon|6/100 psn|[from] item: Life Orb
|move|p2b: Calyrex|Psychic|p1b: Koraidon
|-damage|p1b: Koraidon|0 fnt
|faint|p1b: Koraidon
|-ability|p2b: Calyrex|Grim Neigh|boost
|-boost|p2b: Calyrex|spa|1
|
|-weather|none
|-damage|p1a: Lunala|76/100 psn|[from] psn
|upkeep
|turn|6
|
|t:|1750739042
|move|p2b: Calyrex|Protect|p2b: Calyrex
|-singleturn|p2b: Calyrex|Protect
|move|p1a: Lunala|Moongeist Beam|p2b: Calyrex
|-activate|p2b: Calyrex|move: Protect
|
|-damage|p1a: Lunala|64/100 psn|[from] psn
|upkeep
|turn|7
|
|t:|1750739051
|move|p1a: Lunala|Wide Guard|p1a: Lunala
|-singleturn|p1a: Lunala|Wide Guard
|move|p2b: Calyrex|Psychic|p1a: Lunala
|-resisted|p1a: Lunala
|-damage|p1a: Lunala|37/100 psn
|
|-damage|p1a: Lunala|25/100 psn|[from] psn
|upkeep
|turn|8
|
|t:|1750739058
|move|p2b: Calyrex|Protect|p2b: Calyrex
|-singleturn|p2b: Calyrex|Protect
|move|p1a: Lunala|Moongeist Beam|p2b: Calyrex
|-activate|p2b: Calyrex|move: Protect
|
|-damage|p1a: Lunala|13/100 psn|[from] psn
|upkeep
|turn|9
|
|t:|1750739071
|move|p2b: Calyrex|Psychic|p1a: Lunala
|-resisted|p1a: Lunala
|-damage|p1a: Lunala|0 fnt
|faint|p1a: Lunala
|
|win|antohneo
|raw|PokemonPerson2's rating: 1254 &rarr; <strong>1231</strong><br />(-23 for losing)
|raw|antohneo's rating: 1278 &rarr; <strong>1301</strong><br />(+23 for winning)
|l|☆PokemonPerson2
|player|p1|
|l|☆antohneo
|player|p2|
