|j|☆Greederus
|j|☆SeanDeMol
|t:|1750875949
|gametype|doubles
|player|p1|Greederus|veteran|1376
|player|p2|SeanDeMol|steven|1464
|teamsize|p1|6
|teamsize|p2|6
|gen|9
|tier|[Gen 9] VGC 2025 Reg I
|rated|
|rule|Species Clause: Limit one of each Pokémon
|rule|Item Clause: Limit 1 of each item
|clearpoke
|poke|p1|Ho-Oh, L50|
|poke|p1|Grimmsnarl, L50, M|
|poke|p1|Incineroar, L50, F|
|poke|p1|Amoonguss, L50, F|
|poke|p1|Miraidon, L50|
|poke|p1|Iron Hands, L50|
|poke|p2|Incineroar, L50, M|
|poke|p2|Urshifu-*, L50, M|
|poke|p2|Miraidon, L50|
|poke|p2|Calyrex-Ice, L50|
|poke|p2|Landorus, L50, M|
|poke|p2|Farigiraf, L50, F|
|teampreview|4
|inactive|Battle timer is ON: inactive players will automatically lose when time's up. (requested by SeanDeMol)
|inactive|Greederus also wants the timer to be on.
Greederus has agreed to open team sheets.
|
|t:|1750875979
|start
|switch|p1a: Grimmsnarl|Grimmsnarl, L50, M|100/100
|switch|p1b: Ho-Oh|Ho-Oh, L50|100/100
|switch|p2a: Miraidon|Miraidon, L50|100/100
|switch|p2b: Calyrex|Calyrex-Ice, L50|100/100
|-ability|p2b: Calyrex|As One
|-ability|p2b: Calyrex|Unnerve
|-fieldstart|move: Electric Terrain|[from] ability: Hadron Engine|[of] p2a: Miraidon
|turn|1
|inactive|Greederus has 30 seconds left.
|inactive|SeanDeMol has 30 seconds left.
|inactive|SeanDeMol has 20 seconds left.
|
|t:|1750876017
|-terastallize|p2b: Calyrex|Water
|move|p1b: Ho-Oh|Protect|p1b: Ho-Oh
|-singleturn|p1b: Ho-Oh|Protect
|move|p1a: Grimmsnarl|Light Screen|p1a: Grimmsnarl
|-sidestart|p1: Greederus|move: Light Screen
|move|p2a: Miraidon|Volt Switch|p1a: Grimmsnarl
|-damage|p1a: Grimmsnarl|47/100
|
|t:|1750876027
|switch|p2a: Farigiraf|Farigiraf, L50, F|100/100|[from] Volt Switch
|-enditem|p2a: Farigiraf|Electric Seed
|-boost|p2a: Farigiraf|def|1|[from] item: Electric Seed
|move|p2b: Calyrex|Trick Room|p2b: Calyrex
|-fieldstart|move: Trick Room|[of] p2b: Calyrex
|
|upkeep
|turn|2
|
|t:|1750876042
|switch|p1b: Incineroar|Incineroar, L50, F|100/100
|-ability|p1b: Incineroar|Intimidate|boost
|-unboost|p2a: Farigiraf|atk|1
|-unboost|p2b: Calyrex|atk|1
|move|p2a: Farigiraf|Helping Hand|p2b: Calyrex
|-singleturn|p2b: Calyrex|Helping Hand|[of] p2a: Farigiraf
|move|p1a: Grimmsnarl|Reflect|p1a: Grimmsnarl
|-sidestart|p1: Greederus|Reflect
|move|p2b: Calyrex|Glacial Lance|p1b: Incineroar|[spread] p1a,p1b
|-resisted|p1b: Incineroar
|-damage|p1a: Grimmsnarl|8/100
|-damage|p1b: Incineroar|89/100
|
|upkeep
|turn|3
|inactive|Greederus has 30 seconds left.
|inactive|SeanDeMol has 30 seconds left.
|
|t:|1750876073
|switch|p1a: Ho-Oh|Ho-Oh, L50|100/100
|switch|p2a: Miraidon|Miraidon, L50|100/100
|-activate|p2a: Miraidon|ability: Hadron Engine
|move|p2b: Calyrex|Leech Seed|p1b: Incineroar
|-start|p1b: Incineroar|move: Leech Seed
|move|p1b: Incineroar|Parting Shot|p2b: Calyrex
|-unboost|p2b: Calyrex|atk|1
|-unboost|p2b: Calyrex|spa|1
|
|t:|1750876088
|switch|p1b: Grimmsnarl|Grimmsnarl, L50, M|8/100|[from] Parting Shot
|
|upkeep
|turn|4
|
|t:|1750876118
|switch|p2b: Farigiraf|Farigiraf, L50, F|100/100
|move|p1a: Ho-Oh|Protect|p1a: Ho-Oh
|-singleturn|p1a: Ho-Oh|Protect
|move|p1b: Grimmsnarl|Spirit Break|p2a: Miraidon
|-supereffective|p2a: Miraidon
|-damage|p2a: Miraidon|47/100
|-unboost|p2a: Miraidon|spa|1
|move|p2a: Miraidon|Volt Switch|p1b: Grimmsnarl
|-damage|p1b: Grimmsnarl|0 fnt
|faint|p1b: Grimmsnarl
|
|t:|1750876132
|switch|p2a: Calyrex|Calyrex-Ice, L50, tera:Water|100/100|[from] Volt Switch
|-ability|p2a: Calyrex|As One
|-ability|p2a: Calyrex|Unnerve
|
|upkeep
|
|t:|1750876136
|switch|p1b: Incineroar|Incineroar, L50, F|89/100
|-ability|p1b: Incineroar|Intimidate|boost
|-unboost|p2a: Calyrex|atk|1
|-unboost|p2b: Farigiraf|atk|1
|turn|5
|
|t:|1750876153
|move|p1b: Incineroar|Snarl|p2b: Farigiraf|[spread] p2a,p2b
|-supereffective|p2b: Farigiraf
|-damage|p2a: Calyrex|94/100
|-damage|p2b: Farigiraf|83/100
|-unboost|p2a: Calyrex|spa|1
|-unboost|p2b: Farigiraf|spa|1
|move|p1a: Ho-Oh|Tailwind|p1a: Ho-Oh
|-sidestart|p1: Greederus|move: Tailwind
|move|p2a: Calyrex|Trick Room|p2a: Calyrex
|-fieldend|move: Trick Room
|move|p2b: Farigiraf|Trick Room|p2b: Farigiraf
|-fieldstart|move: Trick Room|[of] p2b: Farigiraf
|
|-heal|p2a: Calyrex|99/100|[from] item: Leftovers
|-fieldend|move: Electric Terrain
|upkeep
|turn|6
|inactive|Greederus has 30 seconds left.
|
|t:|1750876185
|switch|p2a: Miraidon|Miraidon, L50|47/100
|-fieldstart|move: Electric Terrain|[from] ability: Hadron Engine|[of] p2a: Miraidon
|switch|p2b: Urshifu|Urshifu-Rapid-Strike, L50, M|100/100
|move|p1b: Incineroar|Snarl|p2a: Miraidon|[spread] p2a,p2b
|-resisted|p2b: Urshifu
|-damage|p2a: Miraidon|37/100
|-damage|p2b: Urshifu|93/100
|-unboost|p2a: Miraidon|spa|1
|-unboost|p2b: Urshifu|spa|1
|move|p1a: Ho-Oh|Sacred Fire|p2a: Miraidon
|-resisted|p2a: Miraidon
|-damage|p2a: Miraidon|14/100
|
|upkeep
|turn|7
|inactive|Greederus has 30 seconds left.
|inactive|Greederus has 20 seconds left.
|inactive|SeanDeMol has 30 seconds left.
|inactive|Greederus has 15 seconds left.
|inactive|Greederus has 10 seconds left.
|
|t:|1750876231
|switch|p1a: Miraidon|Miraidon, L50|100/100
|-activate|p1a: Miraidon|ability: Hadron Engine
|move|p1b: Incineroar|Flare Blitz|p2a: Miraidon
|-resisted|p2a: Miraidon
|-damage|p2a: Miraidon|0 fnt
|faint|p2a: Miraidon
|-damage|p1b: Incineroar|84/100|[from] Recoil
|move|p2b: Urshifu|Surging Strikes|p1a: Miraidon
|-resisted|p1a: Miraidon
|-crit|p1a: Miraidon
|-damage|p1a: Miraidon|90/100
|-resisted|p1a: Miraidon
|-crit|p1a: Miraidon
|-damage|p1a: Miraidon|78/100
|-resisted|p1a: Miraidon
|-crit|p1a: Miraidon
|-damage|p1a: Miraidon|66/100
|-hitcount|p1a: Miraidon|3
|
|upkeep
|
|t:|1750876248
|switch|p2a: Calyrex|Calyrex-Ice, L50, tera:Water|99/100
|-ability|p2a: Calyrex|As One
|-ability|p2a: Calyrex|Unnerve
|turn|8
|inactive|Greederus has 30 seconds left.
|inactive|Greederus has 20 seconds left.
|
|t:|1750876286
|-terastallize|p1a: Miraidon|Fairy
|move|p2a: Calyrex|Glacial Lance|p1b: Incineroar|[spread] p1a,p1b
|-resisted|p1b: Incineroar
|-damage|p1a: Miraidon|31/100
|-damage|p1b: Incineroar|72/100
|move|p1b: Incineroar|Parting Shot|p2a: Calyrex
|-unboost|p2a: Calyrex|atk|1
|-unboost|p2a: Calyrex|spa|1
|
|t:|1750876293
|switch|p1b: Ho-Oh|Ho-Oh, L50|100/100|[from] Parting Shot
|move|p2b: Urshifu|Surging Strikes|p1a: Miraidon
|-crit|p1a: Miraidon
|-damage|p1a: Miraidon|6/100
|-crit|p1a: Miraidon
|-damage|p1a: Miraidon|0 fnt
|faint|p1a: Miraidon
|-hitcount|p1: Miraidon|2
|
|-heal|p2a: Calyrex|100/100|[from] item: Leftovers
|-sideend|p1: Greederus|move: Light Screen
|-sideend|p1: Greederus|move: Tailwind
|upkeep
|
|t:|1750876299
|switch|p1a: Incineroar|Incineroar, L50, F|72/100
|-ability|p1a: Incineroar|Intimidate|boost
|-unboost|p2a: Calyrex|atk|1
|-unboost|p2b: Urshifu|atk|1
|turn|9
|inactive|SeanDeMol has 30 seconds left.
|
|t:|1750876328
|switch|p2b: Farigiraf|Farigiraf, L50, F|83/100
|move|p1a: Incineroar|Fake Out||[still]
|cant|p2b: Farigiraf|ability: Armor Tail|Fake Out|[of] p1a: Incineroar
|move|p2a: Calyrex|Leech Seed|p1a: Incineroar
|-start|p1a: Incineroar|move: Leech Seed
|move|p1b: Ho-Oh|Sacred Fire|p2a: Calyrex
|-resisted|p2a: Calyrex
|-damage|p2a: Calyrex|86/100
|
|-heal|p2a: Calyrex|91/100|[from] item: Leftovers
|-damage|p1a: Incineroar|59/100|[from] Leech Seed|[of] p2a: Calyrex
|-heal|p2a: Calyrex|100/100|[silent]
|-sideend|p1: Greederus|Reflect
|-fieldend|move: Trick Room
|upkeep
|turn|10
|
|t:|1750876347
|move|p1b: Ho-Oh|Sacred Fire|p2a: Calyrex
|-resisted|p2a: Calyrex
|-damage|p2a: Calyrex|84/100
|move|p1a: Incineroar|Parting Shot|p2a: Calyrex
|-unboost|p2a: Calyrex|atk|1
|-unboost|p2a: Calyrex|spa|1
|move|p2a: Calyrex|Leech Seed|p1b: Ho-Oh|[miss]
|-miss|p2a: Calyrex|p1b: Ho-Oh
|move|p2b: Farigiraf|Trick Room|p2b: Farigiraf
|-fieldstart|move: Trick Room|[of] p2b: Farigiraf
|
|-heal|p2a: Calyrex|89/100|[from] item: Leftovers
|-damage|p1a: Incineroar|47/100|[from] Leech Seed|[of] p2a: Calyrex
|-heal|p2a: Calyrex|100/100|[silent]
|-fieldend|move: Electric Terrain
|upkeep
|turn|11
|
|t:|1750876371
|move|p2a: Calyrex|Leech Seed|p1b: Ho-Oh
|-start|p1b: Ho-Oh|move: Leech Seed
|move|p1a: Incineroar|Snarl|p2b: Farigiraf|[spread] p2a,p2b
|-supereffective|p2b: Farigiraf
|-damage|p2a: Calyrex|94/100
|-damage|p2b: Farigiraf|65/100
|-unboost|p2a: Calyrex|spa|1
|-unboost|p2b: Farigiraf|spa|1
|move|p2b: Farigiraf|Foul Play|p1a: Incineroar
|-resisted|p1a: Incineroar
|-damage|p1a: Incineroar|38/100
|move|p1b: Ho-Oh|Sacred Fire|p2a: Calyrex
|-resisted|p2a: Calyrex
|-damage|p2a: Calyrex|80/100
|-status|p2a: Calyrex|brn
|
|-heal|p2a: Calyrex|86/100 brn|[from] item: Leftovers
|-damage|p1a: Incineroar|26/100|[from] Leech Seed|[of] p2a: Calyrex
|-heal|p2a: Calyrex|98/100 brn|[silent]
|-damage|p1b: Ho-Oh|88/100|[from] Leech Seed|[of] p2a: Calyrex
|-heal|p2a: Calyrex|100/100 brn|[silent]
|-damage|p2a: Calyrex|95/100 brn|[from] brn
|upkeep
|turn|12
|
|t:|1750876395
|move|p2b: Farigiraf|Helping Hand|p2a: Calyrex
|-singleturn|p2a: Calyrex|Helping Hand|[of] p2b: Farigiraf
|move|p2a: Calyrex|Glacial Lance|p1b: Ho-Oh|[spread] p1a,p1b
|-resisted|p1a: Incineroar
|-damage|p1a: Incineroar|20/100
|-damage|p1b: Ho-Oh|75/100
|move|p1a: Incineroar|Flare Blitz|p2b: Farigiraf
|-damage|p2b: Farigiraf|21/100
|-damage|p1a: Incineroar|5/100|[from] Recoil
|move|p1b: Ho-Oh|Brave Bird|p2a: Calyrex
|-damage|p2a: Calyrex|55/100 brn
|-damage|p1b: Ho-Oh|62/100|[from] Recoil
|
|-heal|p2a: Calyrex|61/100 brn|[from] item: Leftovers
|-damage|p1a: Incineroar|0 fnt|[from] Leech Seed|[of] p2a: Calyrex
|-heal|p2a: Calyrex|65/100 brn|[silent]
|faint|p1a: Incineroar
|-damage|p1b: Ho-Oh|50/100|[from] Leech Seed|[of] p2a: Calyrex
|-heal|p2a: Calyrex|77/100 brn|[silent]
|-damage|p2a: Calyrex|72/100 brn|[from] brn
|upkeep
|turn|13
|-message|Greederus forfeited.
|
|win|SeanDeMol
|raw|Greederus's rating: 1376 &rarr; <strong>1361</strong><br />(-15 for losing)
|raw|SeanDeMol's rating: 1464 &rarr; <strong>1479</strong><br />(+15 for winning)
|l|☆Greederus
|player|p1|
|c|☆SeanDeMol|Gg
