|j|☆Scaramouche_UwU6
|j|☆TheDecommissioner
|t:|1750876626
|gametype|doubles
|player|p1|Scaramouche_UwU6|169|1319
|player|p2|TheDecommissioner|preschooler|1320
|teamsize|p1|6
|teamsize|p2|6
|gen|9
|tier|[Gen 9] VGC 2025 Reg I
|rated|
|rule|Species Clause: Limit one of each Pokémon
|rule|Item Clause: Limit 1 of each item
|clearpoke
|poke|p1|Kingambit, L50, M|
|poke|p1|Whimsicott, L50, M|
|poke|p1|Koraidon, L50|
|poke|p1|Groudon, L50|
|poke|p1|Gothitelle, L50, M|
|poke|p1|Typhlosion-Hisui, L50, M|
|poke|p2|Walking Wake, L50|
|poke|p2|Torkoal, L50, M|
|poke|p2|Indeedee-F, L50, F|
|poke|p2|Koraidon, L50|
|poke|p2|Lilligant-Hisui, L50, F|
|poke|p2|Archaludon, L50, F|
|teampreview|4
|inactive|Battle timer is ON: inactive players will automatically lose when time's up. (requested by TheDecommissioner)
|inactive|Scaramouche_UwU6 has 60 seconds left.
|
|t:|1750876667
|start
|switch|p1a: Typhlosion|Typhlosion-Hisui, L50, M|100/100
|switch|p1b: Whimsicott|Whimsicott, L50, M, shiny|100/100
|switch|p2a: Scotland|Walking Wake, L50|100/100
|switch|p2b: Indeedee|Indeedee-F, L50, F|100/100
|-fieldstart|move: Psychic Terrain|[from] ability: Psychic Surge|[of] p2b: Indeedee
|-enditem|p2a: Scotland|Booster Energy
|-activate|p2a: Scotland|ability: Protosynthesis|[fromitem]
|-start|p2a: Scotland|protosynthesisspe
|turn|1
|
|t:|1750876684
|switch|p1a: Kingambit|Kingambit, L50, M, shiny|100/100
|move|p1b: Whimsicott|Misty Terrain|p1b: Whimsicott
|-fieldstart|move: Misty Terrain
|move|p2a: Scotland|Hydro Steam|p1a: Kingambit
|-damage|p1a: Kingambit|65/100
|move|p2b: Indeedee|Trick Room|p2b: Indeedee
|-fieldstart|move: Trick Room|[of] p2b: Indeedee
|
|upkeep
|turn|2
|
|t:|1750876700
|switch|p2b: Is|Archaludon, L50, F|100/100
|-end|p2a: Scotland|Protosynthesis|[silent]
|switch|p2a: FOREVERR|Torkoal, L50, M, shiny|100/100
|-weather|SunnyDay|[from] ability: Drought|[of] p2a: FOREVERR
|-terastallize|p1a: Kingambit|Dragon
|move|p1b: Whimsicott|Encore||[still]
|-fail|p1b: Whimsicott
|move|p1a: Kingambit|Kowtow Cleave|p2a: FOREVERR
|-damage|p2a: FOREVERR|61/100
|
|-weather|SunnyDay|[upkeep]
|upkeep
|turn|3
|
|t:|1750876726
|switch|p2a: Indeedee|Indeedee-F, L50, F|100/100
|-fieldstart|move: Psychic Terrain|[from] ability: Psychic Surge|[of] p2a: Indeedee
|move|p1b: Whimsicott|Misty Terrain|p1b: Whimsicott
|-fieldstart|move: Misty Terrain
|move|p1a: Kingambit|Kowtow Cleave|p2a: Indeedee
|-supereffective|p2a: Indeedee
|-damage|p2a: Indeedee|0 fnt
|faint|p2a: Indeedee
|move|p2b: Is|Dragon Pulse|p1a: Kingambit
|-supereffective|p1a: Kingambit
|-damage|p1a: Kingambit|34/100
|
|-weather|SunnyDay|[upkeep]
|upkeep
|
|t:|1750876735
|switch|p2a: FOREVERR|Torkoal, L50, M, shiny|61/100
|turn|4
|
|t:|1750876742
|-terastallize|p2a: FOREVERR|Fire
|move|p1a: Kingambit|Sucker Punch|p2a: FOREVERR
|-crit|p2a: FOREVERR
|-damage|p2a: FOREVERR|8/100
|move|p1b: Whimsicott|Encore|p2b: Is
|-start|p2b: Is|Encore
|move|p2a: FOREVERR|Eruption|p1a: Kingambit|[spread] p1a,p1b
|-resisted|p1a: Kingambit
|-supereffective|p1b: Whimsicott
|-damage|p1a: Kingambit|30/100
|-damage|p1b: Whimsicott|78/100
|move|p2b: Is|Dragon Pulse|p1a: Kingambit
|-supereffective|p1a: Kingambit
|-damage|p1a: Kingambit|0 fnt
|faint|p1a: Kingambit
|
|-weather|SunnyDay|[upkeep]
|upkeep
|
|t:|1750876752
|switch|p1a: Groudon|Groudon, L50, shiny|100/100
|turn|5
|
|t:|1750876765
|move|p1a: Groudon|Protect|p1a: Groudon
|-singleturn|p1a: Groudon|Protect
|move|p1b: Whimsicott|Tailwind|p1b: Whimsicott
|-sidestart|p1: Scaramouche_UwU6|move: Tailwind
|move|p2a: FOREVERR|Heat Wave|p1a: Groudon|[spread] p1b
|-activate|p1a: Groudon|move: Protect
|-supereffective|p1b: Whimsicott
|-damage|p1b: Whimsicott|0 fnt
|faint|p1b: Whimsicott
|move|p2b: Is|Dragon Pulse|p1a: Groudon
|-activate|p1a: Groudon|move: Protect
|
|-weather|SunnyDay|[upkeep]
|-fieldend|move: Trick Room
|upkeep
|
|t:|1750876777
|switch|p1b: Typhlosion|Typhlosion-Hisui, L50, M|100/100
|turn|6
|
|t:|1750876786
|move|p2a: FOREVERR|Protect|p2a: FOREVERR
|-singleturn|p2a: FOREVERR|Protect
|move|p1b: Typhlosion|Eruption|p2b: Is|[spread] p2b
|-activate|p2a: FOREVERR|move: Protect
|-damage|p2b: Is|46/100
|-ability|p2b: Is|Stamina|boost
|-boost|p2b: Is|def|1
|move|p1a: Groudon|Precipice Blades|p2a: FOREVERR|[spread] p2b
|-activate|p2a: FOREVERR|move: Protect
|-supereffective|p2b: Is
|-damage|p2b: Is|0 fnt
|faint|p2b: Is
|
|-weather|none
|upkeep
|
|t:|1750876788
|switch|p2b: Scotland|Walking Wake, L50|100/100
|turn|7
|
|t:|1750876805
|move|p1b: Typhlosion|Eruption|p2a: FOREVERR|[spread] p2a,p2b
|-resisted|p2a: FOREVERR
|-resisted|p2b: Scotland
|-damage|p2a: FOREVERR|0 fnt
|-damage|p2b: Scotland|84/100
|faint|p2a: FOREVERR
|move|p1a: Groudon|Precipice Blades|p2b: Scotland
|-damage|p2b: Scotland|0 fnt
|faint|p2b: Scotland
|-end|p2b: Scotland|Protosynthesis|[silent]
|
|win|Scaramouche_UwU6
|raw|Scaramouche_UwU6's rating: 1319 &rarr; <strong>1339</strong><br />(+20 for winning)
|raw|TheDecommissioner's rating: 1320 &rarr; <strong>1300</strong><br />(-20 for losing)
|l|☆TheDecommissioner
|player|p2|
