|j|☆Shaun969
|j|☆ThePhantom6969
|t:|1750834106
|gametype|doubles
|player|p1|Shaun969|2|1242
|player|p2|ThePhantom6969|gambler|1208
|teamsize|p1|6
|teamsize|p2|6
|gen|9
|tier|[Gen 9] VGC 2025 Reg I
|rated|
|rule|Species Clause: Limit one of each Pokémon
|rule|Item Clause: Limit 1 of each item
|clearpoke
|poke|p1|Incineroar, L50, F|
|poke|p1|Calyrex-Shadow, L50|
|poke|p1|Kyogre, L50|
|poke|p1|Sinistcha, L50|
|poke|p1|Grimmsnarl, L50, M|
|poke|p1|Tornadus, L50, M|
|poke|p2|Zekrom, L50|
|poke|p2|Reshiram, L50|
|poke|p2|Incineroar, L50, M|
|poke|p2|Whimsicott, L50, M|
|poke|p2|Farigiraf, L50, F|
|poke|p2|Ursaluna-Bloodmoon, L50, M|
|teampreview|4
|inactive|Battle timer is ON: inactive players will automatically lose when time's up. (requested by Shaun969)
|inactive|Shaun969 has 60 seconds left.
|
|t:|1750834163
|start
|switch|p1a: Kyogre|Kyogre, L50|100/100
|switch|p1b: Tornadus|Tornadus, L50, M|100/100
|switch|p2a: Zekrom|Zekrom, L50|100/100
|switch|p2b: Whimsicott|Whimsicott, L50, M|100/100
|-weather|RainDance|[from] ability: Drizzle|[of] p1a: Kyogre
|-ability|p2a: Zekrom|Teravolt
|turn|1
|inactive|Shaun969 has 30 seconds left.
|inactive|Shaun969 has 20 seconds left.
|inactive|Shaun969 has 15 seconds left.
|inactive|Shaun969 has 10 seconds left.
|
|t:|1750834211
|-terastallize|p1a: Kyogre|Grass
|move|p2b: Whimsicott|Taunt|p1b: Tornadus
|-start|p1b: Tornadus|move: Taunt
|cant|p1b: Tornadus|move: Taunt|Tailwind
|move|p1a: Kyogre|Ice Beam|p2a: Zekrom
|-supereffective|p2a: Zekrom
|-damage|p2a: Zekrom|58/100
|move|p2a: Zekrom|Bolt Strike|p1a: Kyogre
|-resisted|p1a: Kyogre
|-damage|p1a: Kyogre|67/100
|
|-weather|RainDance|[upkeep]
|upkeep
|turn|2
|
|t:|1750834232
|switch|p1b: Incineroar|Incineroar, L50, F|100/100
|-ability|p1b: Incineroar|Intimidate|boost
|-unboost|p2a: Zekrom|atk|1
|-unboost|p2b: Whimsicott|atk|1
|move|p2b: Whimsicott|Tailwind|p2b: Whimsicott
|-sidestart|p2: ThePhantom6969|move: Tailwind
|move|p2a: Zekrom|Dragon Claw|p1a: Kyogre
|-damage|p1a: Kyogre|38/100
|move|p1a: Kyogre|Ice Beam|p2b: Whimsicott
|-supereffective|p2b: Whimsicott
|-damage|p2b: Whimsicott|0 fnt
|faint|p2b: Whimsicott
|
|-weather|RainDance|[upkeep]
|upkeep
|
|t:|1750834247
|switch|p2b: Incineroar|Incineroar, L50, M|100/100
|-ability|p2b: Incineroar|Intimidate|boost
|-unboost|p1a: Kyogre|atk|1
|-unboost|p1b: Incineroar|atk|1
|turn|3
|
|t:|1750834259
|move|p2b: Incineroar|Fake Out|p1a: Kyogre
|-damage|p1a: Kyogre|29/100
|move|p1b: Incineroar|Fake Out|p2a: Zekrom
|-damage|p2a: Zekrom|52/100
|cant|p2a: Zekrom|flinch
|cant|p1a: Kyogre|flinch
|
|-weather|RainDance|[upkeep]
|upkeep
|turn|4
|inactive|Shaun969 has 30 seconds left.
|
|t:|1750834288
|move|p2a: Zekrom|Dragon Claw|p1a: Kyogre
|-damage|p1a: Kyogre|2/100
|move|p2b: Incineroar|Parting Shot|p1b: Incineroar
|-unboost|p1b: Incineroar|atk|1
|-unboost|p1b: Incineroar|spa|1
|
|t:|1750834291
|switch|p2b: Reshiram|Reshiram, L50, shiny|100/100|[from] Parting Shot
|-ability|p2b: Reshiram|Turboblaze
|move|p1a: Kyogre|Ice Beam|p2a: Zekrom
|-supereffective|p2a: Zekrom
|-damage|p2a: Zekrom|11/100
|move|p1b: Incineroar|Knock Off|p2a: Zekrom
|-damage|p2a: Zekrom|0 fnt
|-enditem|p2a: Zekrom|Assault Vest|[from] move: Knock Off|[of] p1b: Incineroar
|faint|p2a: Zekrom
|
|-weather|RainDance|[upkeep]
|upkeep
|
|t:|1750834294
|switch|p2a: Incineroar|Incineroar, L50, M|100/100
|-ability|p2a: Incineroar|Intimidate|boost
|-unboost|p1a: Kyogre|atk|1
|-unboost|p1b: Incineroar|atk|1
|turn|5
|
|t:|1750834312
|move|p2b: Reshiram|Protect|p2b: Reshiram
|-singleturn|p2b: Reshiram|Protect
|move|p2a: Incineroar|Fake Out|p1a: Kyogre
|-damage|p1a: Kyogre|0 fnt
|faint|p1a: Kyogre
|move|p1b: Incineroar|Parting Shot|p2b: Reshiram
|-activate|p2b: Reshiram|move: Protect
|
|-weather|none
|-sideend|p2: ThePhantom6969|move: Tailwind
|upkeep
|
|t:|1750834320
|switch|p1a: Tornadus|Tornadus, L50, M|100/100
|turn|6
|
|t:|1750834332
|move|p1a: Tornadus|Rain Dance|p1a: Tornadus
|-weather|RainDance
|move|p2b: Reshiram|Draco Meteor|p1b: Incineroar
|-damage|p1b: Incineroar|11/100
|-unboost|p2b: Reshiram|spa|2
|-enditem|p1b: Incineroar|Sitrus Berry|[eat]
|-heal|p1b: Incineroar|36/100|[from] item: Sitrus Berry
|-damage|p2b: Reshiram|91/100|[from] item: Life Orb
|move|p1b: Incineroar|Parting Shot|p2b: Reshiram
|-unboost|p2b: Reshiram|atk|1
|-unboost|p2b: Reshiram|spa|1
|-message|ThePhantom6969 forfeited.
|
|win|Shaun969
|raw|Shaun969's rating: 1242 &rarr; <strong>1265</strong><br />(+23 for winning)
|raw|ThePhantom6969's rating: 1208 &rarr; <strong>1185</strong><br />(-23 for losing)
|l|☆ThePhantom6969
|player|p2|
|l|☆Shaun969
|player|p1|
